  <div class='ocr_page' id='page_1' title='image "/cluster/home/n/w/nwhite01/storage/ocr_20150623/115/hvd.32044054759790/535.png"; bbox 0 0 4112 6184; ppageno 0'>
   <div class='ocr_carea' id='block_1_1' title="bbox 566 255 700 311">
    <p class='ocr_par' dir='ltr' id='par_1_1' title="bbox 566 255 700 311">
     <span class='ocr_line' id='line_1_1' title="bbox 566 255 700 311; baseline 0.03 -4"><span class='ocrx_word' id='word_1_1' title='bbox 566 255 700 311; x_wconf 74' lang='lat'><strong>1059</strong></span> 
     </span>
    </p>
   </div>
   <div class='ocr_carea' id='block_1_2' title="bbox 1649 237 2911 317">
    <p class='ocr_par' dir='ltr' id='par_1_2' title="bbox 1649 237 2911 317">
     <span class='ocr_line' id='line_1_2' title="bbox 1649 237 2911 317; baseline -0.008 -1"><span class='ocrx_word' id='word_1_2' title='bbox 1649 262 1702 316; x_wconf 91' lang='lat' dir='ltr'><strong>S.</strong></span> <span class='ocrx_word' id='word_1_3' title='bbox 1746 258 2111 317; x_wconf 81' lang='lat' dir='ltr'><strong>PRUDENTII</strong></span> <span class='ocrx_word' id='word_1_4' title='bbox 2151 252 2526 313; x_wconf 84' lang='lat' dir='ltr'><strong>TRECENSIS</strong></span> <span class='ocrx_word' id='word_1_5' title='bbox 2566 237 2911 306; x_wconf 78' lang='lat' dir='ltr'><strong>EPISCOPI.</strong></span> 
     </span>
    </p>
   </div>
   <div class='ocr_carea' id='block_1_3' title="bbox 3786 246 3883 306">
    <p class='ocr_par' dir='ltr' id='par_1_3' title="bbox 3786 246 3883 306">
     <span class='ocr_line' id='line_1_3' title="bbox 3786 246 3883 306; baseline 0.041 -4"><span class='ocrx_word' id='word_1_6' title='bbox 3786 246 3883 306; x_wconf 74' lang='lat'><strong>1060</strong></span> 
     </span>
    </p>
   </div>
   <div class='ocr_carea' id='block_1_4' title="bbox 562 362 3888 445">
    <p class='ocr_par' dir='ltr' id='par_1_4' title="bbox 562 362 3888 445">
     <span class='ocr_line' id='line_1_4' title="bbox 562 362 3888 445; baseline -0.003 -13"><span class='ocrx_word' id='word_1_7' title='bbox 562 377 769 434; x_wconf 91' lang='lat' dir='ltr'><strong>coruit.</strong></span> <span class='ocrx_word' id='word_1_8' title='bbox 800 379 1085 443; x_wconf 85' lang='lat' dir='ltr'><strong>Quamvis</strong></span> <span class='ocrx_word' id='word_1_9' title='bbox 1134 379 1294 435; x_wconf 92' lang='lat' dir='ltr'><strong>enim</strong></span> <span class='ocrx_word' id='word_1_10' title='bbox 1339 381 1612 438; x_wconf 81' lang='lat' dir='ltr'><strong>rationali</strong></span> <span class='ocrx_word' id='word_1_11' title='bbox 1643 388 1928 441; x_wconf 76' lang='lat' dir='ltr'><strong>creaturae</strong></span> <span class='ocrx_word' id='word_1_12' title='bbox 1968 387 2199 440; x_wconf 84' lang='lat' dir='ltr'><strong>tantum</strong></span> <span class='ocrx_word' id='word_1_13' title='bbox 2231 384 2279 435; x_wconf 82' lang='grc' dir='ltr'><strong>Α</strong></span> <span class='ocrx_word' id='word_1_14' title='bbox 2318 380 2496 445; x_wconf 89' lang='lat' dir='ltr'><strong>creat,</strong></span> <span class='ocrx_word' id='word_1_15' title='bbox 2521 390 2644 430; x_wconf 91' lang='lat' dir='ltr'><strong>non</strong></span> <span class='ocrx_word' id='word_1_16' title='bbox 2677 378 2740 430; x_wconf 90' lang='lat' dir='ltr'><strong>ut</strong></span> <span class='ocrx_word' id='word_1_17' title='bbox 2766 372 3062 441; x_wconf 87' lang='lat' dir='ltr'><strong>homines,</strong></span> <span class='ocrx_word' id='word_1_18' title='bbox 3093 368 3257 442; x_wconf 85' lang='lat' dir='ltr'><strong>quod</strong></span> <span class='ocrx_word' id='word_1_19' title='bbox 3274 369 3403 440; x_wconf 87' lang='lat' dir='ltr'><strong>jam</strong></span> <span class='ocrx_word' id='word_1_20' title='bbox 3432 365 3574 437; x_wconf 86' lang='lat' dir='ltr'><strong>fecit,</strong></span> <span class='ocrx_word' id='word_1_21' title='bbox 3599 362 3692 424; x_wconf 88' lang='lat' dir='ltr'><strong>sed</strong></span> <span class='ocrx_word' id='word_1_22' title='bbox 3707 374 3756 426; x_wconf 91' lang='lat' dir='ltr'><strong>ut</strong></span> <span class='ocrx_word' id='word_1_23' title='bbox 3780 368 3888 428; x_wconf 85' lang='lat' dir='ltr'><strong>boni</strong></span> 
     </span>
    </p>
   </div>
   <div class='ocr_carea' id='block_1_5' title="bbox 560 466 2204 547">
    <p class='ocr_par' dir='ltr' id='par_1_5' title="bbox 560 466 2204 547">
     <span class='ocr_line' id='line_1_5' title="bbox 560 466 2204 547; baseline 0.002 -25"><span class='ocrx_word' id='word_1_24' title='bbox 560 481 804 533; x_wconf 88' lang='lat' dir='ltr'><strong>munus,</strong></span> <span class='ocrx_word' id='word_1_25' title='bbox 837 466 897 522; x_wconf 89' lang='lat' dir='ltr'><strong>id</strong></span> <span class='ocrx_word' id='word_1_26' title='bbox 924 475 1019 524; x_wconf 85' lang='lat' dir='ltr'><strong>est</strong></span> <span class='ocrx_word' id='word_1_27' title='bbox 1044 467 1377 526; x_wconf 87' lang='lat' dir='ltr'><strong>libertatem</strong></span> <span class='ocrx_word' id='word_1_28' title='bbox 1408 471 1653 540; x_wconf 80' lang='lat' dir='ltr'><strong>arbitrii,</strong></span> <span class='ocrx_word' id='word_1_29' title='bbox 1695 475 1849 530; x_wconf 90' lang='lat' dir='ltr'><strong>Deus</strong></span> <span class='ocrx_word' id='word_1_30' title='bbox 1875 472 2204 547; x_wconf 52' lang='lat' dir='ltr'><strong>contulerit,</strong></span> 
     </span>
    </p>
   </div>
   <div class='ocr_carea' id='block_1_6' title="bbox 558 554 2206 635">
    <p class='ocr_par' dir='ltr' id='par_1_6' title="bbox 558 554 2206 635">
     <span class='ocr_line' id='line_1_6' title="bbox 558 554 2206 635; baseline 0.005 -26"><span class='ocrx_word' id='word_1_31' title='bbox 558 554 724 610; x_wconf 90' lang='lat' dir='ltr'><strong>nullo</strong></span> <span class='ocrx_word' id='word_1_32' title='bbox 756 556 939 612; x_wconf 91' lang='lat' dir='ltr'><strong>modo</strong></span> <span class='ocrx_word' id='word_1_33' title='bbox 969 562 1171 614; x_wconf 88' lang='lat' dir='ltr'><strong>tamen</strong></span> <span class='ocrx_word' id='word_1_34' title='bbox 1216 559 1327 615; x_wconf 82' lang='lat' dir='ltr'>sibi</span> <span class='ocrx_word' id='word_1_35' title='bbox 1371 562 1742 635; x_wconf 74' lang='lat' dir='ltr'><strong>coeequalem</strong></span> <span class='ocrx_word' id='word_1_36' title='bbox 1788 564 1979 620; x_wconf 87' lang='lat' dir='ltr'><strong>facere</strong></span> <span class='ocrx_word' id='word_1_37' title='bbox 2003 564 2206 629; x_wconf 75' lang='lat' dir='ltr'><strong>voluit,</strong></span> 
     </span>
    </p>
   </div>
   <div class='ocr_carea' id='block_1_7' title="bbox 557 644 2213 724">
    <p class='ocr_par' dir='ltr' id='par_1_7' title="bbox 557 644 2213 724">
     <span class='ocr_line' id='line_1_7' title="bbox 557 644 2213 724; baseline 0.005 -26"><span class='ocrx_word' id='word_1_38' title='bbox 557 644 706 715; x_wconf 88' lang='lat' dir='ltr'><strong>quin</strong></span> <span class='ocrx_word' id='word_1_39' title='bbox 738 660 973 717; x_wconf 85' lang='lat' dir='ltr'><strong>semper</strong></span> <span class='ocrx_word' id='word_1_40' title='bbox 1002 646 1132 718; x_wconf 89' lang='lat' dir='ltr'><strong>ejus</strong></span> <span class='ocrx_word' id='word_1_41' title='bbox 1154 648 1344 717; x_wconf 88' lang='lat' dir='ltr'><strong>gratia</strong></span> <span class='ocrx_word' id='word_1_42' title='bbox 1366 666 1521 723; x_wconf 91' lang='lat' dir='ltr'><strong>opus</strong></span> <span class='ocrx_word' id='word_1_43' title='bbox 1552 652 1817 720; x_wconf 83' lang='lat' dir='ltr'><strong>haberet,</strong></span> <span class='ocrx_word' id='word_1_44' title='bbox 1841 653 2013 724; x_wconf 78' lang='lat' dir='ltr'><strong>cujus</strong></span> <span class='ocrx_word' id='word_1_45' title='bbox 2044 651 2213 707; x_wconf 91' lang='lat' dir='ltr'><strong>boni-</strong></span> 
     </span>
    </p>
   </div>
   <div class='ocr_carea' id='block_1_8' title="bbox 558 733 2207 813">
    <p class='ocr_par' dir='ltr' id='par_1_8' title="bbox 558 733 2207 813">
     <span class='ocr_line' id='line_1_8' title="bbox 558 733 2207 813; baseline 0.004 -26"><span class='ocrx_word' id='word_1_46' title='bbox 558 734 675 788; x_wconf 89' lang='lat' dir='ltr'><strong>tate</strong></span> <span class='ocrx_word' id='word_1_47' title='bbox 692 733 808 789; x_wconf 93' lang='lat' dir='ltr'><strong>hoc</strong></span> <span class='ocrx_word' id='word_1_48' title='bbox 825 734 1027 807; x_wconf 91' lang='lat' dir='ltr'><strong>ipsum</strong></span> <span class='ocrx_word' id='word_1_49' title='bbox 1054 740 1118 792; x_wconf 90' lang='lat' dir='ltr'><strong>ut</strong></span> <span class='ocrx_word' id='word_1_50' title='bbox 1141 742 1299 794; x_wconf 85' lang='lat' dir='ltr'><strong>esset</strong></span> <span class='ocrx_word' id='word_1_51' title='bbox 1330 745 1387 795; x_wconf 91' lang='lat' dir='ltr'><strong>et</strong></span> <span class='ocrx_word' id='word_1_52' title='bbox 1416 743 1481 794; x_wconf 86' lang='lat' dir='ltr'><strong>ut</strong></span> <span class='ocrx_word' id='word_1_53' title='bbox 1509 739 1856 797; x_wconf 83' lang='lat' dir='ltr'><strong>liberaretur</strong></span> <span class='ocrx_word' id='word_1_54' title='bbox 1875 743 2207 813; x_wconf 86' lang='lat' dir='ltr'><strong>acceperat.</strong></span> 
     </span>
    </p>
   </div>
   <div class='ocr_carea' id='block_1_9' title="bbox 561 822 2210 903">
    <p class='ocr_par' dir='ltr' id='par_1_9' title="bbox 561 822 2210 903">
     <span class='ocr_line' id='line_1_9' title="bbox 561 822 2210 903; baseline 0.004 -25"><span class='ocrx_word' id='word_1_55' title='bbox 561 822 675 878; x_wconf 89' lang='lat' dir='ltr'><strong>Sed</strong></span> <span class='ocrx_word' id='word_1_56' title='bbox 700 839 838 878; x_wconf 90' lang='lat' dir='ltr'><strong>cum</strong></span> <span class='ocrx_word' id='word_1_57' title='bbox 858 823 920 879; x_wconf 91' lang='lat' dir='ltr'><strong>in</strong></span> <span class='ocrx_word' id='word_1_58' title='bbox 952 825 1151 880; x_wconf 84' lang='lat' dir='ltr'><strong>verbis</strong></span> <span class='ocrx_word' id='word_1_59' title='bbox 1189 828 1581 884; x_wconf 85' lang='lat' dir='ltr'><strong>manifestatis</strong></span> <span class='ocrx_word' id='word_1_60' title='bbox 1614 836 1792 903; x_wconf 87' lang='lat' dir='ltr'><strong>atque</strong></span> <span class='ocrx_word' id='word_1_61' title='bbox 1833 830 2210 886; x_wconf 84' lang='lat' dir='ltr'><strong>evidentibus</strong></span> 
     </span>
    </p>
   </div>
   <div class='ocr_carea' id='block_1_10' title="bbox 557 911 2211 992">
    <p class='ocr_par' dir='ltr' id='par_1_10' title="bbox 557 911 2211 992">
     <span class='ocr_line' id='line_1_10' title="bbox 557 911 2211 992; baseline 0.005 -27"><span class='ocrx_word' id='word_1_62' title='bbox 557 911 988 984; x_wconf 83' lang='lat' dir='ltr'><strong>expositionem</strong></span> <span class='ocrx_word' id='word_1_63' title='bbox 1008 916 1481 986; x_wconf 81' lang='lat' dir='ltr'><strong>expravatricem</strong></span> <span class='ocrx_word' id='word_1_64' title='bbox 1510 918 1780 983; x_wconf 86' lang='lat' dir='ltr'><strong>adhibes,</strong></span> <span class='ocrx_word' id='word_1_65' title='bbox 1814 920 2078 992; x_wconf 89' lang='lat' dir='ltr'><strong>profecto</strong></span> <span class='ocrx_word' id='word_1_66' title='bbox 2114 936 2211 974; x_wconf 91' lang='lat' dir='ltr'><strong>ve-</strong></span> 
     </span>
    </p>
   </div>
   <div class='ocr_carea' id='block_1_11' title="bbox 556 996 2212 1065">
    <p class='ocr_par' dir='ltr' id='par_1_11' title="bbox 556 996 2212 1065">
     <span class='ocr_line' id='line_1_11' title="bbox 556 996 2212 1065; baseline 0.005 -11"><span class='ocrx_word' id='word_1_67' title='bbox 556 996 724 1055; x_wconf 80' lang='lat' dir='ltr'><strong>ritate</strong></span> <span class='ocrx_word' id='word_1_68' title='bbox 754 1002 1039 1058; x_wconf 86' lang='lat' dir='ltr'><strong>nebulam</strong></span> <span class='ocrx_word' id='word_1_69' title='bbox 1072 1005 1284 1059; x_wconf 89' lang='lat' dir='ltr'><strong>erroris</strong></span> <span class='ocrx_word' id='word_1_70' title='bbox 1314 1005 1595 1062; x_wconf 87' lang='lat' dir='ltr'><strong>inducere</strong></span> <span class='ocrx_word' id='word_1_71' title='bbox 1628 1009 1885 1064; x_wconf 89' lang='lat' dir='ltr'><strong>conaris.</strong></span> <span class='ocrx_word' id='word_1_72' title='bbox 1917 1012 2031 1065; x_wconf 80' lang='lat' dir='ltr'><strong>Cur</strong></span> <span class='ocrx_word' id='word_1_73' title='bbox 2051 1009 2212 1064; x_wconf 85' lang='lat' dir='ltr'><strong>enim</strong></span> 
     </span>
    </p>
   </div>
   <div class='ocr_carea' id='block_1_12' title="bbox 556 1090 2213 1169">
    <p class='ocr_par' dir='ltr' id='par_1_12' title="bbox 556 1090 2213 1169">
     <span class='ocr_line' id='line_1_12' title="bbox 556 1090 2213 1169; baseline 0.006 -27"><span class='ocrx_word' id='word_1_74' title='bbox 556 1090 949 1161; x_wconf 66' lang='lat' dir='ltr'><strong>precaedeniia</strong></span> <span class='ocrx_word' id='word_1_75' title='bbox 968 1092 1236 1163; x_wconf 86' lang='lat' dir='ltr'><strong>ejusdem</strong></span> <span class='ocrx_word' id='word_1_76' title='bbox 1253 1093 1367 1149; x_wconf 91' lang='lat' dir='ltr'><strong>loci</strong></span> <span class='ocrx_word' id='word_1_77' title='bbox 1391 1112 1461 1151; x_wconf 90' lang='lat' dir='ltr'><strong>ac</strong></span> <span class='ocrx_word' id='word_1_78' title='bbox 1485 1096 1912 1169; x_wconf 87' lang='lat' dir='ltr'><strong>subsequentia</strong></span> <span class='ocrx_word' id='word_1_79' title='bbox 1934 1114 2153 1169; x_wconf 88' lang='lat' dir='ltr'><strong>suppre</strong></span> <span class='ocrx_word' id='word_1_80' title='bbox 2164 1116 2213 1151; x_wconf 87' lang='lat' dir='ltr'><strong>s-</strong></span> 
     </span>
    </p>
   </div>
   <div class='ocr_carea' id='block_1_13' title="bbox 558 1178 2216 1258">
    <p class='ocr_par' dir='ltr' id='par_1_13' title="bbox 558 1178 2216 1258">
     <span class='ocr_line' id='line_1_13' title="bbox 558 1178 2216 1258; baseline 0.005 -26"><span class='ocrx_word' id='word_1_81' title='bbox 558 1178 704 1247; x_wconf 88' lang='lat' dir='ltr'><strong>sisti,</strong></span> <span class='ocrx_word' id='word_1_82' title='bbox 735 1180 956 1252; x_wconf 88' lang='lat' dir='ltr'><strong>quibus</strong></span> <span class='ocrx_word' id='word_1_83' title='bbox 987 1181 1300 1252; x_wconf 79' lang='lat' dir='ltr'><strong>diligenter</strong></span> <span class='ocrx_word' id='word_1_84' title='bbox 1329 1186 1586 1254; x_wconf 84' lang='lat' dir='ltr'><strong>attentis,</strong></span> <span class='ocrx_word' id='word_1_85' title='bbox 1616 1202 1864 1258; x_wconf 87' lang='lat' dir='ltr'><strong>prorsus</strong></span> <span class='ocrx_word' id='word_1_86' title='bbox 1904 1192 2005 1242; x_wconf 90' lang='lat' dir='ltr'><strong>tua</strong></span> <span class='ocrx_word' id='word_1_87' title='bbox 2036 1204 2216 1258; x_wconf 34' lang='lat' dir='ltr'><strong>expc-ﬁ</strong></span> 
     </span>
    </p>
   </div>
   <div class='ocr_carea' id='block_1_14' title="bbox 558 1266 2216 1349">
    <p class='ocr_par' dir='ltr' id='par_1_14' title="bbox 558 1266 2216 1349">
     <span class='ocr_line' id='line_1_14' title="bbox 558 1266 2216 1349; baseline 0.005 -27"><span class='ocrx_word' id='word_1_88' title='bbox 558 1266 708 1335; x_wconf 86' lang='lat' dir='ltr'><strong>sitio,</strong></span> <span class='ocrx_word' id='word_1_89' title='bbox 762 1268 1110 1340; x_wconf 76' lang='lat' dir='ltr'><strong>depravatio</strong></span> <span class='ocrx_word' id='word_1_90' title='bbox 1157 1289 1441 1345; x_wconf 87' lang='lat' dir='ltr'><strong>errorque</strong></span> <span class='ocrx_word' id='word_1_91' title='bbox 1487 1275 1881 1342; x_wconf 83' lang='lat' dir='ltr'><strong>convincitur,</strong></span> <span class='ocrx_word' id='word_1_92' title='bbox 1942 1276 2107 1349; x_wconf 87' lang='lat' dir='ltr'><strong>quod</strong></span> <span class='ocrx_word' id='word_1_93' title='bbox 2153 1280 2216 1330; x_wconf 89' lang='lat' dir='ltr'><strong>ut</strong></span> 
     </span>
    </p>
   </div>
   <div class='ocr_carea' id='block_1_15' title="bbox 556 1357 2216 1433">
    <p class='ocr_par' dir='ltr' id='par_1_15' title="bbox 556 1357 2216 1433">
     <span class='ocr_line' id='line_1_15' title="bbox 556 1357 2216 1433; baseline 0.005 -22"><span class='ocrx_word' id='word_1_94' title='bbox 556 1357 928 1414; x_wconf 87' lang='lat' dir='ltr'><strong>manifestius</strong></span> <span class='ocrx_word' id='word_1_95' title='bbox 957 1360 1080 1429; x_wconf 77' lang='lat' dir='ltr'><strong>fiat,</strong></span> <span class='ocrx_word' id='word_1_96' title='bbox 1117 1367 1307 1416; x_wconf 86' lang='lat' dir='ltr'><strong>totum</strong></span> <span class='ocrx_word' id='word_1_97' title='bbox 1342 1363 1615 1433; x_wconf 76' lang='lat' dir='ltr'><strong>ejusdem</strong></span> <span class='ocrx_word' id='word_1_98' title='bbox 1644 1364 1803 1420; x_wconf 88' lang='lat' dir='ltr'><strong>beati</strong></span> <span class='ocrx_word' id='word_1_99' title='bbox 1826 1365 2027 1431; x_wconf 81' lang='lat' dir='ltr'><strong>Patris,</strong></span> <span class='ocrx_word' id='word_1_100' title='bbox 2063 1365 2216 1420; x_wconf 85' lang='lat' dir='ltr'><strong>sicut</strong></span> 
     </span>
    </p>
   </div>
   <div class='ocr_carea' id='block_1_16' title="bbox 557 1446 2212 1527">
    <p class='ocr_par' dir='ltr' id='par_1_16' title="bbox 557 1446 2212 1527">
     <span class='ocr_line' id='line_1_16' title="bbox 557 1446 2212 1527; baseline 0.004 -26"><span class='ocrx_word' id='word_1_101' title='bbox 557 1446 636 1501; x_wconf 89' lang='lat' dir='ltr'><strong>ab</strong></span> <span class='ocrx_word' id='word_1_102' title='bbox 676 1446 808 1521; x_wconf 79' lang='lat' dir='ltr'><strong>ipso</strong></span> <span class='ocrx_word' id='word_1_103' title='bbox 840 1448 998 1504; x_wconf 88' lang='lat' dir='ltr'><strong>edito</strong></span> <span class='ocrx_word' id='word_1_104' title='bbox 1038 1450 1194 1506; x_wconf 89' lang='lat' dir='ltr'><strong>edita</strong></span> <span class='ocrx_word' id='word_1_105' title='bbox 1231 1456 1338 1523; x_wconf 88' lang='lat' dir='ltr'><strong>est,</strong></span> <span class='ocrx_word' id='word_1_106' title='bbox 1375 1454 1727 1509; x_wconf 80' lang='lat' dir='ltr'><strong>sententiam</strong></span> <span class='ocrx_word' id='word_1_107' title='bbox 1780 1470 2212 1527; x_wconf 80' lang='lat' dir='ltr'><strong>proponamus,</strong></span> 
     </span>
    </p>
   </div>
   <div class='ocr_carea' id='block_1_17' title="bbox 556 1537 1138 1608">
    <p class='ocr_par' dir='ltr' id='par_1_17' title="bbox 556 1537 1138 1608">
     <span class='ocr_line' id='line_1_17' title="bbox 556 1537 1138 1608; baseline 0.007 -18"><span class='ocrx_word' id='word_1_108' title='bbox 556 1552 694 1608; x_wconf 80' lang='lat' dir='ltr'><strong>quae</strong></span> <span class='ocrx_word' id='word_1_109' title='bbox 721 1537 803 1592; x_wconf 87' lang='lat' dir='ltr'><strong>ita</strong></span> <span class='ocrx_word' id='word_1_110' title='bbox 833 1553 893 1592; x_wconf 90' lang='lat' dir='ltr'><strong>se</strong></span> <span class='ocrx_word' id='word_1_111' title='bbox 923 1537 1138 1594; x_wconf 85' lang='lat' dir='ltr'><strong>habet:</strong></span> 
     </span>
    </p>
   </div>
   <div class='ocr_carea' id='block_1_18' title="bbox 630 1627 2214 1704">
    <p class='ocr_par' dir='ltr' id='par_1_18' title="bbox 630 1627 2214 1704">
     <span class='ocr_line' id='line_1_18' title="bbox 630 1627 2214 1704; baseline 0.004 -24"><span class='ocrx_word' id='word_1_112' title='bbox 630 1627 994 1695; x_wconf 80' lang='lat' dir='ltr'><strong>Augustinus</strong></span> <span class='ocrx_word' id='word_1_113' title='bbox 1016 1629 1619 1701; x_wconf 71' lang='lat' dir='ltr'><strong>(Enchir.cap.30.32)</strong></span> <span class='ocrx_word' id='word_1_114' title='bbox 1643 1649 1654 1685; x_wconf 89' lang='lat'><strong>:</strong></span> <span class='ocrx_word' id='word_1_115' title='bbox 1676 1632 1911 1702; x_wconf 90' lang='lat' dir='ltr'><strong>[Verum</strong></span> <span class='ocrx_word' id='word_1_116' title='bbox 1928 1632 2056 1688; x_wconf 69' lang='lat' dir='ltr'><strong>haec</strong></span> <span class='ocrx_word' id='word_1_117' title='bbox 2073 1648 2214 1704; x_wconf 89' lang='lat' dir='ltr'><strong>pars</strong></span> 
     </span>
    </p>
   </div>
   <div class='ocr_carea' id='block_1_19' title="bbox 2317 458 3886 535">
    <p class='ocr_par' dir='ltr' id='par_1_19' title="bbox 2317 458 3886 535">
     <span class='ocr_line' id='line_1_19' title="bbox 2317 458 3886 535; baseline -0.003 -15"><span class='ocrx_word' id='word_1_118' title='bbox 2317 464 2592 521; x_wconf 86' lang='lat' dir='ltr'><strong>homines</strong></span> <span class='ocrx_word' id='word_1_119' title='bbox 2610 464 2821 530; x_wconf 91' lang='lat' dir='ltr'><strong>simus,</strong></span> <span class='ocrx_word' id='word_1_120' title='bbox 2854 460 3021 535; x_wconf 89' lang='lat' dir='ltr'><strong>quod</strong></span> <span class='ocrx_word' id='word_1_121' title='bbox 3050 475 3209 516; x_wconf 90' lang='lat' dir='ltr'><strong>nunc</strong></span> <span class='ocrx_word' id='word_1_122' title='bbox 3241 458 3427 529; x_wconf 85' lang='lat' dir='ltr'><strong>gratia</strong></span> <span class='ocrx_word' id='word_1_123' title='bbox 3450 473 3554 512; x_wconf 88' lang='lat' dir='ltr'><strong>sua</strong></span> <span class='ocrx_word' id='word_1_124' title='bbox 3582 458 3715 519; x_wconf 87' lang='lat' dir='ltr'><strong>fecit,</strong></span> <span class='ocrx_word' id='word_1_125' title='bbox 3746 466 3796 515; x_wconf 91' lang='lat' dir='ltr'><strong>ut</strong></span> <span class='ocrx_word' id='word_1_126' title='bbox 3832 462 3886 516; x_wconf 79' lang='lat' dir='ltr'><strong>si-</strong></span> 
     </span>
    </p>
   </div>
   <div class='ocr_carea' id='block_1_20' title="bbox 2319 550 3890 619">
    <p class='ocr_par' dir='ltr' id='par_1_20' title="bbox 2319 550 3890 619">
     <span class='ocr_line' id='line_1_20' title="bbox 2319 550 3890 619; baseline -0.004 -7"><span class='ocrx_word' id='word_1_127' title='bbox 2319 573 2457 612; x_wconf 89' lang='lat' dir='ltr'><strong>mus</strong></span> <span class='ocrx_word' id='word_1_128' title='bbox 2488 556 2548 610; x_wconf 91' lang='lat' dir='ltr'><strong>in</strong></span> <span class='ocrx_word' id='word_1_129' title='bbox 2575 554 2802 611; x_wconf 81' lang='lat' dir='ltr'><strong>Christo</strong></span> <span class='ocrx_word' id='word_1_130' title='bbox 2855 553 2991 607; x_wconf 88' lang='lat' dir='ltr'><strong>Jesu</strong></span> <span class='ocrx_word' id='word_1_131' title='bbox 3047 566 3205 606; x_wconf 90' lang='lat' dir='ltr'><strong>nova</strong></span> <span class='ocrx_word' id='word_1_132' title='bbox 3259 552 3522 605; x_wconf 88' lang='lat' dir='ltr'><strong>creatura</strong></span> <span class='ocrx_word' id='word_1_133' title='bbox 3550 550 3693 617; x_wconf 86' lang='lat' dir='ltr'><strong>(Gal.</strong></span> <span class='ocrx_word' id='word_1_134' title='bbox 3721 566 3782 613; x_wconf 76' lang='lat' dir='ltr'><strong>vr,</strong></span> <span class='ocrx_word' id='word_1_135' title='bbox 3814 550 3890 619; x_wconf 79' lang='lat'><strong>15),</strong></span> 
     </span>
    </p>
   </div>
   <div class='ocr_carea' id='block_1_21' title="bbox 2321 637 3891 714">
    <p class='ocr_par' dir='ltr' id='par_1_21' title="bbox 2321 637 3891 714">
     <span class='ocr_line' id='line_1_21' title="bbox 2321 637 3891 714; baseline -0.003 -15"><span class='ocrx_word' id='word_1_136' title='bbox 2321 644 2653 699; x_wconf 88' lang='lat' dir='ltr'><strong>secundum</strong></span> <span class='ocrx_word' id='word_1_137' title='bbox 2684 641 2851 714; x_wconf 90' lang='lat' dir='ltr'><strong>quod</strong></span> <span class='ocrx_word' id='word_1_138' title='bbox 2902 640 3129 696; x_wconf 90' lang='lat' dir='ltr'><strong>dictum</strong></span> <span class='ocrx_word' id='word_1_139' title='bbox 3169 642 3289 694; x_wconf 86' lang='lat' dir='ltr'><strong>est:</strong></span> <span class='ocrx_word' id='word_1_140' title='bbox 3336 637 3455 693; x_wconf 88' lang='lat' dir='ltr'><strong>Cor</strong></span> <span class='ocrx_word' id='word_1_141' title='bbox 3502 639 3757 692; x_wconf 80' lang='lat' dir='ltr'><strong>mum/um</strong></span> <span class='ocrx_word' id='word_1_142' title='bbox 3793 655 3891 696; x_wconf 78' lang='lat' dir='ltr'><strong>crea</strong></span> 
     </span>
    </p>
   </div>
   <div class='ocr_carea' id='block_1_22' title="bbox 2319 725 3891 802">
    <p class='ocr_par' dir='ltr' id='par_1_22' title="bbox 2319 725 3891 802">
     <span class='ocr_line' id='line_1_22' title="bbox 2319 725 3891 802; baseline -0.005 -13"><span class='ocrx_word' id='word_1_143' title='bbox 2319 735 2383 789; x_wconf 90' lang='lat' dir='ltr'><strong>in</strong></span> <span class='ocrx_word' id='word_1_144' title='bbox 2430 748 2521 790; x_wconf 89' lang='lat' dir='ltr'><strong>me</strong></span> <span class='ocrx_word' id='word_1_145' title='bbox 2567 733 2725 787; x_wconf 84' lang='lat' dir='ltr'><strong>Deus</strong></span> <span class='ocrx_word' id='word_1_146' title='bbox 2757 732 2946 802; x_wconf 89' lang='lat' dir='ltr'><strong>(Psal.</strong></span> <span class='ocrx_word' id='word_1_147' title='bbox 2982 747 3033 793; x_wconf 88' lang='lat' dir='ltr'><strong>L,</strong></span> <span class='ocrx_word' id='word_1_148' title='bbox 3084 728 3188 800; x_wconf 80' lang='grc'><strong>12).</strong></span> <span class='ocrx_word' id='word_1_149' title='bbox 3244 730 3441 799; x_wconf 74' lang='lat' dir='ltr'><strong>Neque</strong></span> <span class='ocrx_word' id='word_1_150' title='bbox 3476 725 3623 780; x_wconf 90' lang='lat' dir='ltr'><strong>enim</strong></span> <span class='ocrx_word' id='word_1_151' title='bbox 3670 742 3757 781; x_wconf 85' lang='lat' dir='ltr'><strong>cor</strong></span> <span class='ocrx_word' id='word_1_152' title='bbox 3779 729 3891 798; x_wconf 81' lang='lat' dir='ltr'><strong>ejus,</strong></span> 
     </span>
    </p>
   </div>
   <div class='ocr_carea' id='block_1_23' title="bbox 2320 816 3893 895">
    <p class='ocr_par' dir='ltr' id='par_1_23' title="bbox 2320 816 3893 895">
     <span class='ocr_line' id='line_1_23' title="bbox 2320 816 3893 895; baseline -0.003 -16"><span class='ocrx_word' id='word_1_153' title='bbox 2320 828 2616 895; x_wconf 87' lang='lat' dir='ltr'><strong>quantum</strong></span> <span class='ocrx_word' id='word_1_154' title='bbox 2647 822 2902 894; x_wconf 85' lang='lat' dir='ltr'><strong>pertinet</strong></span> <span class='ocrx_word' id='word_1_155' title='bbox 2927 820 3007 876; x_wconf 90' lang='lat' dir='ltr'><strong>ad</strong></span> <span class='ocrx_word' id='word_1_156' title='bbox 3032 824 3309 876; x_wconf 88' lang='lat' dir='ltr'><strong>naturam</strong></span> <span class='ocrx_word' id='word_1_157' title='bbox 3341 816 3534 873; x_wconf 86' lang='lat' dir='ltr'><strong>cordis</strong></span> <span class='ocrx_word' id='word_1_158' title='bbox 3561 817 3893 884; x_wconf 89' lang='lat' dir='ltr'><strong>humani,non</strong></span> 
     </span>
    </p>
   </div>
   <div class='ocr_carea' id='block_1_24' title="bbox 2316 913 2983 985">
    <p class='ocr_par' dir='ltr' id='par_1_24' title="bbox 2316 913 2983 985">
     <span class='ocr_line' id='line_1_24' title="bbox 2316 913 2983 985; baseline -0.006 -17"><span class='ocrx_word' id='word_1_159' title='bbox 2316 914 2443 985; x_wconf 86' lang='lat' dir='ltr'><strong>jam</strong></span> <span class='ocrx_word' id='word_1_160' title='bbox 2476 916 2782 967; x_wconf 85' lang='lat' dir='ltr'><strong>creaverat</strong></span> <span class='ocrx_word' id='word_1_161' title='bbox 2806 913 2983 966; x_wconf 86' lang='lat' dir='ltr'><strong>Deus.</strong></span> 
     </span>
    </p>
   </div>
   <div class='ocr_carea' id='block_1_25' title="bbox 2394 996 3893 1073">
    <p class='ocr_par' dir='ltr' id='par_1_25' title="bbox 2394 996 3893 1073">
     <span class='ocr_line' id='line_1_25' title="bbox 2394 996 3893 1073; baseline -0.005 -16"><span class='ocrx_word' id='word_1_162' title='bbox 2394 1007 2558 1072; x_wconf 88' lang='lat' dir='ltr'><strong>ltem,</strong></span> <span class='ocrx_word' id='word_1_163' title='bbox 2617 1017 2689 1055; x_wconf 92' lang='lat' dir='ltr'><strong>ne</strong></span> <span class='ocrx_word' id='word_1_164' title='bbox 2718 1001 3065 1073; x_wconf 82' lang='lat' dir='ltr'><strong>quisquam,</strong></span> <span class='ocrx_word' id='word_1_165' title='bbox 3097 1002 3153 1053; x_wconf 90' lang='lat' dir='ltr'><strong>et</strong></span> <span class='ocrx_word' id='word_1_166' title='bbox 3191 997 3238 1052; x_wconf 90' lang='lat' dir='ltr'><strong>si</strong></span> <span class='ocrx_word' id='word_1_167' title='bbox 3269 1012 3392 1052; x_wconf 90' lang='lat' dir='ltr'><strong>non</strong></span> <span class='ocrx_word' id='word_1_168' title='bbox 3439 996 3511 1050; x_wconf 89' lang='lat' dir='ltr'><strong>de</strong></span> <span class='ocrx_word' id='word_1_169' title='bbox 3542 996 3805 1067; x_wconf 80' lang='lat' dir='ltr'><strong>operibus,</strong></span> <span class='ocrx_word' id='word_1_170' title='bbox 3843 997 3893 1050; x_wconf 81' lang='lat' dir='ltr'><strong>de</strong></span> 
     </span>
    </p>
   </div>
   <div class='ocr_carea' id='block_1_26' title="bbox 2320 1084 3993 1163">
    <p class='ocr_par' dir='ltr' id='par_1_26' title="bbox 2320 1084 3993 1163">
     <span class='ocr_line' id='line_1_26' title="bbox 2320 1084 3993 1163; baseline -0.004 -18"><span class='ocrx_word' id='word_1_171' title='bbox 2320 1091 2451 1163; x_wconf 90' lang='lat' dir='ltr'><strong>ipso</strong></span> <span class='ocrx_word' id='word_1_172' title='bbox 2484 1091 2764 1160; x_wconf 82' lang='lat' dir='ltr'><strong>glorietur</strong></span> <span class='ocrx_word' id='word_1_173' title='bbox 2810 1090 2998 1145; x_wconf 86' lang='lat' dir='ltr'><strong>libero</strong></span> <span class='ocrx_word' id='word_1_174' title='bbox 3042 1087 3363 1143; x_wconf 75' lang='lat' dir='ltr'><strong>voluntatis</strong></span> <span class='ocrx_word' id='word_1_175' title='bbox 3391 1084 3641 1147; x_wconf 80' lang='lat' dir='ltr'><strong>arbitrio,</strong></span> <span class='ocrx_word' id='word_1_176' title='bbox 3670 1090 3892 1156; x_wconf 85' lang='lat' dir='ltr'><strong>tauquam</strong></span> 
     </span>
    </p>
   </div>
   <div class='ocr_carea' id='block_1_27' title="bbox 2322 1176 3892 1253">
    <p class='ocr_par' dir='ltr' id='par_1_27' title="bbox 2322 1176 3892 1253">
     <span class='ocr_line' id='line_1_27' title="bbox 2322 1176 3892 1253; baseline -0.004 -17"><span class='ocrx_word' id='word_1_177' title='bbox 2322 1181 2400 1236; x_wconf 90' lang='lat' dir='ltr'><strong>ab</strong></span> <span class='ocrx_word' id='word_1_178' title='bbox 2438 1181 2570 1253; x_wconf 90' lang='lat' dir='ltr'><strong>ipso</strong></span> <span class='ocrx_word' id='word_1_179' title='bbox 2601 1180 2846 1253; x_wconf 89' lang='lat' dir='ltr'><strong>incipiat</strong></span> <span class='ocrx_word' id='word_1_180' title='bbox 2891 1179 3192 1247; x_wconf 89' lang='lat' dir='ltr'><strong>meritum,</strong></span> <span class='ocrx_word' id='word_1_181' title='bbox 3226 1177 3317 1231; x_wconf 90' lang='lat' dir='ltr'><strong>cui</strong></span> <span class='ocrx_word' id='word_1_182' title='bbox 3372 1180 3648 1248; x_wconf 87' lang='lat' dir='ltr'><strong>tanquam</strong></span> <span class='ocrx_word' id='word_1_183' title='bbox 3691 1176 3892 1229; x_wconf 85' lang='lat' dir='ltr'><strong>debitum</strong></span> 
     </span>
    </p>
   </div>
   <div class='ocr_carea' id='block_1_28' title="bbox 2320 1263 3891 1341">
    <p class='ocr_par' dir='ltr' id='par_1_28' title="bbox 2320 1263 3891 1341">
     <span class='ocr_line' id='line_1_28' title="bbox 2320 1263 3891 1341; baseline -0.006 -16"><span class='ocrx_word' id='word_1_184' title='bbox 2320 1269 2609 1325; x_wconf 87' lang='lat' dir='ltr'><strong>reddatur</strong></span> <span class='ocrx_word' id='word_1_185' title='bbox 2638 1269 2955 1341; x_wconf 64' lang='lat' dir='ltr'><strong>praemium</strong></span> <span class='ocrx_word' id='word_1_186' title='bbox 2990 1268 3139 1322; x_wconf 88' lang='lat' dir='ltr'><strong>bene</strong></span> <span class='ocrx_word' id='word_1_187' title='bbox 3185 1264 3476 1338; x_wconf 68' lang='lat' dir='ltr'><strong>oper-andi</strong></span> <span class='ocrx_word' id='word_1_188' title='bbox 3524 1266 3644 1335; x_wconf 86' lang='lat' dir='ltr'><strong>ipsa</strong></span> <span class='ocrx_word' id='word_1_189' title='bbox 3678 1263 3891 1327; x_wconf 79' lang='lat' dir='ltr'><strong>libertas;</strong></span> 
     </span>
    </p>
   </div>
   <div class='ocr_carea' id='block_1_29' title="bbox 2322 1354 3891 1428">
    <p class='ocr_par' dir='ltr' id='par_1_29' title="bbox 2322 1354 3891 1428">
     <span class='ocr_line' id='line_1_29' title="bbox 2322 1354 3891 1428; baseline -0.006 -13"><span class='ocrx_word' id='word_1_190' title='bbox 2322 1359 2527 1415; x_wconf 84' lang='lat' dir='ltr'><strong>audiat</strong></span> <span class='ocrx_word' id='word_1_191' title='bbox 2548 1358 2830 1414; x_wconf 86' lang='lat' dir='ltr'><strong>eumdem</strong></span> <span class='ocrx_word' id='word_1_192' title='bbox 2855 1356 3056 1428; x_wconf 70' lang='lat' dir='ltr'><strong>gratiae</strong></span> <span class='ocrx_word' id='word_1_193' title='bbox 3085 1371 3424 1428; x_wconf 69' lang='lat' dir='ltr'><strong>praeconem</strong></span> <span class='ocrx_word' id='word_1_194' title='bbox 3456 1354 3754 1408; x_wconf 81' lang='lat' dir='ltr'><strong>dicentem:</strong></span> <span class='ocrx_word' id='word_1_195' title='bbox 3784 1354 3891 1407; x_wconf 79' lang='lat' dir='ltr'><strong>Deus</strong></span> 
     </span>
    </p>
   </div>
   <div class='ocr_carea' id='block_1_30' title="bbox 2322 1443 3893 1519">
    <p class='ocr_par' dir='ltr' id='par_1_30' title="bbox 2322 1443 3893 1519">
     <span class='ocr_line' id='line_1_30' title="bbox 2322 1443 3893 1519; baseline -0.006 -16"><span class='ocrx_word' id='word_1_196' title='bbox 2322 1454 2405 1505; x_wconf 87' lang='lat' dir='ltr'><strong>est</strong></span> <span class='ocrx_word' id='word_1_197' title='bbox 2431 1450 2586 1503; x_wconf 76' lang='lat' dir='ltr'><strong>enim</strong></span> <span class='ocrx_word' id='word_1_198' title='bbox 2619 1450 2724 1519; x_wconf 88' lang='lat' dir='ltr'><strong>qui</strong></span> <span class='ocrx_word' id='word_1_199' title='bbox 2750 1453 3038 1516; x_wconf 78' lang='lat' dir='ltr'><strong>operatur</strong></span> <span class='ocrx_word' id='word_1_200' title='bbox 3070 1447 3129 1499; x_wconf 74' lang='lat' dir='ltr'><strong>in</strong></span> <span class='ocrx_word' id='word_1_201' title='bbox 3182 1445 3348 1500; x_wconf 83' lang='lat' dir='ltr'><strong>nobis</strong></span> <span class='ocrx_word' id='word_1_202' title='bbox 3384 1450 3433 1499; x_wconf 81' lang='lat' dir='ltr'><strong>et</strong></span> <span class='ocrx_word' id='word_1_203' title='bbox 3469 1444 3608 1498; x_wconf 68' lang='lat' dir='ltr'><strong>velle</strong></span> <span class='ocrx_word' id='word_1_204' title='bbox 3636 1449 3679 1497; x_wconf 83' lang='lat' dir='ltr'><strong>et</strong></span> <span class='ocrx_word' id='word_1_205' title='bbox 3718 1443 3893 1508; x_wconf 54' lang='lat' dir='ltr'><strong>(peruri</strong></span> 
     </span>
    </p>
   </div>
   <div class='ocr_carea' id='block_1_31' title="bbox 2318 1531 3888 1607">
    <p class='ocr_par' dir='ltr' id='par_1_31' title="bbox 2318 1531 3888 1607">
     <span class='ocr_line' id='line_1_31' title="bbox 2318 1531 3888 1607; baseline -0.006 -15"><span class='ocrx_word' id='word_1_206' title='bbox 2318 1553 2430 1607; x_wconf 85' lang='lat' dir='ltr'><strong>pro</strong></span> <span class='ocrx_word' id='word_1_207' title='bbox 2462 1537 2614 1593; x_wconf 82' lang='lat' dir='ltr'><strong>bona</strong></span> <span class='ocrx_word' id='word_1_208' title='bbox 2640 1539 2944 1592; x_wconf 77' lang='lat' dir='ltr'><strong>voluntate</strong></span> <span class='ocrx_word' id='word_1_209' title='bbox 2976 1535 3159 1604; x_wconf 81' lang='lat' dir='ltr'><strong>(Phil.</strong></span> <span class='ocrx_word' id='word_1_210' title='bbox 3191 1551 3248 1597; x_wconf 83' lang='grc' dir='ltr'><strong>ιι,</strong></span> <span class='ocrx_word' id='word_1_211' title='bbox 3281 1537 3385 1599; x_wconf 72' lang='lat' dir='ltr'><strong>l3).</strong></span> <span class='ocrx_word' id='word_1_212' title='bbox 3421 1532 3665 1587; x_wconf 84' lang='lat' dir='ltr'><strong>Etitem:</strong></span> <span class='ocrx_word' id='word_1_213' title='bbox 3696 1531 3888 1585; x_wconf 63' lang='lat' dir='ltr'><strong>Maro-</strong></span> 
     </span>
    </p>
   </div>
   <div class='ocr_carea' id='block_1_32' title="bbox 2324 1621 3888 1697">
    <p class='ocr_par' dir='ltr' id='par_1_32' title="bbox 2324 1621 3888 1697">
     <span class='ocr_line' id='line_1_32' title="bbox 2324 1621 3888 1697; baseline -0.008 -15"><span class='ocrx_word' id='word_1_214' title='bbox 2324 1628 2499 1682; x_wconf 85' lang='lat' dir='ltr'><strong>lentis</strong></span> <span class='ocrx_word' id='word_1_215' title='bbox 2519 1642 2706 1697; x_wconf 82' lang='lat' dir='ltr'><strong>neque</strong></span> <span class='ocrx_word' id='word_1_216' title='bbox 2726 1628 3048 1693; x_wconf 80' lang='lat' dir='ltr'><strong>currentis,</strong></span> <span class='ocrx_word' id='word_1_217' title='bbox 3071 1625 3171 1679; x_wconf 80' lang='lat' dir='ltr'><strong>sed</strong></span> <span class='ocrx_word' id='word_1_218' title='bbox 3194 1623 3521 1679; x_wconf 81' lang='lat' dir='ltr'><strong>miserentis</strong></span> <span class='ocrx_word' id='word_1_219' title='bbox 3543 1633 3618 1676; x_wconf 84' lang='lat' dir='ltr'><strong>est</strong></span> <span class='ocrx_word' id='word_1_220' title='bbox 3654 1621 3742 1675; x_wconf 81' lang='lat' dir='ltr'><strong>Dei</strong></span> <span class='ocrx_word' id='word_1_221' title='bbox 3761 1621 3888 1687; x_wconf 86' lang='lat' dir='ltr'><strong>(Rom.</strong></span> 
     </span>
    </p>
   </div>
   <div class='ocr_carea' id='block_1_33' title="bbox 558 1711 3885 1794">
    <p class='ocr_par' dir='ltr' id='par_1_33' title="bbox 558 1711 3885 1794">
     <span class='ocr_line' id='line_1_33' title="bbox 558 1711 3885 1794; baseline 0 -22"><span class='ocrx_word' id='word_1_222' title='bbox 558 1718 790 1785; x_wconf 75' lang='lat' dir='ltr'><strong>generis</strong></span> <span class='ocrx_word' id='word_1_223' title='bbox 815 1718 1085 1782; x_wconf 87' lang='lat' dir='ltr'><strong>humani,</strong></span> <span class='ocrx_word' id='word_1_224' title='bbox 1121 1720 1216 1775; x_wconf 90' lang='lat' dir='ltr'><strong>cui</strong></span> <span class='ocrx_word' id='word_1_225' title='bbox 1245 1719 1578 1776; x_wconf 84' lang='lat' dir='ltr'><strong>libertatem</strong></span> <span class='ocrx_word' id='word_1_226' title='bbox 1608 1723 1733 1788; x_wconf 85' lang='lat' dir='ltr'><strong>[al.,</strong></span> <span class='ocrx_word' id='word_1_227' title='bbox 1774 1722 2214 1794; x_wconf 84' lang='lat' dir='ltr'><strong>liberationem]</strong></span> <span class='ocrx_word' id='word_1_228' title='bbox 2249 1738 2287 1789; x_wconf 79' lang='grc' dir='ltr'>Β</span> <span class='ocrx_word' id='word_1_229' title='bbox 2327 1735 2407 1788; x_wconf 81' lang='lat' dir='ltr'><strong>ix,</strong></span> <span class='ocrx_word' id='word_1_230' title='bbox 2438 1718 2543 1790; x_wconf 88' lang='grc'><strong>16).</strong></span> <span class='ocrx_word' id='word_1_231' title='bbox 2563 1720 2604 1788; x_wconf 71' lang='lat'><strong>-;~</strong></span> <span class='ocrx_word' id='word_1_232' title='bbox 2637 1718 2821 1772; x_wconf 79' lang='lat' dir='ltr'><strong>Addis</strong></span> <span class='ocrx_word' id='word_1_233' title='bbox 2841 1718 3085 1787; x_wconf 77' lang='lat' dir='ltr'><strong>insuper</strong></span> <span class='ocrx_word' id='word_1_234' title='bbox 3103 1714 3181 1769; x_wconf 89' lang='lat' dir='ltr'><strong>ad</strong></span> <span class='ocrx_word' id='word_1_235' title='bbox 3200 1711 3670 1769; x_wconf 77' lang='lat' dir='ltr'><strong>conﬁrmandum</strong></span> <span class='ocrx_word' id='word_1_236' title='bbox 3692 1724 3885 1765; x_wconf 61' lang='lat' dir='ltr'><strong>errorem</strong></span> 
     </span>
    </p>
   </div>
   <div class='ocr_carea' id='block_1_34' title="bbox 559 1805 2213 1884">
    <p class='ocr_par' dir='ltr' id='par_1_34' title="bbox 559 1805 2213 1884">
     <span class='ocr_line' id='line_1_34' title="bbox 559 1805 2213 1884; baseline 0.004 -25"><span class='ocrx_word' id='word_1_237' title='bbox 559 1805 713 1861; x_wconf 91' lang='lat' dir='ltr'><strong>Deus</strong></span> <span class='ocrx_word' id='word_1_238' title='bbox 727 1822 1101 1879; x_wconf 79' lang='lat' dir='ltr'><strong>regnumque</strong></span> <span class='ocrx_word' id='word_1_239' title='bbox 1123 1809 1409 1880; x_wconf 86' lang='lat' dir='ltr'><strong>promittit</strong></span> <span class='ocrx_word' id='word_1_240' title='bbox 1436 1809 1541 1880; x_wconf 86' lang='lat' dir='ltr'><strong>[al.</strong></span> <span class='ocrx_word' id='word_1_241' title='bbox 1557 1853 1569 1877; x_wconf 94' lang='lat'><strong>,</strong></span> <span class='ocrx_word' id='word_1_242' title='bbox 1585 1811 1877 1884; x_wconf 85' lang='lat' dir='ltr'><strong>promisit]</strong></span> <span class='ocrx_word' id='word_1_243' title='bbox 1900 1816 2213 1875; x_wconf 70' lang='lat' dir='ltr'><strong>aeternum,</strong></span> 
     </span>
    </p>
   </div>
   <div class='ocr_carea' id='block_1_35' title="bbox 558 1896 2212 1972">
    <p class='ocr_par' dir='ltr' id='par_1_35' title="bbox 558 1896 2212 1972">
     <span class='ocr_line' id='line_1_35' title="bbox 558 1896 2212 1972; baseline 0.003 -23"><span class='ocrx_word' id='word_1_244' title='bbox 558 1896 831 1967; x_wconf 88' lang='lat' dir='ltr'><strong>nunquid</strong></span> <span class='ocrx_word' id='word_1_245' title='bbox 860 1898 1080 1951; x_wconf 86' lang='lat' dir='ltr'><strong>meritis</strong></span> <span class='ocrx_word' id='word_1_246' title='bbox 1120 1914 1373 1969; x_wconf 88' lang='lat' dir='ltr'><strong>operum</strong></span> <span class='ocrx_word' id='word_1_247' title='bbox 1406 1915 1653 1954; x_wconf 85' lang='lat' dir='ltr'><strong>suorum</strong></span> <span class='ocrx_word' id='word_1_248' title='bbox 1680 1900 1943 1972; x_wconf 81' lang='lat' dir='ltr'><strong>reparari</strong></span> <span class='ocrx_word' id='word_1_249' title='bbox 1975 1900 2212 1971; x_wconf 81' lang='lat' dir='ltr'><strong>potest?</strong></span> 
     </span>
    </p>
   </div>
   <div class='ocr_carea' id='block_1_36' title="bbox 558 1985 2216 2063">
    <p class='ocr_par' dir='ltr' id='par_1_36' title="bbox 558 1985 2216 2063">
     <span class='ocr_line' id='line_1_36' title="bbox 558 1985 2216 2063; baseline 0.004 -24"><span class='ocrx_word' id='word_1_250' title='bbox 558 1985 903 2050; x_wconf 84' lang='lat' dir='ltr'><strong>Absit.Quid</strong></span> <span class='ocrx_word' id='word_1_251' title='bbox 932 1988 1089 2041; x_wconf 88' lang='lat' dir='ltr'><strong>enim</strong></span> <span class='ocrx_word' id='word_1_252' title='bbox 1124 1987 1265 2043; x_wconf 89' lang='lat' dir='ltr'><strong>boni</strong></span> <span class='ocrx_word' id='word_1_253' title='bbox 1288 1992 1569 2060; x_wconf 88' lang='lat' dir='ltr'><strong>operatur</strong></span> <span class='ocrx_word' id='word_1_254' title='bbox 1600 1991 1971 2063; x_wconf 79' lang='lat' dir='ltr'><strong>[al.,operari</strong></span> <span class='ocrx_word' id='word_1_255' title='bbox 1998 1991 2216 2063; x_wconf 81' lang='lat' dir='ltr'><strong>potest]</strong></span> 
     </span>
    </p>
   </div>
   <div class='ocr_carea' id='block_1_37' title="bbox 558 2074 2217 2151">
    <p class='ocr_par' dir='ltr' id='par_1_37' title="bbox 558 2074 2217 2151">
     <span class='ocr_line' id='line_1_37' title="bbox 558 2074 2217 2151; baseline 0.004 -22"><span class='ocrx_word' id='word_1_256' title='bbox 558 2074 849 2147; x_wconf 88' lang='lat' dir='ltr'><strong>perditus,</strong></span> <span class='ocrx_word' id='word_1_257' title='bbox 881 2074 991 2130; x_wconf 88' lang='lat' dir='ltr'><strong>nisi</strong></span> <span class='ocrx_word' id='word_1_258' title='bbox 1023 2082 1318 2147; x_wconf 88' lang='lat' dir='ltr'><strong>quantum</strong></span> <span class='ocrx_word' id='word_1_259' title='bbox 1347 2077 1521 2134; x_wconf 87' lang='lat' dir='ltr'><strong>fuerit</strong></span> <span class='ocrx_word' id='word_1_260' title='bbox 1546 2095 1581 2134; x_wconf 92' lang='lat' dir='ltr'><strong>a</strong></span> <span class='ocrx_word' id='word_1_261' title='bbox 1615 2078 1947 2150; x_wconf 87' lang='lat' dir='ltr'><strong>perditione</strong></span> <span class='ocrx_word' id='word_1_262' title='bbox 1976 2095 2217 2151; x_wconf 72' lang='lat' dir='ltr'><strong>repara-</strong></span> 
     </span>
    </p>
   </div>
   <div class='ocr_carea' id='block_1_38' title="bbox 558 2162 2216 2240">
    <p class='ocr_par' dir='ltr' id='par_1_38' title="bbox 558 2162 2216 2240">
     <span class='ocr_line' id='line_1_38' title="bbox 558 2162 2216 2240; baseline 0.004 -23"><span class='ocrx_word' id='word_1_263' title='bbox 558 2162 698 2218; x_wconf 81' lang='lat' dir='ltr'><strong>tus?</strong></span> <span class='ocrx_word' id='word_1_264' title='bbox 731 2166 795 2219; x_wconf 88' lang='lat' dir='ltr'><strong>Et</strong></span> <span class='ocrx_word' id='word_1_265' title='bbox 823 2163 937 2220; x_wconf 89' lang='lat' dir='ltr'><strong>hoc</strong></span> <span class='ocrx_word' id='word_1_266' title='bbox 988 2164 1147 2219; x_wconf 87' lang='lat' dir='ltr'><strong>absit</strong></span> <span class='ocrx_word' id='word_1_267' title='bbox 1196 2168 1323 2235; x_wconf 68' lang='lat' dir='ltr'><strong>[al.,</strong></span> <span class='ocrx_word' id='word_1_268' title='bbox 1355 2165 1663 2222; x_wconf 85' lang='lat' dir='ltr'><strong>liberatus.</strong></span> <span class='ocrx_word' id='word_1_269' title='bbox 1700 2168 1982 2240; x_wconf 68' lang='lat' dir='ltr'><strong>Nunquid</strong></span> <span class='ocrx_word' id='word_1_270' title='bbox 2030 2168 2216 2224; x_wconf 89' lang='lat' dir='ltr'><strong>libero</strong></span> 
     </span>
    </p>
   </div>
   <div class='ocr_carea' id='block_1_39' title="bbox 559 2249 2218 2327">
    <p class='ocr_par' dir='ltr' id='par_1_39' title="bbox 559 2249 2218 2327">
     <span class='ocr_line' id='line_1_39' title="bbox 559 2249 2218 2327; baseline 0.004 -20"><span class='ocrx_word' id='word_1_271' title='bbox 559 2249 883 2308; x_wconf 87' lang='lat' dir='ltr'><strong>voluntatis</strong></span> <span class='ocrx_word' id='word_1_272' title='bbox 920 2253 1162 2310; x_wconf 86' lang='lat' dir='ltr'><strong>arbitrio</strong></span> <span class='ocrx_word' id='word_1_273' title='bbox 1179 2256 1205 2310; x_wconf 72' lang='grc' dir='ltr'><strong>ἱ)</strong></span> <span class='ocrx_word' id='word_1_274' title='bbox 1230 2258 1291 2310; x_wconf 89' lang='lat' dir='ltr'><strong>Et</strong></span> <span class='ocrx_word' id='word_1_275' title='bbox 1319 2256 1434 2310; x_wconf 88' lang='lat' dir='ltr'><strong>hoc</strong></span> <span class='ocrx_word' id='word_1_276' title='bbox 1460 2255 1635 2323; x_wconf 84' lang='lat' dir='ltr'><strong>absit,</strong></span> <span class='ocrx_word' id='word_1_277' title='bbox 1663 2258 1832 2327; x_wconf 89' lang='lat' dir='ltr'><strong>etc.]:</strong></span> <span class='ocrx_word' id='word_1_278' title='bbox 1869 2274 2010 2312; x_wconf 90' lang='lat' dir='ltr'><strong>nam</strong></span> <span class='ocrx_word' id='word_1_279' title='bbox 2031 2257 2218 2313; x_wconf 86' lang='lat' dir='ltr'><strong>libero</strong></span> 
     </span>
    </p>
   </div>
   <div class='ocr_carea' id='block_1_40' title="bbox 558 2340 2216 2418">
    <p class='ocr_par' dir='ltr' id='par_1_40' title="bbox 558 2340 2216 2418">
     <span class='ocr_line' id='line_1_40' title="bbox 558 2340 2216 2418; baseline 0.003 -22"><span class='ocrx_word' id='word_1_280' title='bbox 558 2340 801 2397; x_wconf 89' lang='lat' dir='ltr'><strong>arbitrio</strong></span> <span class='ocrx_word' id='word_1_281' title='bbox 830 2340 987 2398; x_wconf 86' lang='lat' dir='ltr'><strong>male</strong></span> <span class='ocrx_word' id='word_1_282' title='bbox 1020 2348 1189 2397; x_wconf 89' lang='lat' dir='ltr'><strong>utens</strong></span> <span class='ocrx_word' id='word_1_283' title='bbox 1219 2343 1402 2399; x_wconf 88' lang='lat' dir='ltr'><strong>homo</strong></span> <span class='ocrx_word' id='word_1_284' title='bbox 1449 2352 1504 2399; x_wconf 90' lang='lat' dir='ltr'><strong>et</strong></span> <span class='ocrx_word' id='word_1_285' title='bbox 1532 2361 1595 2399; x_wconf 91' lang='lat' dir='ltr'><strong>se</strong></span> <span class='ocrx_word' id='word_1_286' title='bbox 1626 2346 1884 2417; x_wconf 88' lang='lat' dir='ltr'><strong>perdidit</strong></span> <span class='ocrx_word' id='word_1_287' title='bbox 1914 2352 1970 2400; x_wconf 88' lang='lat' dir='ltr'><strong>et</strong></span> <span class='ocrx_word' id='word_1_288' title='bbox 1991 2347 2216 2418; x_wconf 89' lang='lat' dir='ltr'><strong>ipsum.</strong></span> 
     </span>
    </p>
   </div>
   <div class='ocr_carea' id='block_1_41' title="bbox 562 2430 2221 2506">
    <p class='ocr_par' dir='ltr' id='par_1_41' title="bbox 562 2430 2221 2506">
     <span class='ocr_line' id='line_1_41' title="bbox 562 2430 2221 2506; baseline 0.002 -19"><span class='ocrx_word' id='word_1_289' title='bbox 562 2430 721 2487; x_wconf 88' lang='lat' dir='ltr'><strong>Sicut</strong></span> <span class='ocrx_word' id='word_1_290' title='bbox 748 2431 908 2486; x_wconf 88' lang='lat' dir='ltr'><strong>enim</strong></span> <span class='ocrx_word' id='word_1_291' title='bbox 948 2432 1051 2504; x_wconf 87' lang='lat' dir='ltr'><strong>qui</strong></span> <span class='ocrx_word' id='word_1_292' title='bbox 1084 2448 1144 2488; x_wconf 91' lang='lat' dir='ltr'><strong>se</strong></span> <span class='ocrx_word' id='word_1_293' title='bbox 1176 2433 1413 2501; x_wconf 85' lang='lat' dir='ltr'><strong>occidit,</strong></span> <span class='ocrx_word' id='word_1_294' title='bbox 1450 2435 1651 2506; x_wconf 90' lang='lat' dir='ltr'><strong>utique</strong></span> <span class='ocrx_word' id='word_1_295' title='bbox 1682 2435 1939 2490; x_wconf 90' lang='lat' dir='ltr'><strong>vivendo</strong></span> <span class='ocrx_word' id='word_1_296' title='bbox 1985 2452 2045 2490; x_wconf 90' lang='lat' dir='ltr'><strong>se</strong></span> <span class='ocrx_word' id='word_1_297' title='bbox 2071 2436 2221 2490; x_wconf 86' lang='lat' dir='ltr'><strong>occi-</strong></span> 
     </span>
    </p>
   </div>
   <div class='ocr_carea' id='block_1_42' title="bbox 559 2519 2222 2595">
    <p class='ocr_par' dir='ltr' id='par_1_42' title="bbox 559 2519 2222 2595">
     <span class='ocr_line' id='line_1_42' title="bbox 559 2519 2222 2595; baseline 0.004 -22"><span class='ocrx_word' id='word_1_298' title='bbox 559 2519 663 2586; x_wconf 85' lang='lat' dir='ltr'><strong>dit,</strong></span> <span class='ocrx_word' id='word_1_299' title='bbox 697 2519 803 2575; x_wconf 89' lang='lat' dir='ltr'><strong>sed</strong></span> <span class='ocrx_word' id='word_1_300' title='bbox 833 2536 896 2575; x_wconf 91' lang='lat' dir='ltr'><strong>se</strong></span> <span class='ocrx_word' id='word_1_301' title='bbox 932 2520 1264 2577; x_wconf 88' lang='lat' dir='ltr'><strong>occidendo</strong></span> <span class='ocrx_word' id='word_1_302' title='bbox 1294 2538 1416 2577; x_wconf 90' lang='lat' dir='ltr'><strong>non</strong></span> <span class='ocrx_word' id='word_1_303' title='bbox 1448 2522 1607 2589; x_wconf 87' lang='lat' dir='ltr'><strong>vivit,</strong></span> <span class='ocrx_word' id='word_1_304' title='bbox 1649 2538 1758 2578; x_wconf 90' lang='lat' dir='ltr'><strong>nec</strong></span> <span class='ocrx_word' id='word_1_305' title='bbox 1790 2523 2060 2595; x_wconf 87' lang='lat' dir='ltr'><strong>seipsum</strong></span> <span class='ocrx_word' id='word_1_306' title='bbox 2111 2539 2222 2595; x_wconf 89' lang='lat' dir='ltr'><strong>po-</strong></span> 
     </span>
    </p>
   </div>
   <div class='ocr_carea' id='block_1_43' title="bbox 561 2607 2222 2683">
    <p class='ocr_par' dir='ltr' id='par_1_43' title="bbox 561 2607 2222 2683">
     <span class='ocr_line' id='line_1_43' title="bbox 561 2607 2222 2683; baseline 0.003 -22"><span class='ocrx_word' id='word_1_307' title='bbox 561 2607 690 2662; x_wconf 88' lang='lat' dir='ltr'><strong>terit</strong></span> <span class='ocrx_word' id='word_1_308' title='bbox 716 2609 1068 2664; x_wconf 88' lang='lat' dir='ltr'><strong>resuscitare</strong></span> <span class='ocrx_word' id='word_1_309' title='bbox 1098 2626 1235 2665; x_wconf 89' lang='lat' dir='ltr'><strong>cum</strong></span> <span class='ocrx_word' id='word_1_310' title='bbox 1267 2610 1580 2666; x_wconf 87' lang='lat' dir='ltr'><strong>occiderit:</strong></span> <span class='ocrx_word' id='word_1_311' title='bbox 1604 2611 1685 2666; x_wconf 88' lang='lat' dir='ltr'><strong>ita</strong></span> <span class='ocrx_word' id='word_1_312' title='bbox 1707 2628 1846 2667; x_wconf 89' lang='lat' dir='ltr'><strong>cum</strong></span> <span class='ocrx_word' id='word_1_313' title='bbox 1871 2611 2062 2667; x_wconf 89' lang='lat' dir='ltr'><strong>libero</strong></span> <span class='ocrx_word' id='word_1_314' title='bbox 2084 2628 2222 2683; x_wconf 84' lang='lat' dir='ltr'><strong>pec-</strong></span> 
     </span>
    </p>
   </div>
   <div class='ocr_carea' id='block_1_44' title="bbox 561 2696 2221 2770">
    <p class='ocr_par' dir='ltr' id='par_1_44' title="bbox 561 2696 2221 2770">
     <span class='ocr_line' id='line_1_44' title="bbox 561 2696 2221 2770; baseline 0.003 -20"><span class='ocrx_word' id='word_1_315' title='bbox 561 2700 796 2751; x_wconf 87' lang='lat' dir='ltr'><strong>caretur</strong></span> <span class='ocrx_word' id='word_1_316' title='bbox 825 2696 1088 2765; x_wconf 87' lang='lat' dir='ltr'><strong>arbitrio,</strong></span> <span class='ocrx_word' id='word_1_317' title='bbox 1115 2699 1332 2755; x_wconf 85' lang='lat' dir='ltr'><strong>victore</strong></span> <span class='ocrx_word' id='word_1_318' title='bbox 1362 2705 1609 2770; x_wconf 90' lang='lat' dir='ltr'><strong>peccato</strong></span> <span class='ocrx_word' id='word_1_319' title='bbox 1637 2699 1930 2755; x_wconf 87' lang='lat' dir='ltr'><strong>amissum</strong></span> <span class='ocrx_word' id='word_1_320' title='bbox 1961 2705 2050 2755; x_wconf 88' lang='lat' dir='ltr'><strong>est</strong></span> <span class='ocrx_word' id='word_1_321' title='bbox 2074 2706 2131 2755; x_wconf 87' lang='lat' dir='ltr'><strong>et</strong></span> <span class='ocrx_word' id='word_1_322' title='bbox 2158 2700 2221 2755; x_wconf 90' lang='lat' dir='ltr'><strong>li-</strong></span> 
     </span>
    </p>
   </div>
   <div class='ocr_carea' id='block_1_45' title="bbox 566 2782 2223 2859">
    <p class='ocr_par' dir='ltr' id='par_1_45' title="bbox 566 2782 2223 2859">
     <span class='ocr_line' id='line_1_45' title="bbox 566 2782 2223 2859; baseline 0.004 -21"><span class='ocrx_word' id='word_1_323' title='bbox 566 2782 781 2840; x_wconf 88' lang='lat' dir='ltr'><strong>berum</strong></span> <span class='ocrx_word' id='word_1_324' title='bbox 814 2784 1162 2842; x_wconf 84' lang='lat' dir='ltr'><strong>arbitrium:</strong></span> <span class='ocrx_word' id='word_1_325' title='bbox 1191 2803 1226 2844; x_wconf 89' lang='lat' dir='ltr'><strong>a</strong></span> <span class='ocrx_word' id='word_1_326' title='bbox 1274 2802 1389 2857; x_wconf 86' lang='lat' dir='ltr'><strong>quo</strong></span> <span class='ocrx_word' id='word_1_327' title='bbox 1432 2790 1586 2843; x_wconf 84' lang='lat' dir='ltr'><strong>enim</strong></span> <span class='ocrx_word' id='word_1_328' title='bbox 1633 2790 1764 2859; x_wconf 87' lang='lat' dir='ltr'><strong>quis</strong></span> <span class='ocrx_word' id='word_1_329' title='bbox 1805 2789 2069 2844; x_wconf 88' lang='lat' dir='ltr'><strong>devictus</strong></span> <span class='ocrx_word' id='word_1_330' title='bbox 2118 2796 2223 2858; x_wconf 75' lang='lat' dir='ltr'><strong>est,</strong></span> 
     </span>
    </p>
   </div>
   <div class='ocr_carea' id='block_1_46' title="bbox 563 2872 2218 2950">
    <p class='ocr_par' dir='ltr' id='par_1_46' title="bbox 563 2872 2218 2950">
     <span class='ocr_line' id='line_1_46' title="bbox 563 2872 2218 2950; baseline 0.004 -22"><span class='ocrx_word' id='word_1_331' title='bbox 563 2872 702 2929; x_wconf 96' lang='lat' dir='ltr'><strong>huic</strong></span> <span class='ocrx_word' id='word_1_332' title='bbox 727 2880 781 2931; x_wconf 87' lang='lat' dir='ltr'><strong>et</strong></span> <span class='ocrx_word' id='word_1_333' title='bbox 801 2890 1007 2933; x_wconf 84' lang='lat' dir='ltr'><strong>servus</strong></span> <span class='ocrx_word' id='word_1_334' title='bbox 1044 2876 1323 2933; x_wconf 77' lang='lat' dir='ltr'><strong>addictus</strong></span> <span class='ocrx_word' id='word_1_335' title='bbox 1347 2882 1453 2932; x_wconf 88' lang='lat' dir='ltr'><strong>est.</strong></span> <span class='ocrx_word' id='word_1_336' title='bbox 1490 2877 1637 2932; x_wconf 86' lang='lat' dir='ltr'><strong>Petri</strong></span> <span class='ocrx_word' id='word_1_337' title='bbox 1666 2882 1820 2933; x_wconf 89' lang='lat' dir='ltr'><strong>certe</strong></span> <span class='ocrx_word' id='word_1_338' title='bbox 1849 2877 2104 2950; x_wconf 88' lang='lat' dir='ltr'><strong>apostoli</strong></span> <span class='ocrx_word' id='word_1_339' title='bbox 2129 2885 2218 2935; x_wconf 87' lang='lat' dir='ltr'><strong>est</strong></span> 
     </span>
    </p>
   </div>
   <div class='ocr_carea' id='block_1_47' title="bbox 559 2962 2217 3041">
    <p class='ocr_par' dir='ltr' id='par_1_47' title="bbox 559 2962 2217 3041">
     <span class='ocr_line' id='line_1_47' title="bbox 559 2962 2217 3041; baseline 0.002 -22"><span class='ocrx_word' id='word_1_340' title='bbox 559 2962 673 3019; x_wconf 90' lang='lat' dir='ltr'><strong>ista</strong></span> <span class='ocrx_word' id='word_1_341' title='bbox 705 2966 996 3021; x_wconf 86' lang='lat' dir='ltr'><strong>sententia</strong></span> <span class='ocrx_word' id='word_1_342' title='bbox 1026 2967 1114 3031; x_wconf 82' lang='lat' dir='ltr'><strong>(II</strong></span> <span class='ocrx_word' id='word_1_343' title='bbox 1132 2966 1296 3021; x_wconf 84' lang='lat' dir='ltr'><strong>Petr.</strong></span> <span class='ocrx_word' id='word_1_344' title='bbox 1330 2980 1395 3035; x_wconf 97' lang='grc' dir='ltr'><strong>ιι,</strong></span> <span class='ocrx_word' id='word_1_345' title='bbox 1430 2967 1544 3037; x_wconf 82' lang='lat' dir='ltr'><strong>t9);</strong></span> <span class='ocrx_word' id='word_1_346' title='bbox 1602 2983 1739 3040; x_wconf 82' lang='lat' dir='ltr'><strong>quae</strong></span> <span class='ocrx_word' id='word_1_347' title='bbox 1779 2978 1918 3024; x_wconf 90' lang='lat' dir='ltr'><strong>cum</strong></span> <span class='ocrx_word' id='word_1_348' title='bbox 1949 2984 2092 3025; x_wconf 87' lang='lat' dir='ltr'><strong>vera</strong></span> <span class='ocrx_word' id='word_1_349' title='bbox 2118 2970 2217 3041; x_wconf 86' lang='lat' dir='ltr'><strong>sit,</strong></span> 
     </span>
    </p>
   </div>
   <div class='ocr_carea' id='block_1_48' title="bbox 559 3053 2222 3128">
    <p class='ocr_par' dir='ltr' id='par_1_48' title="bbox 559 3053 2222 3128">
     <span class='ocr_line' id='line_1_48' title="bbox 559 3053 2222 3128; baseline 0.003 -19"><span class='ocrx_word' id='word_1_350' title='bbox 559 3053 781 3126; x_wconf 84' lang='lat' dir='ltr'><strong>qualis,</strong></span> <span class='ocrx_word' id='word_1_351' title='bbox 814 3070 1047 3128; x_wconf 82' lang='lat' dir='ltr'><strong>quaeso,</strong></span> <span class='ocrx_word' id='word_1_352' title='bbox 1090 3059 1285 3127; x_wconf 85' lang='lat' dir='ltr'><strong>potest</strong></span> <span class='ocrx_word' id='word_1_353' title='bbox 1339 3056 1487 3111; x_wconf 89' lang='lat' dir='ltr'><strong>servi</strong></span> <span class='ocrx_word' id='word_1_354' title='bbox 1533 3056 1756 3113; x_wconf 86' lang='lat' dir='ltr'><strong>addicti</strong></span> <span class='ocrx_word' id='word_1_355' title='bbox 1786 3073 1915 3114; x_wconf 90' lang='lat' dir='ltr'><strong>esse</strong></span> <span class='ocrx_word' id='word_1_356' title='bbox 1960 3058 2222 3126; x_wconf 89' lang='lat' dir='ltr'><strong>libertas,</strong></span> 
     </span>
    </p>
   </div>
   <div class='ocr_carea' id='block_1_49' title="bbox 560 3142 2216 3216">
    <p class='ocr_par' dir='ltr' id='par_1_49' title="bbox 560 3142 2216 3216">
     <span class='ocr_line' id='line_1_49' title="bbox 560 3142 2216 3216; baseline 0.003 -18"><span class='ocrx_word' id='word_1_357' title='bbox 560 3142 673 3198; x_wconf 88' lang='lat' dir='ltr'><strong>nisi</strong></span> <span class='ocrx_word' id='word_1_358' title='bbox 697 3144 947 3216; x_wconf 89' lang='lat' dir='ltr'><strong>quando</strong></span> <span class='ocrx_word' id='word_1_359' title='bbox 961 3159 1099 3199; x_wconf 90' lang='lat' dir='ltr'><strong>eum</strong></span> <span class='ocrx_word' id='word_1_360' title='bbox 1126 3159 1375 3216; x_wconf 87' lang='lat' dir='ltr'><strong>peccare</strong></span> <span class='ocrx_word' id='word_1_361' title='bbox 1393 3144 1664 3202; x_wconf 90' lang='lat' dir='ltr'><strong>delectat.</strong></span> <span class='ocrx_word' id='word_1_362' title='bbox 1692 3146 2031 3203; x_wconf 88' lang='lat' dir='ltr'><strong>Liberaliter</strong></span> <span class='ocrx_word' id='word_1_363' title='bbox 2054 3148 2216 3204; x_wconf 90' lang='lat' dir='ltr'><strong>enim</strong></span> 
     </span>
    </p>
   </div>
   <div class='ocr_carea' id='block_1_50' title="bbox 560 3231 2222 3305">
    <p class='ocr_par' dir='ltr' id='par_1_50' title="bbox 560 3231 2222 3305">
     <span class='ocr_line' id='line_1_50' title="bbox 560 3231 2222 3305; baseline 0.004 -19"><span class='ocrx_word' id='word_1_364' title='bbox 560 3231 737 3288; x_wconf 89' lang='lat' dir='ltr'><strong>servit</strong></span> <span class='ocrx_word' id='word_1_365' title='bbox 762 3233 867 3305; x_wconf 89' lang='lat' dir='ltr'><strong>qui</strong></span> <span class='ocrx_word' id='word_1_366' title='bbox 898 3232 991 3289; x_wconf 88' lang='lat' dir='ltr'><strong>sui</strong></span> <span class='ocrx_word' id='word_1_367' title='bbox 1014 3232 1243 3290; x_wconf 89' lang='lat' dir='ltr'><strong>domini</strong></span> <span class='ocrx_word' id='word_1_368' title='bbox 1276 3232 1643 3291; x_wconf 87' lang='lat' dir='ltr'><strong>voluntatem</strong></span> <span class='ocrx_word' id='word_1_369' title='bbox 1673 3235 1924 3292; x_wconf 90' lang='lat' dir='ltr'><strong>libenter</strong></span> <span class='ocrx_word' id='word_1_370' title='bbox 1952 3237 2110 3293; x_wconf 80' lang='lat' dir='ltr'><strong>facit.</strong></span> <span class='ocrx_word' id='word_1_371' title='bbox 2140 3245 2222 3293; x_wconf 77' lang='lat' dir='ltr'><strong>Ac</strong></span> 
     </span>
    </p>
   </div>
   <div class='ocr_carea' id='block_1_51' title="bbox 558 3322 2220 3400">
    <p class='ocr_par' dir='ltr' id='par_1_51' title="bbox 558 3322 2220 3400">
     <span class='ocr_line' id='line_1_51' title="bbox 558 3322 2220 3400; baseline 0.002 -23"><span class='ocrx_word' id='word_1_372' title='bbox 558 3336 663 3392; x_wconf 90' lang='lat' dir='ltr'><strong>per</strong></span> <span class='ocrx_word' id='word_1_373' title='bbox 692 3322 805 3377; x_wconf 92' lang='lat' dir='ltr'><strong>hoc</strong></span> <span class='ocrx_word' id='word_1_374' title='bbox 828 3322 906 3377; x_wconf 91' lang='lat' dir='ltr'><strong>ad</strong></span> <span class='ocrx_word' id='word_1_375' title='bbox 936 3323 1313 3395; x_wconf 89' lang='lat' dir='ltr'><strong>peccandum</strong></span> <span class='ocrx_word' id='word_1_376' title='bbox 1340 3324 1490 3400; x_wconf 77' lang='lat' dir='ltr'><strong>liber</strong></span> <span class='ocrx_word' id='word_1_377' title='bbox 1506 3329 1610 3391; x_wconf 92' lang='lat' dir='ltr'><strong>est,</strong></span> <span class='ocrx_word' id='word_1_378' title='bbox 1633 3325 1735 3397; x_wconf 89' lang='lat' dir='ltr'><strong>qui</strong></span> <span class='ocrx_word' id='word_1_379' title='bbox 1762 3326 1992 3398; x_wconf 90' lang='lat' dir='ltr'><strong>peccati</strong></span> <span class='ocrx_word' id='word_1_380' title='bbox 2014 3343 2220 3382; x_wconf 89' lang='lat' dir='ltr'><strong>servus</strong></span> 
     </span>
    </p>
   </div>
   <div class='ocr_carea' id='block_1_52' title="bbox 557 3410 2222 3482">
    <p class='ocr_par' dir='ltr' id='par_1_52' title="bbox 557 3410 2222 3482">
     <span class='ocr_line' id='line_1_52' title="bbox 557 3410 2222 3482; baseline 0.004 -18"><span class='ocrx_word' id='word_1_381' title='bbox 557 3414 663 3465; x_wconf 89' lang='lat' dir='ltr'><strong>est.</strong></span> <span class='ocrx_word' id='word_1_382' title='bbox 699 3411 864 3466; x_wconf 89' lang='lat' dir='ltr'><strong>Unde</strong></span> <span class='ocrx_word' id='word_1_383' title='bbox 894 3410 972 3465; x_wconf 90' lang='lat' dir='ltr'><strong>ad</strong></span> <span class='ocrx_word' id='word_1_384' title='bbox 997 3413 1155 3482; x_wconf 88' lang='lat' dir='ltr'><strong>juste</strong></span> <span class='ocrx_word' id='word_1_385' title='bbox 1214 3413 1556 3469; x_wconf 84' lang='lat' dir='ltr'><strong>faciendum</strong></span> <span class='ocrx_word' id='word_1_386' title='bbox 1585 3413 1738 3470; x_wconf 90' lang='lat' dir='ltr'><strong>liber</strong></span> <span class='ocrx_word' id='word_1_387' title='bbox 1794 3430 1917 3470; x_wconf 91' lang='lat' dir='ltr'><strong>non</strong></span> <span class='ocrx_word' id='word_1_388' title='bbox 1949 3415 2074 3481; x_wconf 89' lang='lat' dir='ltr'><strong>erit,</strong></span> <span class='ocrx_word' id='word_1_389' title='bbox 2106 3415 2222 3471; x_wconf 86' lang='lat' dir='ltr'><strong>nisi</strong></span> 
     </span>
    </p>
   </div>
   <div class='ocr_carea' id='block_1_53' title="bbox 559 3496 2217 3573">
    <p class='ocr_par' dir='ltr' id='par_1_53' title="bbox 559 3496 2217 3573">
     <span class='ocr_line' id='line_1_53' title="bbox 559 3496 2217 3573; baseline 0.005 -24"><span class='ocrx_word' id='word_1_390' title='bbox 559 3511 597 3550; x_wconf 90' lang='lat' dir='ltr'><strong>a</strong></span> <span class='ocrx_word' id='word_1_391' title='bbox 646 3500 893 3566; x_wconf 89' lang='lat' dir='ltr'><strong>peccato</strong></span> <span class='ocrx_word' id='word_1_392' title='bbox 923 3496 1233 3562; x_wconf 87' lang='lat' dir='ltr'><strong>liberatus,</strong></span> <span class='ocrx_word' id='word_1_393' title='bbox 1267 3514 1396 3553; x_wconf 75' lang='lat' dir='ltr'><strong>esse</strong></span> <span class='ocrx_word' id='word_1_394' title='bbox 1444 3500 1685 3570; x_wconf 67' lang='lat' dir='ltr'><strong>justitiaa</strong></span> <span class='ocrx_word' id='word_1_395' title='bbox 1714 3502 1958 3573; x_wconf 70' lang='lat' dir='ltr'><strong>cmperit</strong></span> <span class='ocrx_word' id='word_1_396' title='bbox 1989 3518 2217 3558; x_wconf 74' lang='lat' dir='ltr'><strong>servus.</strong></span> 
     </span>
    </p>
   </div>
   <div class='ocr_carea' id='block_1_54' title="bbox 561 3584 2223 3658">
    <p class='ocr_par' dir='ltr' id='par_1_54' title="bbox 561 3584 2223 3658">
     <span class='ocr_line' id='line_1_54' title="bbox 561 3584 2223 3658; baseline 0.006 -22"><span class='ocrx_word' id='word_1_397' title='bbox 561 3586 695 3653; x_wconf 85' lang='lat' dir='ltr'><strong>Ipsa</strong></span> <span class='ocrx_word' id='word_1_398' title='bbox 719 3588 777 3638; x_wconf 88' lang='lat' dir='ltr'><strong>et</strong></span> <span class='ocrx_word' id='word_1_399' title='bbox 812 3598 956 3638; x_wconf 89' lang='lat' dir='ltr'><strong>vera</strong></span> <span class='ocrx_word' id='word_1_400' title='bbox 982 3584 1282 3655; x_wconf 67' lang='lat' dir='ltr'><strong>libertas-l-</strong></span> <span class='ocrx_word' id='word_1_401' title='bbox 1310 3592 1554 3658; x_wconf 88' lang='lat' dir='ltr'><strong>propter</strong></span> <span class='ocrx_word' id='word_1_402' title='bbox 1596 3592 1752 3644; x_wconf 90' lang='lat' dir='ltr'><strong>recte</strong></span> <span class='ocrx_word' id='word_1_403' title='bbox 1781 3587 2039 3645; x_wconf 84' lang='lat' dir='ltr'><strong>faciendi</strong></span> <span class='ocrx_word' id='word_1_404' title='bbox 2079 3591 2223 3646; x_wconf 60' lang='lat' dir='ltr'><strong>laeti-</strong></span> 
     </span>
    </p>
   </div>
   <div class='ocr_carea' id='block_1_55' title="bbox 559 3669 2222 3751">
    <p class='ocr_par' dir='ltr' id='par_1_55' title="bbox 559 3669 2222 3751">
     <span class='ocr_line' id='line_1_55' title="bbox 559 3669 2222 3751; baseline 0.005 -24"><span class='ocrx_word' id='word_1_405' title='bbox 559 3669 724 3737; x_wconf 87' lang='lat' dir='ltr'><strong>tiam,</strong></span> <span class='ocrx_word' id='word_1_406' title='bbox 742 3671 888 3743; x_wconf 87' lang='lat' dir='ltr'><strong>quia</strong></span> <span class='ocrx_word' id='word_1_407' title='bbox 913 3671 1092 3727; x_wconf 87' lang='lat' dir='ltr'><strong>simul</strong></span> <span class='ocrx_word' id='word_1_408' title='bbox 1118 3678 1175 3729; x_wconf 92' lang='lat' dir='ltr'><strong>et</strong></span> <span class='ocrx_word' id='word_1_409' title='bbox 1202 3673 1303 3744; x_wconf 91' lang='lat' dir='ltr'><strong>pia</strong></span> <span class='ocrx_word' id='word_1_410' title='bbox 1319 3673 1590 3741; x_wconf 89' lang='lat' dir='ltr'><strong>servitus,</strong></span> <span class='ocrx_word' id='word_1_411' title='bbox 1613 3682 1857 3749; x_wconf 88' lang='lat' dir='ltr'><strong>propter</strong></span> <span class='ocrx_word' id='word_1_412' title='bbox 1877 3681 2222 3751; x_wconf 67' lang='lat' dir='ltr'><strong>praeceptio-</strong></span> 
     </span>
    </p>
   </div>
   <div class='ocr_carea' id='block_1_56' title="bbox 557 3759 2239 3842">
    <p class='ocr_par' dir='ltr' id='par_1_56' title="bbox 557 3759 2239 3842">
     <span class='ocr_line' id='line_1_56' title="bbox 557 3759 2239 3842; baseline 0.005 -28"><span class='ocrx_word' id='word_1_413' title='bbox 557 3773 707 3815; x_wconf 90' lang='lat' dir='ltr'><strong>num</strong></span> <span class='ocrx_word' id='word_1_414' title='bbox 736 3759 1140 3817; x_wconf 90' lang='lat' dir='ltr'><strong>obedientiam</strong></span> <span class='ocrx_word' id='word_1_415' title='bbox 1170 3762 1302 3834; x_wconf 91' lang='lat' dir='ltr'><strong>[al.,</strong></span> <span class='ocrx_word' id='word_1_416' title='bbox 1348 3763 1490 3818; x_wconf 92' lang='lat' dir='ltr'><strong>recti</strong></span> <span class='ocrx_word' id='word_1_417' title='bbox 1518 3763 1654 3820; x_wconf 88' lang='lat' dir='ltr'><strong>facti</strong></span> <span class='ocrx_word' id='word_1_418' title='bbox 1692 3764 1992 3822; x_wconf 89' lang='lat' dir='ltr'><strong>licentiam</strong></span> <span class='ocrx_word' id='word_1_419' title='bbox 2042 3768 2239 3842; x_wconf 31' lang='lat' dir='ltr'><strong>simul.</strong></span> 
     </span>
    </p>
   </div>
   <div class='ocr_carea' id='block_1_57' title="bbox 556 3850 2221 3925">
    <p class='ocr_par' dir='ltr' id='par_1_57' title="bbox 556 3850 2221 3925">
     <span class='ocr_line' id='line_1_57' title="bbox 556 3850 2221 3925; baseline 0.007 -22"><span class='ocrx_word' id='word_1_420' title='bbox 556 3852 801 3921; x_wconf 89' lang='lat' dir='ltr'><strong>propter</strong></span> <span class='ocrx_word' id='word_1_421' title='bbox 829 3850 1111 3922; x_wconf 82' lang='lat' dir='ltr'><strong>praecepti</strong></span> <span class='ocrx_word' id='word_1_422' title='bbox 1162 3850 1609 3925; x_wconf 86' lang='lat' dir='ltr'><strong>obedientiam].</strong></span> <span class='ocrx_word' id='word_1_423' title='bbox 1646 3854 1761 3911; x_wconf 91' lang='lat' dir='ltr'><strong>Sed</strong></span> <span class='ocrx_word' id='word_1_424' title='bbox 1806 3856 1885 3912; x_wconf 91' lang='lat' dir='ltr'><strong>ad</strong></span> <span class='ocrx_word' id='word_1_425' title='bbox 1927 3856 2084 3913; x_wconf 87' lang='lat' dir='ltr'><strong>bene</strong></span> <span class='ocrx_word' id='word_1_426' title='bbox 2139 3857 2221 3914; x_wconf 89' lang='lat' dir='ltr'><strong>fa-</strong></span> 
     </span>
    </p>
   </div>
   <div class='ocr_carea' id='block_1_58' title="bbox 558 3936 2221 4004">
    <p class='ocr_par' dir='ltr' id='par_1_58' title="bbox 558 3936 2221 4004">
     <span class='ocr_line' id='line_1_58' title="bbox 558 3936 2221 4004; baseline 0.007 -12"><span class='ocrx_word' id='word_1_427' title='bbox 558 3936 839 3994; x_wconf 91' lang='lat' dir='ltr'><strong>ciendum</strong></span> <span class='ocrx_word' id='word_1_428' title='bbox 871 3938 984 3995; x_wconf 90' lang='lat' dir='ltr'><strong>ista</strong></span> <span class='ocrx_word' id='word_1_429' title='bbox 1015 3938 1259 3996; x_wconf 84' lang='lat' dir='ltr'><strong>libertas</strong></span> <span class='ocrx_word' id='word_1_430' title='bbox 1289 3941 1449 3998; x_wconf 91' lang='lat' dir='ltr'><strong>unde</strong></span> <span class='ocrx_word' id='word_1_431' title='bbox 1480 3943 1589 3999; x_wconf 90' lang='lat' dir='ltr'><strong>erit</strong></span> <span class='ocrx_word' id='word_1_432' title='bbox 1630 3943 1869 4000; x_wconf 89' lang='lat' dir='ltr'><strong>homini</strong></span> <span class='ocrx_word' id='word_1_433' title='bbox 1896 3945 2136 4003; x_wconf 85' lang='lat' dir='ltr'><strong>addicto</strong></span> <span class='ocrx_word' id='word_1_434' title='bbox 2166 3951 2221 4004; x_wconf 90' lang='lat' dir='ltr'><strong>et</strong></span> 
     </span>
    </p>
   </div>
   <div class='ocr_carea' id='block_1_59' title="bbox 555 4026 2220 4102">
    <p class='ocr_par' dir='ltr' id='par_1_59' title="bbox 555 4026 2220 4102">
     <span class='ocr_line' id='line_1_59' title="bbox 555 4026 2220 4102; baseline 0.007 -21"><span class='ocrx_word' id='word_1_435' title='bbox 555 4026 957 4095; x_wconf 88' lang='lat' dir='ltr'><strong>vendito,nisi</strong></span> <span class='ocrx_word' id='word_1_436' title='bbox 986 4029 1247 4086; x_wconf 89' lang='lat' dir='ltr'><strong>redimat</strong></span> <span class='ocrx_word' id='word_1_437' title='bbox 1272 4028 1369 4086; x_wconf 90' lang='lat' dir='ltr'><strong>ille</strong></span> <span class='ocrx_word' id='word_1_438' title='bbox 1400 4031 1574 4102; x_wconf 89' lang='lat' dir='ltr'><strong>cujus</strong></span> <span class='ocrx_word' id='word_1_439' title='bbox 1603 4031 1704 4089; x_wconf 89' lang='lat' dir='ltr'><strong>illa</strong></span> <span class='ocrx_word' id='word_1_440' title='bbox 1732 4049 1850 4090; x_wconf 82' lang='lat' dir='ltr'><strong>vox</strong></span> <span class='ocrx_word' id='word_1_441' title='bbox 1873 4039 1962 4090; x_wconf 89' lang='lat' dir='ltr'><strong>est</strong></span> <span class='ocrx_word' id='word_1_442' title='bbox 1987 4053 2000 4090; x_wconf 92' lang='lat'>:</span> <span class='ocrx_word' id='word_1_443' title='bbox 2028 4036 2099 4092; x_wconf 89' lang='lat' dir='ltr'><strong>Si</strong></span> <span class='ocrx_word' id='word_1_444' title='bbox 2121 4052 2220 4093; x_wconf 89' lang='lat' dir='ltr'><strong>vos</strong></span> 
     </span>
    </p>
   </div>
   <div class='ocr_carea' id='block_1_60' title="bbox 555 4113 2217 4190">
    <p class='ocr_par' dir='ltr' id='par_1_60' title="bbox 555 4113 2217 4190">
     <span class='ocr_line' id='line_1_60' title="bbox 555 4113 2217 4190; baseline 0.007 -21"><span class='ocrx_word' id='word_1_445' title='bbox 555 4113 751 4172; x_wconf 86' lang='lat' dir='ltr'><strong>Filius</strong></span> <span class='ocrx_word' id='word_1_446' title='bbox 778 4116 1074 4187; x_wconf 78' lang='lat' dir='ltr'><strong>liberavit,</strong></span> <span class='ocrx_word' id='word_1_447' title='bbox 1107 4124 1250 4175; x_wconf 88' lang='lat' dir='ltr'><strong>tunc</strong></span> <span class='ocrx_word' id='word_1_448' title='bbox 1280 4134 1417 4176; x_wconf 88' lang='lat' dir='ltr'><strong>vere</strong></span> <span class='ocrx_word' id='word_1_449' title='bbox 1449 4120 1629 4178; x_wconf 84' lang='lat' dir='ltr'><strong>liberi</strong></span> <span class='ocrx_word' id='word_1_450' title='bbox 1654 4124 1822 4178; x_wconf 80' lang='lat' dir='ltr'><strong>eritis</strong></span> <span class='ocrx_word' id='word_1_451' title='bbox 1856 4125 2052 4190; x_wconf 83' lang='lat' dir='ltr'><strong>(Joan.</strong></span> <span class='ocrx_word' id='word_1_452' title='bbox 2092 4140 2217 4180; x_wconf 79' lang='lat' dir='ltr'><strong>vim</strong></span> 
     </span>
    </p>
   </div>
   <div class='ocr_carea' id='block_1_61' title="bbox 557 4202 2219 4285">
    <p class='ocr_par' dir='ltr' id='par_1_61' title="bbox 557 4202 2219 4285">
     <span class='ocr_line' id='line_1_61' title="bbox 557 4202 2219 4285; baseline 0.007 -27"><span class='ocrx_word' id='word_1_453' title='bbox 557 4202 666 4275; x_wconf 88' lang='lat'><strong>36).</strong></span> <span class='ocrx_word' id='word_1_454' title='bbox 701 4204 875 4269; x_wconf 87' lang='lat' dir='ltr'><strong>Quod</strong></span> <span class='ocrx_word' id='word_1_455' title='bbox 894 4210 1221 4279; x_wconf 85' lang='lat' dir='ltr'><strong>antequam</strong></span> <span class='ocrx_word' id='word_1_456' title='bbox 1251 4208 1379 4263; x_wconf 77' lang='lat' dir='ltr'><strong>fieri</strong></span> <span class='ocrx_word' id='word_1_457' title='bbox 1409 4208 1471 4264; x_wconf 89' lang='lat' dir='ltr'><strong>in</strong></span> <span class='ocrx_word' id='word_1_458' title='bbox 1500 4209 1745 4266; x_wconf 91' lang='lat' dir='ltr'><strong>homine</strong></span> <span class='ocrx_word' id='word_1_459' title='bbox 1773 4211 2038 4284; x_wconf 86' lang='lat' dir='ltr'><strong>incipiat,</strong></span> <span class='ocrx_word' id='word_1_460' title='bbox 2070 4229 2219 4285; x_wconf 90' lang='lat' dir='ltr'><strong>quo-</strong></span> 
     </span>
    </p>
   </div>
   <div class='ocr_carea' id='block_1_62' title="bbox 557 4291 2215 4371">
    <p class='ocr_par' dir='ltr' id='par_1_62' title="bbox 557 4291 2215 4371">
     <span class='ocr_line' id='line_1_62' title="bbox 557 4291 2215 4371; baseline 0.007 -25"><span class='ocrx_word' id='word_1_461' title='bbox 557 4291 743 4347; x_wconf 89' lang='lat' dir='ltr'><strong>modo</strong></span> <span class='ocrx_word' id='word_1_462' title='bbox 782 4292 1108 4367; x_wconf 87' lang='lat' dir='ltr'><strong>quisquam</strong></span> <span class='ocrx_word' id='word_1_463' title='bbox 1138 4295 1213 4350; x_wconf 92' lang='lat' dir='ltr'><strong>de</strong></span> <span class='ocrx_word' id='word_1_464' title='bbox 1241 4295 1428 4353; x_wconf 91' lang='lat' dir='ltr'><strong>libero</strong></span> <span class='ocrx_word' id='word_1_465' title='bbox 1455 4298 1701 4355; x_wconf 90' lang='lat' dir='ltr'><strong>arbitrio</strong></span> <span class='ocrx_word' id='word_1_466' title='bbox 1726 4299 1789 4354; x_wconf 91' lang='lat' dir='ltr'><strong>in</strong></span> <span class='ocrx_word' id='word_1_467' title='bbox 1814 4299 1978 4355; x_wconf 89' lang='lat' dir='ltr'><strong>bono</strong></span> <span class='ocrx_word' id='word_1_468' title='bbox 2003 4300 2215 4371; x_wconf 51' lang='lat' dir='ltr'><strong>gloria.</strong></span> 
     </span>
    </p>
   </div>
   <div class='ocr_carea' id='block_1_63' title="bbox 556 4383 2211 4460">
    <p class='ocr_par' dir='ltr' id='par_1_63' title="bbox 556 4383 2211 4460">
     <span class='ocr_line' id='line_1_63' title="bbox 556 4383 2211 4460; baseline 0.007 -26"><span class='ocrx_word' id='word_1_469' title='bbox 556 4383 651 4435; x_wconf 88' lang='lat' dir='ltr'><strong>tur</strong></span> <span class='ocrx_word' id='word_1_470' title='bbox 680 4395 879 4454; x_wconf 88' lang='lat' dir='ltr'><strong>opere,</strong></span> <span class='ocrx_word' id='word_1_471' title='bbox 912 4383 1015 4455; x_wconf 91' lang='lat' dir='ltr'><strong>qui</strong></span> <span class='ocrx_word' id='word_1_472' title='bbox 1044 4384 1322 4440; x_wconf 89' lang='lat' dir='ltr'><strong>nondum</strong></span> <span class='ocrx_word' id='word_1_473' title='bbox 1366 4390 1454 4442; x_wconf 89' lang='lat' dir='ltr'><strong>est</strong></span> <span class='ocrx_word' id='word_1_474' title='bbox 1504 4386 1654 4442; x_wconf 89' lang='lat' dir='ltr'><strong>liber</strong></span> <span class='ocrx_word' id='word_1_475' title='bbox 1705 4388 1783 4443; x_wconf 90' lang='lat' dir='ltr'><strong>ad</strong></span> <span class='ocrx_word' id='word_1_476' title='bbox 1835 4389 2211 4460; x_wconf 86' lang='lat' dir='ltr'><strong>Operandum</strong></span> 
     </span>
    </p>
   </div>
   <div class='ocr_carea' id='block_1_64' title="bbox 554 4468 2210 4551">
    <p class='ocr_par' dir='ltr' id='par_1_64' title="bbox 554 4468 2210 4551">
     <span class='ocr_line' id='line_1_64' title="bbox 554 4468 2210 4551; baseline 0.007 -26"><span class='ocrx_word' id='word_1_477' title='bbox 554 4468 730 4542; x_wconf 89' lang='lat' dir='ltr'><strong>bene,</strong></span> <span class='ocrx_word' id='word_1_478' title='bbox 759 4471 875 4527; x_wconf 90' lang='lat' dir='ltr'><strong>nisi</strong></span> <span class='ocrx_word' id='word_1_479' title='bbox 895 4487 958 4528; x_wconf 81' lang='lat' dir='ltr'><strong>se</strong></span> <span class='ocrx_word' id='word_1_480' title='bbox 977 4488 1137 4530; x_wconf 88' lang='lat' dir='ltr'><strong>vana</strong></span> <span class='ocrx_word' id='word_1_481' title='bbox 1156 4474 1439 4546; x_wconf 86' lang='lat' dir='ltr'><strong>superbia</strong></span> <span class='ocrx_word' id='word_1_482' title='bbox 1462 4474 1704 4532; x_wconf 88' lang='lat' dir='ltr'><strong>inﬂatus</strong></span> <span class='ocrx_word' id='word_1_483' title='bbox 1722 4478 2002 4534; x_wconf 83' lang='lat' dir='ltr'><strong>extollat?</strong></span> <span class='ocrx_word' id='word_1_484' title='bbox 2022 4494 2210 4551; x_wconf 90' lang='lat' dir='ltr'><strong>quam</strong></span> 
     </span>
    </p>
   </div>
   <div class='ocr_carea' id='block_1_65' title="bbox 554 4558 2210 4635">
    <p class='ocr_par' dir='ltr' id='par_1_65' title="bbox 554 4558 2210 4635">
     <span class='ocr_line' id='line_1_65' title="bbox 554 4558 2210 4635; baseline 0.006 -20"><span class='ocrx_word' id='word_1_485' title='bbox 554 4558 792 4617; x_wconf 87' lang='lat' dir='ltr'><strong>cohibet</strong></span> <span class='ocrx_word' id='word_1_486' title='bbox 818 4562 1139 4635; x_wconf 80' lang='lat' dir='ltr'><strong>Apostolus</strong></span> <span class='ocrx_word' id='word_1_487' title='bbox 1167 4562 1410 4619; x_wconf 89' lang='lat' dir='ltr'><strong>dicens:</strong></span> <span class='ocrx_word' id='word_1_488' title='bbox 1444 4564 1658 4622; x_wconf 79' lang='lat' dir='ltr'><strong>Gratia</strong></span> <span class='ocrx_word' id='word_1_489' title='bbox 1687 4567 1844 4622; x_wconf 86' lang='lat' dir='ltr'><strong>salvi</strong></span> <span class='ocrx_word' id='word_1_490' title='bbox 1870 4567 2028 4635; x_wconf 84' lang='lat' dir='ltr'><strong>facti</strong></span> <span class='ocrx_word' id='word_1_491' title='bbox 2072 4572 2210 4627; x_wconf 81' lang='lat' dir='ltr'><strong>estis</strong></span> 
     </span>
    </p>
   </div>
   <div class='ocr_carea' id='block_1_66' title="bbox 542 4651 1275 4724">
    <p class='ocr_par' dir='ltr' id='par_1_66' title="bbox 542 4651 1275 4724">
     <span class='ocr_line' id='line_1_66' title="bbox 542 4651 1275 4724; baseline 0.001 -17"><span class='ocrx_word' id='word_1_492' title='bbox 542 4664 660 4719; x_wconf 88' lang='lat' dir='ltr'><strong>per</strong></span> <span class='ocrx_word' id='word_1_493' title='bbox 686 4651 864 4721; x_wconf 81' lang='lat' dir='ltr'><strong>ﬁdem</strong></span> <span class='ocrx_word' id='word_1_494' title='bbox 897 4653 1076 4723; x_wconf 80' lang='lat' dir='ltr'><strong>(Eph.</strong></span> <span class='ocrx_word' id='word_1_495' title='bbox 1109 4668 1169 4724; x_wconf 92' lang='grc' dir='ltr'><strong>ιι,</strong></span> <span class='ocrx_word' id='word_1_496' title='bbox 1197 4652 1275 4724; x_wconf 89' lang='lat'><strong>8).</strong></span> 
     </span>
    </p>
   </div>
   <div class='ocr_carea' id='block_1_67' title="bbox 627 4740 2209 4815">
    <p class='ocr_par' dir='ltr' id='par_1_67' title="bbox 627 4740 2209 4815">
     <span class='ocr_line' id='line_1_67' title="bbox 627 4740 2209 4815; baseline 0.005 -19"><span class='ocrx_word' id='word_1_497' title='bbox 627 4743 692 4797; x_wconf 89' lang='lat' dir='ltr'><strong>Et</strong></span> <span class='ocrx_word' id='word_1_498' title='bbox 718 4756 794 4797; x_wconf 90' lang='lat' dir='ltr'><strong>ne</strong></span> <span class='ocrx_word' id='word_1_499' title='bbox 822 4741 1023 4815; x_wconf 84' lang='lat' dir='ltr'><strong>ipsam</strong></span> <span class='ocrx_word' id='word_1_500' title='bbox 1056 4741 1171 4798; x_wconf 89' lang='lat' dir='ltr'><strong>sibi</strong></span> <span class='ocrx_word' id='word_1_501' title='bbox 1201 4740 1413 4799; x_wconf 87' lang='lat' dir='ltr'><strong>saltem</strong></span> <span class='ocrx_word' id='word_1_502' title='bbox 1442 4742 1624 4799; x_wconf 85' lang='lat' dir='ltr'><strong>ﬁdem</strong></span> <span class='ocrx_word' id='word_1_503' title='bbox 1648 4743 1731 4801; x_wconf 90' lang='lat' dir='ltr'><strong>sic</strong></span> <span class='ocrx_word' id='word_1_504' title='bbox 1747 4744 2025 4803; x_wconf 89' lang='lat' dir='ltr'><strong>homines</strong></span> <span class='ocrx_word' id='word_1_505' title='bbox 2050 4764 2209 4805; x_wconf 87' lang='lat' dir='ltr'><strong>arro-</strong></span> 
     </span>
    </p>
   </div>
   <div class='ocr_carea' id='block_1_68' title="bbox 553 4829 2209 4900">
    <p class='ocr_par' dir='ltr' id='par_1_68' title="bbox 553 4829 2209 4900">
     <span class='ocr_line' id='line_1_68' title="bbox 553 4829 2209 4900; baseline 0.007 -17"><span class='ocrx_word' id='word_1_506' title='bbox 553 4835 785 4898; x_wconf 86' lang='lat' dir='ltr'><strong>garent,</strong></span> <span class='ocrx_word' id='word_1_507' title='bbox 803 4834 868 4885; x_wconf 92' lang='lat' dir='ltr'><strong>ut</strong></span> <span class='ocrx_word' id='word_1_508' title='bbox 884 4846 1008 4887; x_wconf 93' lang='lat' dir='ltr'><strong>non</strong></span> <span class='ocrx_word' id='word_1_509' title='bbox 1034 4829 1428 4900; x_wconf 80' lang='lat' dir='ltr'><strong>intelligerent</strong></span> <span class='ocrx_word' id='word_1_510' title='bbox 1446 4830 1732 4891; x_wconf 84' lang='lat' dir='ltr'><strong>divinitus</strong></span> <span class='ocrx_word' id='word_1_511' title='bbox 1760 4849 1888 4890; x_wconf 89' lang='lat' dir='ltr'><strong>esse</strong></span> <span class='ocrx_word' id='word_1_512' title='bbox 1917 4835 2209 4894; x_wconf 89' lang='lat' dir='ltr'><strong>donatam</strong></span> 
     </span>
    </p>
   </div>
   <div class='ocr_carea' id='block_1_69' title="bbox 553 4914 2208 4995">
    <p class='ocr_par' dir='ltr' id='par_1_69' title="bbox 553 4914 2208 4995">
     <span class='ocr_line' id='line_1_69' title="bbox 553 4914 2208 4995; baseline 0.008 -26"><span class='ocrx_word' id='word_1_513' title='bbox 553 4914 703 4972; x_wconf 89' lang='lat' dir='ltr'><strong>sicut</strong></span> <span class='ocrx_word' id='word_1_514' title='bbox 728 4917 890 4973; x_wconf 90' lang='lat' dir='ltr'><strong>idem</strong></span> <span class='ocrx_word' id='word_1_515' title='bbox 932 4920 1254 4991; x_wconf 85' lang='lat' dir='ltr'><strong>Apostolus</strong></span> <span class='ocrx_word' id='word_1_516' title='bbox 1284 4919 1399 4979; x_wconf 90' lang='lat' dir='ltr'><strong>alio</strong></span> <span class='ocrx_word' id='word_1_517' title='bbox 1435 4920 1569 4978; x_wconf 94' lang='lat' dir='ltr'><strong>loco</strong></span> <span class='ocrx_word' id='word_1_518' title='bbox 1612 4922 1757 4980; x_wconf 90' lang='lat' dir='ltr'><strong>dicit</strong></span> <span class='ocrx_word' id='word_1_519' title='bbox 1794 4941 1876 4995; x_wconf 89' lang='lat' dir='ltr'><strong>se,</strong></span> <span class='ocrx_word' id='word_1_520' title='bbox 1924 4930 1989 4983; x_wconf 89' lang='lat' dir='ltr'><strong>ut</strong></span> <span class='ocrx_word' id='word_1_521' title='bbox 2014 4925 2208 4983; x_wconf 88' lang='lat' dir='ltr'><strong>ﬁdelis</strong></span> 
     </span>
    </p>
   </div>
   <div class='ocr_carea' id='block_1_70' title="bbox 551 5005 2205 5087">
    <p class='ocr_par' dir='ltr' id='par_1_70' title="bbox 551 5005 2205 5087">
     <span class='ocr_line' id='line_1_70' title="bbox 551 5005 2205 5087; baseline 0.009 -29"><span class='ocrx_word' id='word_1_522' title='bbox 551 5007 728 5075; x_wconf 89' lang='lat' dir='ltr'><strong>esset,</strong></span> <span class='ocrx_word' id='word_1_523' title='bbox 778 5005 1204 5087; x_wconf 85' lang='lat' dir='ltr'><strong>misecordiam</strong></span> <span class='ocrx_word' id='word_1_524' title='bbox 1254 5016 1645 5068; x_wconf 87' lang='lat' dir='ltr'><strong>consecutum</strong></span> <span class='ocrx_word' id='word_1_525' title='bbox 1701 5014 1761 5085; x_wconf 93' lang='grc' dir='ltr'><strong>(Ι</strong></span> <span class='ocrx_word' id='word_1_526' title='bbox 1785 5015 1923 5072; x_wconf 86' lang='lat' dir='ltr'><strong>Cor.</strong></span> <span class='ocrx_word' id='word_1_527' title='bbox 1954 5031 2058 5085; x_wconf 89' lang='lat' dir='ltr'><strong>vn,</strong></span> <span class='ocrx_word' id='word_1_528' title='bbox 2092 5016 2205 5087; x_wconf 74' lang='lat'><strong>25),</strong></span> 
     </span>
    </p>
   </div>
   <div class='ocr_carea' id='block_1_71' title="bbox 550 5086 2208 5174">
    <p class='ocr_par' dir='ltr' id='par_1_71' title="bbox 550 5086 2208 5174">
     <span class='ocr_line' id='line_1_71' title="bbox 550 5086 2208 5174; baseline 0.009 -25"><span class='ocrx_word' id='word_1_529' title='bbox 550 5092 647 5150; x_wconf 90' lang='lat' dir='ltr'><strong>hic</strong></span> <span class='ocrx_word' id='word_1_530' title='bbox 676 5086 920 5169; x_wconf 79' lang='lat' dir='ltr'><strong>quoque</strong></span> <span class='ocrx_word' id='word_1_531' title='bbox 952 5097 1227 5171; x_wconf 84' lang='lat' dir='ltr'><strong>adjunxit</strong></span> <span class='ocrx_word' id='word_1_532' title='bbox 1282 5105 1463 5174; x_wconf 89' lang='lat' dir='ltr'><strong>atque</strong></span> <span class='ocrx_word' id='word_1_533' title='bbox 1518 5102 1637 5160; x_wconf 91' lang='lat' dir='ltr'><strong>ait:</strong></span> <span class='ocrx_word' id='word_1_534' title='bbox 1693 5104 1770 5161; x_wconf 85' lang='lat' dir='ltr'><strong>Et</strong></span> <span class='ocrx_word' id='word_1_535' title='bbox 1811 5105 1923 5161; x_wconf 86' lang='lat' dir='ltr'><strong>hoc</strong></span> <span class='ocrx_word' id='word_1_536' title='bbox 1976 5120 2096 5160; x_wconf 86' lang='lat' dir='ltr'><strong>non</strong></span> <span class='ocrx_word' id='word_1_537' title='bbox 2133 5120 2208 5164; x_wconf 69' lang='lat' dir='ltr'><strong>ex</strong></span> 
     </span>
    </p>
   </div>
   <div class='ocr_carea' id='block_1_72' title="bbox 553 5183 2208 5263">
    <p class='ocr_par' dir='ltr' id='par_1_72' title="bbox 553 5183 2208 5263">
     <span class='ocr_line' id='line_1_72' title="bbox 553 5183 2208 5263; baseline 0.007 -23"><span class='ocrx_word' id='word_1_538' title='bbox 553 5183 714 5242; x_wconf 78' lang='lat' dir='ltr'><strong>vobis</strong></span> <span class='ocrx_word' id='word_1_539' title='bbox 743 5186 846 5242; x_wconf 88' lang='lat' dir='ltr'><strong>sed</strong></span> <span class='ocrx_word' id='word_1_540' title='bbox 879 5187 992 5245; x_wconf 87' lang='lat' dir='ltr'><strong>Dei</strong></span> <span class='ocrx_word' id='word_1_541' title='bbox 1046 5189 1270 5246; x_wconf 86' lang='lat' dir='ltr'><strong>donum</strong></span> <span class='ocrx_word' id='word_1_542' title='bbox 1324 5196 1447 5259; x_wconf 89' lang='lat' dir='ltr'><strong>est;</strong></span> <span class='ocrx_word' id='word_1_543' title='bbox 1496 5207 1615 5248; x_wconf 90' lang='lat' dir='ltr'><strong>non</strong></span> <span class='ocrx_word' id='word_1_544' title='bbox 1654 5207 1730 5249; x_wconf 74' lang='lat' dir='ltr'><strong>ea:</strong></span> <span class='ocrx_word' id='word_1_545' title='bbox 1788 5193 2085 5263; x_wconf 78' lang='lat' dir='ltr'><strong>operibus,</strong></span> <span class='ocrx_word' id='word_1_546' title='bbox 2134 5209 2208 5252; x_wconf 90' lang='lat' dir='ltr'><strong>ne</strong></span> 
     </span>
    </p>
   </div>
   <div class='ocr_carea' id='block_1_73' title="bbox 546 5274 2207 5352">
    <p class='ocr_par' dir='ltr' id='par_1_73' title="bbox 546 5274 2207 5352">
     <span class='ocr_line' id='line_1_73' title="bbox 546 5274 2207 5352; baseline 0.005 -20"><span class='ocrx_word' id='word_1_547' title='bbox 546 5274 708 5344; x_wconf 86' lang='lat' dir='ltr'><strong>forte</strong></span> <span class='ocrx_word' id='word_1_548' title='bbox 740 5276 873 5347; x_wconf 83' lang='lat' dir='ltr'><strong>quis</strong></span> <span class='ocrx_word' id='word_1_549' title='bbox 902 5279 1258 5336; x_wconf 76' lang='lat' dir='ltr'><strong>extollatur.</strong></span> <span class='ocrx_word' id='word_1_550' title='bbox 1289 5282 1356 5336; x_wconf 92' lang='lat' dir='ltr'><strong>Et</strong></span> <span class='ocrx_word' id='word_1_551' title='bbox 1409 5295 1485 5336; x_wconf 88' lang='lat' dir='ltr'><strong>ne</strong></span> <span class='ocrx_word' id='word_1_552' title='bbox 1519 5284 1873 5352; x_wconf 87' lang='lat' dir='ltr'><strong>putarentur</strong></span> <span class='ocrx_word' id='word_1_553' title='bbox 1927 5280 2207 5340; x_wconf 86' lang='lat' dir='ltr'><strong>ﬁdelibus</strong></span> 
     </span>
    </p>
   </div>
   <div class='ocr_carea' id='block_1_74' title="bbox 546 5362 2205 5439">
    <p class='ocr_par' dir='ltr' id='par_1_74' title="bbox 546 5362 2205 5439">
     <span class='ocr_line' id='line_1_74' title="bbox 546 5362 2205 5439; baseline 0.007 -20"><span class='ocrx_word' id='word_1_554' title='bbox 546 5362 712 5420; x_wconf 88' lang='lat' dir='ltr'><strong>bona</strong></span> <span class='ocrx_word' id='word_1_555' title='bbox 737 5380 921 5439; x_wconf 87' lang='lat' dir='ltr'><strong>opera</strong></span> <span class='ocrx_word' id='word_1_556' title='bbox 948 5366 1248 5436; x_wconf 83' lang='lat' dir='ltr'><strong>defutura,</strong></span> <span class='ocrx_word' id='word_1_557' title='bbox 1278 5385 1523 5425; x_wconf 82' lang='lat' dir='ltr'><strong>rursum</strong></span> <span class='ocrx_word' id='word_1_558' title='bbox 1546 5369 1800 5439; x_wconf 83' lang='lat' dir='ltr'><strong>adjecit:</strong></span> <span class='ocrx_word' id='word_1_559' title='bbox 1823 5370 2020 5438; x_wconf 83' lang='lat' dir='ltr'><strong>Ipsius</strong></span> <span class='ocrx_word' id='word_1_560' title='bbox 2048 5373 2205 5431; x_wconf 83' lang='lat' dir='ltr'><strong>enim</strong></span> 
     </span>
    </p>
   </div>
   <div class='ocr_carea' id='block_1_75' title="bbox 549 5456 2201 5530">
    <p class='ocr_par' dir='ltr' id='par_1_75' title="bbox 549 5456 2201 5530">
     <span class='ocr_line' id='line_1_75' title="bbox 549 5456 2201 5530; baseline 0.005 -21"><span class='ocrx_word' id='word_1_561' title='bbox 549 5468 752 5510; x_wconf 87' lang='lat' dir='ltr'><strong>sumus</strong></span> <span class='ocrx_word' id='word_1_562' title='bbox 776 5456 1148 5528; x_wconf 82' lang='lat' dir='ltr'><strong>ﬁgmentum,</strong></span> <span class='ocrx_word' id='word_1_563' title='bbox 1178 5458 1368 5515; x_wconf 86' lang='lat' dir='ltr'><strong>creati</strong></span> <span class='ocrx_word' id='word_1_564' title='bbox 1407 5458 1471 5513; x_wconf 82' lang='lat' dir='ltr'><strong>in</strong></span> <span class='ocrx_word' id='word_1_565' title='bbox 1500 5457 1741 5515; x_wconf 81' lang='lat' dir='ltr'><strong>Christo</strong></span> <span class='ocrx_word' id='word_1_566' title='bbox 1778 5458 1916 5515; x_wconf 83' lang='lat' dir='ltr'><strong>Jesu</strong></span> <span class='ocrx_word' id='word_1_567' title='bbox 1952 5461 2017 5516; x_wconf 87' lang='lat' dir='ltr'><strong>in</strong></span> <span class='ocrx_word' id='word_1_568' title='bbox 2066 5475 2201 5530; x_wconf 88' lang='lat' dir='ltr'><strong>ope-</strong></span> 
     </span>
    </p>
   </div>
   <div class='ocr_carea' id='block_1_76' title="bbox 2323 1798 3891 1878">
    <p class='ocr_par' dir='ltr' id='par_1_76' title="bbox 2323 1798 3891 1878">
     <span class='ocr_line' id='line_1_76' title="bbox 2323 1798 3891 1878; baseline -0.008 -16"><span class='ocrx_word' id='word_1_569' title='bbox 2323 1813 2494 1863; x_wconf 87' lang='lat' dir='ltr'><strong>tuum</strong></span> <span class='ocrx_word' id='word_1_570' title='bbox 2524 1822 2647 1878; x_wconf 89' lang='lat' dir='ltr'><strong>quo</strong></span> <span class='ocrx_word' id='word_1_571' title='bbox 2676 1808 2892 1861; x_wconf 84' lang='lat' dir='ltr'><strong>astruis</strong></span> <span class='ocrx_word' id='word_1_572' title='bbox 2920 1804 3060 1859; x_wconf 75' lang='lat' dir='ltr'><strong>velle</strong></span> <span class='ocrx_word' id='word_1_573' title='bbox 3079 1805 3137 1858; x_wconf 89' lang='lat' dir='ltr'><strong>in</strong></span> <span class='ocrx_word' id='word_1_574' title='bbox 3157 1803 3400 1858; x_wconf 86' lang='lat' dir='ltr'><strong>homine</strong></span> <span class='ocrx_word' id='word_1_575' title='bbox 3420 1803 3543 1873; x_wconf 82' lang='lat' dir='ltr'><strong>ejus</strong></span> <span class='ocrx_word' id='word_1_576' title='bbox 3558 1817 3673 1855; x_wconf 83' lang='lat' dir='ltr'><strong>esse</strong></span> <span class='ocrx_word' id='word_1_577' title='bbox 3689 1798 3891 1853; x_wconf 81' lang='lat' dir='ltr'><strong>substan-</strong></span> 
     </span>
    </p>
   </div>
   <div class='ocr_carea' id='block_1_77' title="bbox 2322 1883 3891 1965">
    <p class='ocr_par' dir='ltr' id='par_1_77' title="bbox 2322 1883 3891 1965">
     <span class='ocr_line' id='line_1_77' title="bbox 2322 1883 3891 1965; baseline -0.008 -13"><span class='ocrx_word' id='word_1_578' title='bbox 2322 1897 2489 1965; x_wconf 90' lang='lat' dir='ltr'><strong>tiam,</strong></span> <span class='ocrx_word' id='word_1_579' title='bbox 2514 1895 2921 1951; x_wconf 85' lang='lat' dir='ltr'><strong>testimonium</strong></span> <span class='ocrx_word' id='word_1_580' title='bbox 2947 1894 3175 1949; x_wconf 77' lang='lat' dir='ltr'><strong>Domini</strong></span> <span class='ocrx_word' id='word_1_581' title='bbox 3201 1892 3451 1947; x_wconf 80' lang='lat' dir='ltr'><strong>dicentis</strong></span> <span class='ocrx_word' id='word_1_582' title='bbox 3474 1892 3529 1945; x_wconf 89' lang='lat' dir='ltr'><strong>in</strong></span> <span class='ocrx_word' id='word_1_583' title='bbox 3555 1888 3822 1957; x_wconf 81' lang='lat' dir='ltr'><strong>Evangelio</strong></span> <span class='ocrx_word' id='word_1_584' title='bbox 3840 1883 3891 1939; x_wconf 84' lang='lat' dir='ltr'><strong>ad</strong></span> 
     </span>
    </p>
   </div>
   <div class='ocr_carea' id='block_1_78' title="bbox 2323 1977 3887 2057">
    <p class='ocr_par' dir='ltr' id='par_1_78' title="bbox 2323 1977 3887 2057">
     <span class='ocr_line' id='line_1_78' title="bbox 2323 1977 3887 2057; baseline -0.008 -17"><span class='ocrx_word' id='word_1_585' title='bbox 2323 1984 2649 2057; x_wconf 90' lang='lat' dir='ltr'><strong>discipulos</strong></span> <span class='ocrx_word' id='word_1_586' title='bbox 2668 2001 2830 2039; x_wconf 90' lang='lat' dir='ltr'><strong>suos:</strong></span> <span class='ocrx_word' id='word_1_587' title='bbox 2848 1986 2990 2039; x_wconf 81' lang='lat' dir='ltr'><strong>Sine</strong></span> <span class='ocrx_word' id='word_1_588' title='bbox 3007 1998 3096 2038; x_wconf 86' lang='lat' dir='ltr'><strong>me</strong></span> <span class='ocrx_word' id='word_1_589' title='bbox 3116 1981 3273 2037; x_wconf 86' lang='lat' dir='ltr'><strong>nihil</strong></span> <span class='ocrx_word' id='word_1_590' title='bbox 3297 1982 3533 2051; x_wconf 81' lang='lat' dir='ltr'><strong>potestis</strong></span> <span class='ocrx_word' id='word_1_591' title='bbox 3560 1981 3734 2048; x_wconf 77' lang='lat' dir='ltr'><strong>facere</strong></span> <span class='ocrx_word' id='word_1_592' title='bbox 3757 1977 3887 2043; x_wconf 32' lang='lat' dir='ltr'><strong>,Joan.</strong></span> 
     </span>
    </p>
   </div>
   <div class='ocr_carea' id='block_1_79' title="bbox 2324 2064 3993 2145">
    <p class='ocr_par' dir='ltr' id='par_1_79' title="bbox 2324 2064 3993 2145">
     <span class='ocr_line' id='line_1_79' title="bbox 2324 2064 3993 2145; baseline -0.008 -16"><span class='ocrx_word' id='word_1_593' title='bbox 2324 2076 2481 2144; x_wconf 78' lang='lat' dir='ltr'><strong>xv,5)</strong></span> <span class='ocrx_word' id='word_1_594' title='bbox 2496 2080 2550 2129; x_wconf 90' lang='lat' dir='ltr'><strong>et</strong></span> <span class='ocrx_word' id='word_1_595' title='bbox 2565 2073 2662 2144; x_wconf 83' lang='lat' dir='ltr'><strong>adj</strong></span> <span class='ocrx_word' id='word_1_596' title='bbox 2675 2073 2847 2143; x_wconf 86' lang='lat' dir='ltr'><strong>ungis</strong></span> <span class='ocrx_word' id='word_1_597' title='bbox 2871 2070 3230 2145; x_wconf 81' lang='lat' dir='ltr'><strong>exponendo</strong></span> <span class='ocrx_word' id='word_1_598' title='bbox 3246 2070 3345 2125; x_wconf 87' lang='lat' dir='ltr'><strong>vel</strong></span> <span class='ocrx_word' id='word_1_599' title='bbox 3361 2069 3550 2142; x_wconf 85' lang='lat' dir='ltr'><strong>potius</strong></span> <span class='ocrx_word' id='word_1_600' title='bbox 3567 2064 3887 2140; x_wconf 80' lang='lat' dir='ltr'><strong>depravando.</strong></span> <span class='ocrx_word' id='word_1_601' title='bbox 3992 2114 3993 2145; x_wconf 47' lang='lat'><strong>,</strong></span> 
     </span>
    </p>
   </div>
   <div class='ocr_carea' id='block_1_80' title="bbox 2907 2202 3420 2253">
    <p class='ocr_par' dir='ltr' id='par_1_80' title="bbox 2907 2202 3420 2253">
     <span class='ocr_line' id='line_1_80' title="bbox 2907 2202 3420 2253; baseline -0.004 0"><span class='ocrx_word' id='word_1_602' title='bbox 2907 2202 3145 2253; x_wconf 64' lang='lat' dir='ltr'><strong>tossses</strong></span> <span class='ocrx_word' id='word_1_603' title='bbox 3186 2210 3420 2253; x_wconf 78' lang='lat' dir='ltr'><strong>scorus.</strong></span> 
     </span>
    </p>
   </div>
   <div class='ocr_carea' id='block_1_81' title="bbox 2398 2296 3993 2383">
    <p class='ocr_par' dir='ltr' id='par_1_81' title="bbox 2398 2296 3993 2383">
     <span class='ocr_line' id='line_1_81' title="bbox 2398 2296 3993 2383; baseline -0.006 -20"><span class='ocrx_word' id='word_1_604' title='bbox 2398 2310 2539 2378; x_wconf 82' lang='lat' dir='ltr'><strong>Cap.</strong></span> <span class='ocrx_word' id='word_1_605' title='bbox 2563 2308 2616 2371; x_wconf 62' lang='lat' dir='ltr'><strong>3i,</strong></span> <span class='ocrx_word' id='word_1_606' title='bbox 2651 2320 2817 2360; x_wconf 90' lang='lat' dir='ltr'><strong>num.</strong></span> <span class='ocrx_word' id='word_1_607' title='bbox 2853 2305 2912 2359; x_wconf 78' lang='lat'><strong>15</strong></span> <span class='ocrx_word' id='word_1_608' title='bbox 2946 2302 3085 2360; x_wconf 87' lang='lat' dir='ltr'><strong>sect.</strong></span> <span class='ocrx_word' id='word_1_609' title='bbox 3111 2304 3184 2375; x_wconf 85' lang='lat'><strong>8).</strong></span> <span class='ocrx_word' id='word_1_610' title='bbox 3218 2306 3256 2357; x_wconf 84' lang='lat'>6</span> <span class='ocrx_word' id='word_1_611' title='bbox 3293 2304 3427 2360; x_wconf 85' lang='lat' dir='ltr'><strong>Non</strong></span> <span class='ocrx_word' id='word_1_612' title='bbox 3452 2296 3887 2367; x_wconf 54' lang='lat' dir='ltr'><strong>(livitmilzilpolto</strong></span> <span class='ocrx_word' id='word_1_613' title='bbox 3992 2336 3993 2383; x_wconf 57' lang='lat'><strong>,</strong></span> 
     </span>
    </p>
   </div>
   <div class='ocr_carea' id='block_1_82' title="bbox 2328 2388 2631 2452">
    <p class='ocr_par' dir='ltr' id='par_1_82' title="bbox 2328 2388 2631 2452">
     <span class='ocr_line' id='line_1_82' title="bbox 2328 2388 2631 2452; baseline -0.003 0"><span class='ocrx_word' id='word_1_614' title='bbox 2328 2397 2432 2452; x_wconf 87' lang='lat' dir='ltr'><strong>stis</strong></span> <span class='ocrx_word' id='word_1_615' title='bbox 2460 2388 2631 2452; x_wconf 85' lang='lat' dir='ltr'><strong>velle.</strong></span> 
     </span>
    </p>
   </div>
   <div class='ocr_carea' id='block_1_83' title="bbox 2996 2517 3335 2557">
    <p class='ocr_par' dir='ltr' id='par_1_83' title="bbox 2996 2517 3335 2557">
     <span class='ocr_line' id='line_1_83' title="bbox 2996 2517 3335 2557; baseline -0.012 0"><span class='ocrx_word' id='word_1_616' title='bbox 2996 2517 3335 2557; x_wconf 77' lang='lat' dir='ltr'><strong>CORRECTIO.</strong></span> 
     </span>
    </p>
   </div>
   <div class='ocr_carea' id='block_1_84' title="bbox 2401 2605 3890 2681">
    <p class='ocr_par' dir='ltr' id='par_1_84' title="bbox 2401 2605 3890 2681">
     <span class='ocr_line' id='line_1_84' title="bbox 2401 2605 3890 2681; baseline -0.01 -15"><span class='ocrx_word' id='word_1_617' title='bbox 2401 2613 2443 2681; x_wconf 68' lang='grc' dir='ltr'><strong>-ιο</strong></span> <span class='ocrx_word' id='word_1_618' title='bbox 2473 2614 2661 2677; x_wconf 82' lang='lat' dir='ltr'><strong>Quem</strong></span> <span class='ocrx_word' id='word_1_619' title='bbox 2693 2614 2863 2665; x_wconf 88' lang='lat' dir='ltr'><strong>tuum</strong></span> <span class='ocrx_word' id='word_1_620' title='bbox 2894 2608 3431 2681; x_wconf 80' lang='lat' dir='ltr'><strong>perversissimum</strong></span> <span class='ocrx_word' id='word_1_621' title='bbox 3480 2605 3782 2663; x_wconf 81' lang='lat' dir='ltr'><strong>intellectum</strong></span> <span class='ocrx_word' id='word_1_622' title='bbox 3813 2615 3890 2653; x_wconf 84' lang='lat' dir='ltr'><strong>ne-</strong></span> 
     </span>
    </p>
   </div>
   <div class='ocr_carea' id='block_1_85' title="bbox 2334 2690 3890 2769">
    <p class='ocr_par' dir='ltr' id='par_1_85' title="bbox 2334 2690 3890 2769">
     <span class='ocr_line' id='line_1_85' title="bbox 2334 2690 3890 2769; baseline -0.011 -14"><span class='ocrx_word' id='word_1_623' title='bbox 2334 2715 2495 2755; x_wconf 85' lang='lat' dir='ltr'><strong>cesse</strong></span> <span class='ocrx_word' id='word_1_624' title='bbox 2537 2703 2625 2754; x_wconf 83' lang='lat' dir='ltr'><strong>est</strong></span> <span class='ocrx_word' id='word_1_625' title='bbox 2655 2705 2717 2753; x_wconf 89' lang='lat' dir='ltr'><strong>ut</strong></span> <span class='ocrx_word' id='word_1_626' title='bbox 2752 2698 2969 2753; x_wconf 85' lang='lat' dir='ltr'><strong>veritas</strong></span> <span class='ocrx_word' id='word_1_627' title='bbox 3011 2703 3190 2769; x_wconf 90' lang='lat' dir='ltr'><strong>atque</strong></span> <span class='ocrx_word' id='word_1_628' title='bbox 3240 2697 3563 2752; x_wconf 81' lang='lat' dir='ltr'><strong>auctoritas</strong></span> <span class='ocrx_word' id='word_1_629' title='bbox 3603 2693 3812 2749; x_wconf 85' lang='lat' dir='ltr'><strong>damnet.</strong></span> <span class='ocrx_word' id='word_1_630' title='bbox 3838 2690 3890 2740; x_wconf 83' lang='lat' dir='ltr'><strong>Ita</strong></span> 
     </span>
    </p>
   </div>
   <div class='ocr_carea' id='block_1_86' title="bbox 2334 2774 3889 2859">
    <p class='ocr_par' dir='ltr' id='par_1_86' title="bbox 2334 2774 3889 2859">
     <span class='ocr_line' id='line_1_86' title="bbox 2334 2774 3889 2859; baseline -0.009 -17"><span class='ocrx_word' id='word_1_631' title='bbox 2334 2789 2493 2843; x_wconf 91' lang='lat' dir='ltr'><strong>enim</strong></span> <span class='ocrx_word' id='word_1_632' title='bbox 2525 2787 2727 2843; x_wconf 90' lang='lat' dir='ltr'><strong>sentiri</strong></span> <span class='ocrx_word' id='word_1_633' title='bbox 2749 2787 2916 2859; x_wconf 90' lang='lat' dir='ltr'><strong>cupis</strong></span> <span class='ocrx_word' id='word_1_634' title='bbox 2943 2785 3162 2841; x_wconf 83' lang='lat' dir='ltr'><strong>dixisse</strong></span> <span class='ocrx_word' id='word_1_635' title='bbox 3184 2788 3540 2841; x_wconf 87' lang='lat' dir='ltr'><strong>Dominum:</strong></span> <span class='ocrx_word' id='word_1_636' title='bbox 3570 2774 3889 2839; x_wconf 79' lang='lat' dir='ltr'><strong>Sinemeni/u&#39;l</strong></span> 
     </span>
    </p>
   </div>
   <div class='ocr_carea' id='block_1_87' title="bbox 2332 2868 3886 2948">
    <p class='ocr_par' dir='ltr' id='par_1_87' title="bbox 2332 2868 3886 2948">
     <span class='ocr_line' id='line_1_87' title="bbox 2332 2868 3886 2948; baseline -0.008 -16"><span class='ocrx_word' id='word_1_637' title='bbox 2332 2877 2571 2947; x_wconf 80' lang='lat' dir='ltr'><strong>potestis</strong></span> <span class='ocrx_word' id='word_1_638' title='bbox 2596 2877 2819 2945; x_wconf 80' lang='lat' dir='ltr'><strong>facere,</strong></span> <span class='ocrx_word' id='word_1_639' title='bbox 2853 2891 2922 2931; x_wconf 90' lang='lat' dir='ltr'><strong>ac</strong></span> <span class='ocrx_word' id='word_1_640' title='bbox 2967 2874 3015 2930; x_wconf 91' lang='lat' dir='ltr'><strong>si</strong></span> <span class='ocrx_word' id='word_1_641' title='bbox 3044 2875 3279 2948; x_wconf 90' lang='lat' dir='ltr'><strong>absque</strong></span> <span class='ocrx_word' id='word_1_642' title='bbox 3310 2875 3409 2931; x_wconf 91' lang='lat' dir='ltr'><strong>illo</strong></span> <span class='ocrx_word' id='word_1_643' title='bbox 3459 2873 3593 2930; x_wconf 90' lang='lat' dir='ltr'><strong>boni</strong></span> <span class='ocrx_word' id='word_1_644' title='bbox 3638 2868 3886 2944; x_wconf 80' lang='lat' dir='ltr'><strong>quidquam</strong></span> 
     </span>
    </p>
   </div>
   <div class='ocr_carea' id='block_1_88' title="bbox 2334 2953 3886 3037">
    <p class='ocr_par' dir='ltr' id='par_1_88' title="bbox 2334 2953 3886 3037">
     <span class='ocr_line' id='line_1_88' title="bbox 2334 2953 3886 3037; baseline -0.006 -17"><span class='ocrx_word' id='word_1_645' title='bbox 2334 2965 2638 3037; x_wconf 90' lang='lat' dir='ltr'><strong>possimus</strong></span> <span class='ocrx_word' id='word_1_646' title='bbox 2676 2964 2859 3032; x_wconf 87' lang='lat' dir='ltr'><strong>velle;</strong></span> <span class='ocrx_word' id='word_1_647' title='bbox 2892 2967 2948 3019; x_wconf 89' lang='lat' dir='ltr'><strong>et</strong></span> <span class='ocrx_word' id='word_1_648' title='bbox 2990 2964 3357 3019; x_wconf 87' lang='lat' dir='ltr'><strong>contradicis</strong></span> <span class='ocrx_word' id='word_1_649' title='bbox 3404 2959 3678 3036; x_wconf 79' lang='lat' dir='ltr'><strong>Apostolo,</strong></span> <span class='ocrx_word' id='word_1_650' title='bbox 3700 2955 3783 3028; x_wconf 87' lang='lat' dir='ltr'><strong>qui</strong></span> <span class='ocrx_word' id='word_1_651' title='bbox 3802 2953 3886 3006; x_wconf 73' lang='lat' dir='ltr'><strong>ait:</strong></span> 
     </span>
    </p>
   </div>
   <div class='ocr_carea' id='block_1_89' title="bbox 2334 3048 3888 3125">
    <p class='ocr_par' dir='ltr' id='par_1_89' title="bbox 2334 3048 3888 3125">
     <span class='ocr_line' id='line_1_89' title="bbox 2334 3048 3888 3125; baseline -0.011 -14"><span class='ocrx_word' id='word_1_652' title='bbox 2334 3057 2489 3111; x_wconf 88' lang='lat' dir='ltr'><strong>Deus</strong></span> <span class='ocrx_word' id='word_1_653' title='bbox 2518 3059 2601 3110; x_wconf 91' lang='lat' dir='ltr'><strong>est</strong></span> <span class='ocrx_word' id='word_1_654' title='bbox 2618 3055 2771 3110; x_wconf 88' lang='lat' dir='ltr'><strong>enim</strong></span> <span class='ocrx_word' id='word_1_655' title='bbox 2799 3054 2903 3125; x_wconf 85' lang='lat' dir='ltr'><strong>qui</strong></span> <span class='ocrx_word' id='word_1_656' title='bbox 2932 3058 3217 3123; x_wconf 80' lang='lat' dir='ltr'><strong>operatur</strong></span> <span class='ocrx_word' id='word_1_657' title='bbox 3248 3053 3314 3110; x_wconf 90' lang='lat' dir='ltr'><strong>in</strong></span> <span class='ocrx_word' id='word_1_658' title='bbox 3336 3052 3496 3109; x_wconf 87' lang='lat' dir='ltr'><strong>nobis</strong></span> <span class='ocrx_word' id='word_1_659' title='bbox 3513 3056 3561 3107; x_wconf 88' lang='lat' dir='ltr'><strong>et</strong></span> <span class='ocrx_word' id='word_1_660' title='bbox 3589 3048 3718 3106; x_wconf 82' lang='lat' dir='ltr'><strong>velle</strong></span> <span class='ocrx_word' id='word_1_661' title='bbox 3741 3048 3781 3099; x_wconf 87' lang='lat' dir='ltr'><strong>et</strong></span> <span class='ocrx_word' id='word_1_662' title='bbox 3799 3053 3888 3111; x_wconf 81' lang='lat' dir='ltr'><strong>per-</strong></span> 
     </span>
    </p>
   </div>
   <div class='ocr_carea' id='block_1_90' title="bbox 2329 3136 3883 3223">
    <p class='ocr_par' dir='ltr' id='par_1_90' title="bbox 2329 3136 3883 3223">
     <span class='ocr_line' id='line_1_90' title="bbox 2329 3136 3883 3223; baseline -0.01 -21"><span class='ocrx_word' id='word_1_663' title='bbox 2329 3146 2504 3214; x_wconf 86' lang='lat' dir='ltr'><strong>ﬁcere</strong></span> <span class='ocrx_word' id='word_1_664' title='bbox 2530 3159 2642 3214; x_wconf 91' lang='lat' dir='ltr'><strong>pro</strong></span> <span class='ocrx_word' id='word_1_665' title='bbox 2672 3144 2824 3198; x_wconf 87' lang='lat' dir='ltr'><strong>bona</strong></span> <span class='ocrx_word' id='word_1_666' title='bbox 2856 3142 3371 3215; x_wconf 83' lang='lat' dir='ltr'><strong>voluntate(Phil.</strong></span> <span class='ocrx_word' id='word_1_667' title='bbox 3411 3158 3467 3204; x_wconf 89' lang='lat' dir='ltr'><strong>n,</strong></span> <span class='ocrx_word' id='word_1_668' title='bbox 3505 3140 3600 3210; x_wconf 88' lang='lat' dir='ltr'><strong>l3).</strong></span> <span class='ocrx_word' id='word_1_669' title='bbox 3631 3136 3680 3193; x_wconf 88' lang='lat' dir='ltr'><strong>Si</strong></span> <span class='ocrx_word' id='word_1_670' title='bbox 3700 3147 3805 3202; x_wconf 81' lang='lat' dir='ltr'><strong>ergo</strong></span> <span class='ocrx_word' id='word_1_671' title='bbox 3825 3143 3883 3223; x_wconf 55' lang='lat' dir='ltr'><strong>se</strong></span> 
     </span>
    </p>
   </div>
   <div class='ocr_carea' id='block_1_91' title="bbox 2330 3215 3884 3304">
    <p class='ocr_par' dir='ltr' id='par_1_91' title="bbox 2330 3215 3884 3304">
     <span class='ocr_line' id='line_1_91' title="bbox 2330 3215 3884 3304; baseline -0.01 -16"><span class='ocrx_word' id='word_1_672' title='bbox 2330 3232 2599 3288; x_wconf 89' lang='lat' dir='ltr'><strong>cundum</strong></span> <span class='ocrx_word' id='word_1_673' title='bbox 2620 3231 2970 3304; x_wconf 88' lang='lat' dir='ltr'><strong>Apostolum</strong></span> <span class='ocrx_word' id='word_1_674' title='bbox 3000 3233 3153 3286; x_wconf 89' lang='lat' dir='ltr'><strong>Deus</strong></span> <span class='ocrx_word' id='word_1_675' title='bbox 3178 3236 3267 3287; x_wconf 89' lang='lat' dir='ltr'><strong>est</strong></span> <span class='ocrx_word' id='word_1_676' title='bbox 3297 3231 3403 3302; x_wconf 87' lang='lat' dir='ltr'><strong>qui</strong></span> <span class='ocrx_word' id='word_1_677' title='bbox 3430 3232 3691 3299; x_wconf 81' lang='lat' dir='ltr'><strong>operatur</strong></span> <span class='ocrx_word' id='word_1_678' title='bbox 3706 3224 3755 3277; x_wconf 89' lang='lat' dir='ltr'><strong>in</strong></span> <span class='ocrx_word' id='word_1_679' title='bbox 3777 3215 3884 3273; x_wconf 73' lang='lat' dir='ltr'><strong>nobis</strong></span> 
     </span>
    </p>
   </div>
   <div class='ocr_carea' id='block_1_92' title="bbox 2331 3313 3887 3392">
    <p class='ocr_par' dir='ltr' id='par_1_92' title="bbox 2331 3313 3887 3392">
     <span class='ocr_line' id='line_1_92' title="bbox 2331 3313 3887 3392; baseline -0.009 -14"><span class='ocrx_word' id='word_1_680' title='bbox 2331 3323 2502 3390; x_wconf 88' lang='lat' dir='ltr'><strong>velle,</strong></span> <span class='ocrx_word' id='word_1_681' title='bbox 2530 3320 2716 3392; x_wconf 92' lang='lat' dir='ltr'><strong>liquet</strong></span> <span class='ocrx_word' id='word_1_682' title='bbox 2741 3319 3009 3392; x_wconf 88' lang='lat' dir='ltr'><strong>profecto</strong></span> <span class='ocrx_word' id='word_1_683' title='bbox 3046 3319 3190 3391; x_wconf 87' lang='lat' dir='ltr'><strong>quia</strong></span> <span class='ocrx_word' id='word_1_684' title='bbox 3236 3320 3520 3375; x_wconf 83' lang='lat' dir='ltr'><strong>fallaciter</strong></span> <span class='ocrx_word' id='word_1_685' title='bbox 3564 3313 3751 3372; x_wconf 88' lang='lat' dir='ltr'><strong>asseris</strong></span> <span class='ocrx_word' id='word_1_686' title='bbox 3768 3317 3887 3381; x_wconf 78' lang='lat' dir='ltr'><strong>posse</strong></span> 
     </span>
    </p>
   </div>
   <div class='ocr_carea' id='block_1_93' title="bbox 2330 3398 3889 3483">
    <p class='ocr_par' dir='ltr' id='par_1_93' title="bbox 2330 3398 3889 3483">
     <span class='ocr_line' id='line_1_93' title="bbox 2330 3398 3889 3483; baseline -0.008 -16"><span class='ocrx_word' id='word_1_687' title='bbox 2330 3428 2442 3467; x_wconf 91' lang='lat' dir='ltr'><strong>nos</strong></span> <span class='ocrx_word' id='word_1_688' title='bbox 2470 3410 2614 3467; x_wconf 88' lang='lat' dir='ltr'><strong>velle</strong></span> <span class='ocrx_word' id='word_1_689' title='bbox 2643 3410 2789 3466; x_wconf 92' lang='lat' dir='ltr'><strong>boni</strong></span> <span class='ocrx_word' id='word_1_690' title='bbox 2817 3409 3131 3483; x_wconf 90' lang='lat' dir='ltr'><strong>quippiam</strong></span> <span class='ocrx_word' id='word_1_691' title='bbox 3160 3410 3294 3466; x_wconf 90' lang='lat' dir='ltr'><strong>sine</strong></span> <span class='ocrx_word' id='word_1_692' title='bbox 3315 3410 3464 3482; x_wconf 89' lang='lat' dir='ltr'><strong>ipso.</strong></span> <span class='ocrx_word' id='word_1_693' title='bbox 3486 3405 3649 3474; x_wconf 83' lang='lat' dir='ltr'><strong>Quasi</strong></span> <span class='ocrx_word' id='word_1_694' title='bbox 3666 3415 3779 3459; x_wconf 86' lang='lat' dir='ltr'><strong>vero</strong></span> <span class='ocrx_word' id='word_1_695' title='bbox 3800 3398 3889 3468; x_wconf 74' lang='lat' dir='ltr'><strong>ipsa</strong></span> 
     </span>
    </p>
   </div>
   <div class='ocr_carea' id='block_1_94' title="bbox 2329 3496 3886 3573">
    <p class='ocr_par' dir='ltr' id='par_1_94' title="bbox 2329 3496 3886 3573">
     <span class='ocr_line' id='line_1_94' title="bbox 2329 3496 3886 3573; baseline -0.006 -18"><span class='ocrx_word' id='word_1_696' title='bbox 2329 3501 2607 3556; x_wconf 89' lang='lat' dir='ltr'><strong>voluntas</strong></span> <span class='ocrx_word' id='word_1_697' title='bbox 2638 3499 2920 3555; x_wconf 83' lang='lat' dir='ltr'><strong>hominis</strong></span> <span class='ocrx_word' id='word_1_698' title='bbox 2964 3514 3091 3554; x_wconf 92' lang='lat' dir='ltr'><strong>non</strong></span> <span class='ocrx_word' id='word_1_699' title='bbox 3137 3498 3217 3555; x_wconf 90' lang='lat' dir='ltr'><strong>ad</strong></span> <span class='ocrx_word' id='word_1_700' title='bbox 3280 3515 3435 3573; x_wconf 92' lang='lat' dir='ltr'><strong>opus</strong></span> <span class='ocrx_word' id='word_1_701' title='bbox 3483 3496 3750 3571; x_wconf 78' lang='lat' dir='ltr'><strong>pertineat,</strong></span> <span class='ocrx_word' id='word_1_702' title='bbox 3793 3497 3886 3541; x_wconf 82' lang='lat' dir='ltr'><strong>cum</strong></span> 
     </span>
    </p>
   </div>
   <div class='ocr_carea' id='block_1_95' title="bbox 2330 3580 3885 3661">
    <p class='ocr_par' dir='ltr' id='par_1_95' title="bbox 2330 3580 3885 3661">
     <span class='ocr_line' id='line_1_95' title="bbox 2330 3580 3885 3661; baseline -0.007 -18"><span class='ocrx_word' id='word_1_703' title='bbox 2330 3590 2629 3661; x_wconf 89' lang='lat' dir='ltr'><strong>Scriptura</strong></span> <span class='ocrx_word' id='word_1_704' title='bbox 2657 3588 2876 3644; x_wconf 87' lang='lat' dir='ltr'><strong>clamet</strong></span> <span class='ocrx_word' id='word_1_705' title='bbox 2927 3592 3111 3644; x_wconf 89' lang='lat' dir='ltr'><strong>Deum</strong></span> <span class='ocrx_word' id='word_1_706' title='bbox 3171 3588 3449 3644; x_wconf 87' lang='lat' dir='ltr'><strong>homines</strong></span> <span class='ocrx_word' id='word_1_707' title='bbox 3486 3601 3599 3641; x_wconf 88' lang='lat' dir='ltr'><strong>non</strong></span> <span class='ocrx_word' id='word_1_708' title='bbox 3636 3580 3796 3636; x_wconf 90' lang='lat' dir='ltr'><strong>solum</strong></span> <span class='ocrx_word' id='word_1_709' title='bbox 3815 3584 3885 3646; x_wconf 78' lang='lat' dir='ltr'><strong>pro</strong></span> 
     </span>
    </p>
   </div>
   <div class='ocr_carea' id='block_1_96' title="bbox 2330 3660 3993 3750">
    <p class='ocr_par' dir='ltr' id='par_1_96' title="bbox 2330 3660 3993 3750">
     <span class='ocr_line' id='line_1_96' title="bbox 2330 3660 3993 3750; baseline -0.014 -16"><span class='ocrx_word' id='word_1_710' title='bbox 2330 3660 2520 3744; x_wconf 85' lang='lat' dir='ltr'><strong>factis,</strong></span> <span class='ocrx_word' id='word_1_711' title='bbox 2548 3693 2756 3732; x_wconf 87' lang='lat' dir='ltr'><strong>verum</strong></span> <span class='ocrx_word' id='word_1_712' title='bbox 2787 3678 2965 3733; x_wconf 88' lang='lat' dir='ltr'><strong>etiam</strong></span> <span class='ocrx_word' id='word_1_713' title='bbox 2995 3693 3106 3750; x_wconf 91' lang='lat' dir='ltr'><strong>pro</strong></span> <span class='ocrx_word' id='word_1_714' title='bbox 3155 3675 3626 3747; x_wconf 82' lang='lat' dir='ltr'><strong>cogitationibus,</strong></span> <span class='ocrx_word' id='word_1_715' title='bbox 3653 3684 3765 3742; x_wconf 59' lang='lat' dir='ltr'><strong>quis</strong></span> <span class='ocrx_word' id='word_1_716' title='bbox 3800 3660 3886 3715; x_wconf 76' lang='lat' dir='ltr'><strong>sola</strong></span> 
     </span>
    </p>
   </div>
   <div class='ocr_carea' id='block_1_97' title="bbox 2332 3759 3886 3837">
    <p class='ocr_par' dir='ltr' id='par_1_97' title="bbox 2332 3759 3886 3837">
     <span class='ocr_line' id='line_1_97' title="bbox 2332 3759 3886 3837; baseline -0.001 -14"><span class='ocrx_word' id='word_1_717' title='bbox 2332 3767 2635 3824; x_wconf 89' lang='lat' dir='ltr'><strong>voluntate</strong></span> <span class='ocrx_word' id='word_1_718' title='bbox 2656 3766 2783 3822; x_wconf 86' lang='lat' dir='ltr'><strong>ﬁeri</strong></span> <span class='ocrx_word' id='word_1_719' title='bbox 2804 3766 3084 3835; x_wconf 89' lang='lat' dir='ltr'><strong>assolent,</strong></span> <span class='ocrx_word' id='word_1_720' title='bbox 3112 3766 3553 3837; x_wconf 88' lang='lat' dir='ltr'><strong>judicaturum;</strong></span> <span class='ocrx_word' id='word_1_721' title='bbox 3580 3759 3717 3818; x_wconf 88' lang='lat' dir='ltr'><strong>unde</strong></span> <span class='ocrx_word' id='word_1_722' title='bbox 3748 3759 3790 3810; x_wconf 86' lang='lat' dir='ltr'><strong>et</strong></span> <span class='ocrx_word' id='word_1_723' title='bbox 3817 3762 3886 3822; x_wconf 75' lang='lat' dir='ltr'><strong>Per</strong></span> 
     </span>
    </p>
   </div>
   <div class='ocr_carea' id='block_1_98' title="bbox 2329 3840 3885 3929">
    <p class='ocr_par' dir='ltr' id='par_1_98' title="bbox 2329 3840 3885 3929">
     <span class='ocr_line' id='line_1_98' title="bbox 2329 3840 3885 3929; baseline -0.001 -18"><span class='ocrx_word' id='word_1_724' title='bbox 2329 3856 2686 3929; x_wconf 88' lang='lat' dir='ltr'><strong>prophetam</strong></span> <span class='ocrx_word' id='word_1_725' title='bbox 2714 3856 2934 3912; x_wconf 91' lang='lat' dir='ltr'><strong>Isaiam</strong></span> <span class='ocrx_word' id='word_1_726' title='bbox 2972 3854 3134 3911; x_wconf 89' lang='lat' dir='ltr'><strong>idem</strong></span> <span class='ocrx_word' id='word_1_727' title='bbox 3166 3856 3457 3912; x_wconf 91' lang='lat' dir='ltr'><strong>Dominus</strong></span> <span class='ocrx_word' id='word_1_728' title='bbox 3500 3850 3759 3926; x_wconf 86' lang='lat' dir='ltr'><strong>loquitur:</strong></span> <span class='ocrx_word' id='word_1_729' title='bbox 3800 3840 3885 3909; x_wconf 71' lang='grc' dir='ltr'><strong>Εσο</strong></span> 
     </span>
    </p>
   </div>
   <div class='ocr_carea' id='block_1_99' title="bbox 2329 3928 3885 4016">
    <p class='ocr_par' dir='ltr' id='par_1_99' title="bbox 2329 3928 3885 4016">
     <span class='ocr_line' id='line_1_99' title="bbox 2329 3928 3885 4016; baseline -0.008 -13"><span class='ocrx_word' id='word_1_730' title='bbox 2329 3928 2527 4003; x_wconf 87' lang='lat' dir='ltr'><strong>autem</strong></span> <span class='ocrx_word' id='word_1_731' title='bbox 2558 3962 2738 4016; x_wconf 87' lang='lat' dir='ltr'><strong>opera</strong></span> <span class='ocrx_word' id='word_1_732' title='bbox 2766 3961 2969 4002; x_wconf 87' lang='lat' dir='ltr'><strong>eorum</strong></span> <span class='ocrx_word' id='word_1_733' title='bbox 2991 3951 3043 4002; x_wconf 87' lang='lat' dir='ltr'><strong>et</strong></span> <span class='ocrx_word' id='word_1_734' title='bbox 3072 3947 3459 4016; x_wconf 82' lang='lat' dir='ltr'><strong>cogitationes</strong></span> <span class='ocrx_word' id='word_1_735' title='bbox 3488 3957 3671 4001; x_wconf 87' lang='lat' dir='ltr'><strong>eorum</strong></span> <span class='ocrx_word' id='word_1_736' title='bbox 3690 3932 3818 3993; x_wconf 78' lang='lat' dir='ltr'><strong>venio</strong></span> <span class='ocrx_word' id='word_1_737' title='bbox 3842 3928 3885 3979; x_wconf 65' lang='grc' dir='ltr'><strong>ατ</strong></span> 
     </span>
    </p>
   </div>
   <div class='ocr_carea' id='block_1_100' title="bbox 2331 4018 3993 4106">
    <p class='ocr_par' dir='ltr' id='par_1_100' title="bbox 2331 4018 3993 4106">
     <span class='ocr_line' id='line_1_100' title="bbox 2331 4018 3993 4106; baseline -0.002 -15"><span class='ocrx_word' id='word_1_738' title='bbox 2331 4050 2679 4106; x_wconf 86' lang='lat' dir='ltr'><strong>congregem</strong></span> <span class='ocrx_word' id='word_1_739' title='bbox 2708 4051 2842 4091; x_wconf 87' lang='lat' dir='ltr'><strong>cum</strong></span> <span class='ocrx_word' id='word_1_740' title='bbox 2871 4034 3141 4090; x_wconf 80' lang='lat' dir='ltr'><strong>omnibus</strong></span> <span class='ocrx_word' id='word_1_741' title='bbox 3171 4035 3447 4104; x_wconf 83' lang='lat' dir='ltr'><strong>gentibus</strong></span> <span class='ocrx_word' id='word_1_742' title='bbox 3491 4040 3542 4090; x_wconf 88' lang='lat' dir='ltr'><strong>et</strong></span> <span class='ocrx_word' id='word_1_743' title='bbox 3574 4026 3755 4100; x_wconf 74' lang='lat' dir='ltr'><strong>linguis</strong></span> <span class='ocrx_word' id='word_1_744' title='bbox 3785 4018 3881 4089; x_wconf 58' lang='lat'><strong>(154&#39;</strong></span> 
     </span>
    </p>
   </div>
   <div class='ocr_carea' id='block_1_101' title="bbox 2330 4108 3885 4197">
    <p class='ocr_par' dir='ltr' id='par_1_101' title="bbox 2330 4108 3885 4197">
     <span class='ocr_line' id='line_1_101' title="bbox 2330 4108 3885 4197; baseline -0.01 -17"><span class='ocrx_word' id='word_1_745' title='bbox 2330 4142 2475 4195; x_wconf 79' lang='lat' dir='ltr'><strong>LXVI,</strong></span> <span class='ocrx_word' id='word_1_746' title='bbox 2514 4125 2618 4196; x_wconf 85' lang='lat'><strong>18);</strong></span> <span class='ocrx_word' id='word_1_747' title='bbox 2659 4125 2824 4197; x_wconf 90' lang='lat' dir='ltr'><strong>quod</strong></span> <span class='ocrx_word' id='word_1_748' title='bbox 2855 4130 3100 4180; x_wconf 88' lang='lat' dir='ltr'><strong>sanctus</strong></span> <span class='ocrx_word' id='word_1_749' title='bbox 3131 4124 3529 4196; x_wconf 86' lang='lat' dir='ltr'><strong>Hieronymus</strong></span> <span class='ocrx_word' id='word_1_750' title='bbox 3549 4122 3623 4177; x_wconf 90' lang='lat' dir='ltr'><strong>ita</strong></span> <span class='ocrx_word' id='word_1_751' title='bbox 3645 4108 3885 4186; x_wconf 63' lang='lat' dir='ltr'><strong>explanat:</strong></span> 
     </span>
    </p>
   </div>
   <div class='ocr_carea' id='block_1_102' title="bbox 2404 4202 3887 4297">
    <p class='ocr_par' dir='ltr' id='par_1_102' title="bbox 2404 4202 3887 4297">
     <span class='ocr_line' id='line_1_102' title="bbox 2404 4202 3887 4297; baseline -0.004 -31"><span class='ocrx_word' id='word_1_752' title='bbox 2404 4213 2802 4285; x_wconf 87' lang='lat' dir='ltr'><strong>Hieronymus</strong></span> <span class='ocrx_word' id='word_1_753' title='bbox 2850 4213 2935 4285; x_wconf 81' lang='lat' dir='ltr'><strong>(in</strong></span> <span class='ocrx_word' id='word_1_754' title='bbox 2965 4214 3082 4270; x_wconf 89' lang='lat' dir='ltr'><strong>Isa.</strong></span> <span class='ocrx_word' id='word_1_755' title='bbox 3132 4229 3183 4269; x_wconf 91' lang='lat' dir='ltr'><strong>c.</strong></span> <span class='ocrx_word' id='word_1_756' title='bbox 3228 4230 3385 4283; x_wconf 76' lang='lat' dir='ltr'><strong>LXVI,</strong></span> <span class='ocrx_word' id='word_1_757' title='bbox 3432 4213 3550 4278; x_wconf 90' lang='lat'><strong>18):</strong></span> <span class='ocrx_word' id='word_1_758' title='bbox 3598 4202 3887 4297; x_wconf 59' lang='lat' dir='ltr'><strong>[Venittﬂ‘tl0</strong></span> 
     </span>
    </p>
   </div>
   <div class='ocr_carea' id='block_1_103' title="bbox 2331 4295 3888 4374">
    <p class='ocr_par' dir='ltr' id='par_1_103' title="bbox 2331 4295 3888 4374">
     <span class='ocr_line' id='line_1_103' title="bbox 2331 4295 3888 4374; baseline 0.001 -18"><span class='ocrx_word' id='word_1_759' title='bbox 2331 4304 2487 4357; x_wconf 87' lang='lat' dir='ltr'><strong>Deus</strong></span> <span class='ocrx_word' id='word_1_760' title='bbox 2546 4305 2612 4356; x_wconf 90' lang='lat' dir='ltr'><strong>ut</strong></span> <span class='ocrx_word' id='word_1_761' title='bbox 2640 4317 2826 4374; x_wconf 89' lang='lat' dir='ltr'><strong>opera</strong></span> <span class='ocrx_word' id='word_1_762' title='bbox 2879 4306 2937 4356; x_wconf 92' lang='lat' dir='ltr'><strong>et</strong></span> <span class='ocrx_word' id='word_1_763' title='bbox 2965 4301 3358 4373; x_wconf 80' lang='lat' dir='ltr'><strong>cogitationes</strong></span> <span class='ocrx_word' id='word_1_764' title='bbox 3416 4298 3711 4369; x_wconf 72' lang='lat' dir='ltr'><strong>congreget</strong></span> <span class='ocrx_word' id='word_1_765' title='bbox 3745 4295 3888 4374; x_wconf 67' lang='grc' dir='ltr'><strong>εωὲυζ</strong></span> 
     </span>
    </p>
   </div>
   <div class='ocr_carea' id='block_1_104' title="bbox 2325 4365 3890 4466">
    <p class='ocr_par' dir='ltr' id='par_1_104' title="bbox 2325 4365 3890 4466">
     <span class='ocr_line' id='line_1_104' title="bbox 2325 4365 3890 4466; baseline 0.001 -22"><span class='ocrx_word' id='word_1_766' title='bbox 2325 4389 2541 4446; x_wconf 92' lang='lat' dir='ltr'><strong>lorum.</strong></span> <span class='ocrx_word' id='word_1_767' title='bbox 2596 4393 2677 4445; x_wconf 83' lang='lat' dir='ltr'><strong>Ex</strong></span> <span class='ocrx_word' id='word_1_768' title='bbox 2724 4406 2846 4462; x_wconf 88' lang='lat' dir='ltr'><strong>quo</strong></span> <span class='ocrx_word' id='word_1_769' title='bbox 2894 4391 3183 4446; x_wconf 86' lang='lat' dir='ltr'><strong>discimus</strong></span> <span class='ocrx_word' id='word_1_770' title='bbox 3235 4407 3362 4447; x_wconf 89' lang='lat' dir='ltr'><strong>non</strong></span> <span class='ocrx_word' id='word_1_771' title='bbox 3420 4389 3607 4446; x_wconf 89' lang='lat' dir='ltr'><strong>solum</strong></span> <span class='ocrx_word' id='word_1_772' title='bbox 3627 4365 3890 4466; x_wconf 32' lang='lat' dir='ltr'><strong>operats‘ed.</strong></span> 
     </span>
    </p>
   </div>
   <div class='ocr_carea' id='block_1_105' title="bbox 2324 4461 3887 4561">
    <p class='ocr_par' dir='ltr' id='par_1_105' title="bbox 2324 4461 3887 4561">
     <span class='ocr_line' id='line_1_105' title="bbox 2324 4461 3887 4561; baseline -0.01 -25"><span class='ocrx_word' id='word_1_773' title='bbox 2324 4483 2380 4536; x_wconf 89' lang='lat' dir='ltr'><strong>et</strong></span> <span class='ocrx_word' id='word_1_774' title='bbox 2409 4461 2795 4550; x_wconf 89' lang='lat' dir='ltr'><strong>cogitationes</strong></span> <span class='ocrx_word' id='word_1_775' title='bbox 2842 4494 2971 4535; x_wconf 90' lang='lat' dir='ltr'><strong>esse</strong></span> <span class='ocrx_word' id='word_1_776' title='bbox 2998 4480 3061 4535; x_wconf 92' lang='lat' dir='ltr'><strong>in</strong></span> <span class='ocrx_word' id='word_1_777' title='bbox 3107 4479 3203 4536; x_wconf 90' lang='lat' dir='ltr'><strong>die</strong></span> <span class='ocrx_word' id='word_1_778' title='bbox 3218 4479 3431 4551; x_wconf 72' lang='lat' dir='ltr'><strong>iudicii</strong></span> <span class='ocrx_word' id='word_1_779' title='bbox 3453 4461 3887 4561; x_wconf 66' lang='lat' dir='ltr'><strong>judicandasQut</strong></span> 
     </span>
    </p>
   </div>
   <div class='ocr_carea' id='block_1_106' title="bbox 2322 4561 3885 4639">
    <p class='ocr_par' dir='ltr' id='par_1_106' title="bbox 2322 4561 3885 4639">
     <span class='ocr_line' id='line_1_106' title="bbox 2322 4561 3885 4639; baseline -0.002 -13"><span class='ocrx_word' id='word_1_780' title='bbox 2322 4569 2483 4626; x_wconf 90' lang='lat' dir='ltr'><strong>enim</strong></span> <span class='ocrx_word' id='word_1_781' title='bbox 2514 4569 2728 4626; x_wconf 87' lang='lat' dir='ltr'><strong>viderit</strong></span> <span class='ocrx_word' id='word_1_782' title='bbox 2770 4571 3081 4627; x_wconf 88' lang='lat' dir='ltr'><strong>mulierem</strong></span> <span class='ocrx_word' id='word_1_783' title='bbox 3136 4570 3217 4626; x_wconf 89' lang='lat' dir='ltr'><strong>ad</strong></span> <span class='ocrx_word' id='word_1_784' title='bbox 3267 4561 3885 4639; x_wconf 46' lang='lat' dir='ltr'><strong>concupiscendum)?”</strong></span> 
     </span>
    </p>
   </div>
   <div class='ocr_carea' id='block_1_107' title="bbox 2318 4636 3885 4729">
    <p class='ocr_par' dir='ltr' id='par_1_107' title="bbox 2318 4636 3885 4729">
     <span class='ocr_line' id='line_1_107' title="bbox 2318 4636 3885 4729; baseline -0.008 -12"><span class='ocrx_word' id='word_1_785' title='bbox 2318 4660 2647 4717; x_wconf 82' lang='lat' dir='ltr'><strong>moechatus</strong></span> <span class='ocrx_word' id='word_1_786' title='bbox 2695 4665 2778 4717; x_wconf 87' lang='lat' dir='ltr'><strong>est</strong></span> <span class='ocrx_word' id='word_1_787' title='bbox 2829 4675 2955 4717; x_wconf 87' lang='lat' dir='ltr'><strong>eam</strong></span> <span class='ocrx_word' id='word_1_788' title='bbox 2988 4662 3051 4717; x_wconf 89' lang='lat' dir='ltr'><strong>in</strong></span> <span class='ocrx_word' id='word_1_789' title='bbox 3091 4661 3269 4719; x_wconf 86' lang='lat' dir='ltr'><strong>corde</strong></span> <span class='ocrx_word' id='word_1_790' title='bbox 3316 4675 3420 4716; x_wconf 89' lang='lat' dir='ltr'><strong>suo</strong></span> <span class='ocrx_word' id='word_1_791' title='bbox 3450 4636 3691 4729; x_wconf 35' lang='lat' dir='ltr'><strong>—(Matth.</strong></span> <span class='ocrx_word' id='word_1_792' title='bbox 3726 4662 3766 4710; x_wconf 72' lang='grc' dir='ltr'>ν,</span> <span class='ocrx_word' id='word_1_793' title='bbox 3802 4636 3885 4705; x_wconf 67' lang='lat'><strong>23)-</strong></span> 
     </span>
    </p>
   </div>
   <div class='ocr_carea' id='block_1_108' title="bbox 2319 4738 3887 4822">
    <p class='ocr_par' dir='ltr' id='par_1_108' title="bbox 2319 4738 3887 4822">
     <span class='ocr_line' id='line_1_108' title="bbox 2319 4738 3887 4822; baseline -0.01 -18"><span class='ocrx_word' id='word_1_794' title='bbox 2319 4752 2399 4806; x_wconf 93' lang='lat' dir='ltr'><strong>De</strong></span> <span class='ocrx_word' id='word_1_795' title='bbox 2428 4750 2650 4822; x_wconf 90' lang='lat' dir='ltr'><strong>quibus</strong></span> <span class='ocrx_word' id='word_1_796' title='bbox 2692 4750 2941 4806; x_wconf 89' lang='lat' dir='ltr'><strong>dicitur:</strong></span> <span class='ocrx_word' id='word_1_797' title='bbox 2999 4750 3178 4807; x_wconf 87' lang='lat' dir='ltr'><strong>Nunc</strong></span> <span class='ocrx_word' id='word_1_798' title='bbox 3208 4746 3708 4807; x_wconf 82' lang='lat' dir='ltr'><strong>circumdederunt</strong></span> <span class='ocrx_word' id='word_1_799' title='bbox 3729 4738 3887 4822; x_wconf 72' lang='lat'><strong>803_€0&#39;</strong></span> 
     </span>
    </p>
   </div>
   <div class='ocr_carea' id='block_1_109' title="bbox 2316 4818 3885 4910">
    <p class='ocr_par' dir='ltr' id='par_1_109' title="bbox 2316 4818 3885 4910">
     <span class='ocr_line' id='line_1_109' title="bbox 2316 4818 3885 4910; baseline -0.016 -14"><span class='ocrx_word' id='word_1_800' title='bbox 2316 4818 2632 4910; x_wconf 73' lang='lat' dir='ltr'><strong>gitationes</strong></span> <span class='ocrx_word' id='word_1_801' title='bbox 2661 4854 2782 4895; x_wconf 74' lang='lat' dir='ltr'><strong>suae</strong></span> <span class='ocrx_word' id='word_1_802' title='bbox 2809 4840 2959 4910; x_wconf 90' lang='lat' dir='ltr'><strong>(Ose.</strong></span> <span class='ocrx_word' id='word_1_803' title='bbox 2994 4856 3098 4906; x_wconf 84' lang='lat' dir='ltr'><strong>vn,</strong></span> <span class='ocrx_word' id='word_1_804' title='bbox 3120 4838 3200 4907; x_wconf 82' lang='lat'><strong>3);</strong></span> <span class='ocrx_word' id='word_1_805' title='bbox 3238 4837 3486 4910; x_wconf 88' lang='lat' dir='ltr'><strong>quando</strong></span> <span class='ocrx_word' id='word_1_806' title='bbox 3509 4825 3772 4907; x_wconf 83' lang='lat' dir='ltr'><strong>judicabit</strong></span> <span class='ocrx_word' id='word_1_807' title='bbox 3808 4818 3885 4871; x_wconf 62' lang='lat' dir='ltr'><strong>Dc</strong></span> 
     </span>
    </p>
   </div>
   <div class='ocr_carea' id='block_1_110' title="bbox 2316 4918 3884 4986">
    <p class='ocr_par' dir='ltr' id='par_1_110' title="bbox 2316 4918 3884 4986">
     <span class='ocr_line' id='line_1_110' title="bbox 2316 4918 3884 4986; baseline -0.006 0"><span class='ocrx_word' id='word_1_808' title='bbox 2316 4930 2515 4986; x_wconf 88' lang='lat' dir='ltr'><strong>minus</strong></span> <span class='ocrx_word' id='word_1_809' title='bbox 2570 4928 2923 4985; x_wconf 85' lang='lat' dir='ltr'><strong>abscondita</strong></span> <span class='ocrx_word' id='word_1_810' title='bbox 2970 4929 3290 4985; x_wconf 90' lang='lat' dir='ltr'><strong>hominum</strong></span> <span class='ocrx_word' id='word_1_811' title='bbox 3323 4924 3646 4983; x_wconf 88' lang='lat' dir='ltr'><strong>secundum</strong></span> <span class='ocrx_word' id='word_1_812' title='bbox 3688 4918 3884 4976; x_wconf 78' lang='lat' dir='ltr'><strong>Evan8°&#39;</strong></span> 
     </span>
    </p>
   </div>
   <div class='ocr_carea' id='block_1_111' title="bbox 2313 4988 3886 5089">
    <p class='ocr_par' dir='ltr' id='par_1_111' title="bbox 2313 4988 3886 5089">
     <span class='ocr_line' id='line_1_111' title="bbox 2313 4988 3886 5089; baseline -0.011 -13"><span class='ocrx_word' id='word_1_813' title='bbox 2313 5018 2461 5076; x_wconf 89' lang='lat' dir='ltr'><strong>lium</strong></span> <span class='ocrx_word' id='word_1_814' title='bbox 2489 5019 2634 5073; x_wconf 89' lang='lat' dir='ltr'><strong>Jesu</strong></span> <span class='ocrx_word' id='word_1_815' title='bbox 2699 5018 2910 5074; x_wconf 86' lang='lat' dir='ltr'><strong>Christi</strong></span> <span class='ocrx_word' id='word_1_816' title='bbox 2946 5018 3109 5089; x_wconf 88' lang='lat' dir='ltr'><strong>(Luc.</strong></span> <span class='ocrx_word' id='word_1_817' title='bbox 3166 5032 3294 5088; x_wconf 81' lang='lat' dir='ltr'><strong>vni,</strong></span> <span class='ocrx_word' id='word_1_818' title='bbox 3341 5017 3462 5088; x_wconf 88' lang='lat' dir='ltr'><strong>l7);</strong></span> <span class='ocrx_word' id='word_1_819' title='bbox 3518 5017 3578 5069; x_wconf 88' lang='lat' dir='ltr'><strong>ut</strong></span> <span class='ocrx_word' id='word_1_820' title='bbox 3597 5004 3728 5066; x_wconf 88' lang='lat' dir='ltr'><strong>illud</strong></span> <span class='ocrx_word' id='word_1_821' title='bbox 3750 4988 3886 5089; x_wconf 50' lang='lat' dir='ltr'><strong>quadt</strong></span> 
     </span>
    </p>
   </div>
   <div class='ocr_carea' id='block_1_112' title="bbox 2314 5085 3885 5191">
    <p class='ocr_par' dir='ltr' id='par_1_112' title="bbox 2314 5085 3885 5191">
     <span class='ocr_line' id='line_1_112' title="bbox 2314 5085 3885 5191; baseline -0.011 -26"><span class='ocrx_word' id='word_1_822' title='bbox 2314 5107 2632 5181; x_wconf 77' lang='lat' dir='ltr'><strong>Apostolus</strong></span> <span class='ocrx_word' id='word_1_823' title='bbox 2663 5106 2864 5163; x_wconf 90' lang='lat' dir='ltr'><strong>scribit</strong></span> <span class='ocrx_word' id='word_1_824' title='bbox 2888 5085 3130 5164; x_wconf 82' lang='lat' dir='ltr'><strong>veritate</strong></span> <span class='ocrx_word' id='word_1_825' title='bbox 3149 5085 3357 5179; x_wconf 69' lang='lat' dir='ltr'><strong>iudicii</strong></span> <span class='ocrx_word' id='word_1_826' title='bbox 3378 5085 3800 5191; x_wconf 66' lang='lat' dir='ltr'><strong>comprobatur:</strong></span> 
     </span>
    </p>
   </div>
   <div class='ocr_carea' id='block_1_113' title="bbox 2315 5179 3884 5270">
    <p class='ocr_par' dir='ltr' id='par_1_113' title="bbox 2315 5179 3884 5270">
     <span class='ocr_line' id='line_1_113' title="bbox 2315 5179 3884 5270; baseline -0.012 -13"><span class='ocrx_word' id='word_1_827' title='bbox 2315 5179 2497 5257; x_wconf 78' lang='lat' dir='ltr'><strong>vicem</strong></span> <span class='ocrx_word' id='word_1_828' title='bbox 2529 5197 2988 5267; x_wconf 85' lang='lat' dir='ltr'><strong>cogitationibus</strong></span> <span class='ocrx_word' id='word_1_829' title='bbox 3012 5196 3429 5255; x_wconf 80' lang='lat' dir='ltr'><strong>accusantibus</strong></span> <span class='ocrx_word' id='word_1_830' title='bbox 3459 5200 3511 5251; x_wconf 87' lang='lat' dir='ltr'><strong>et</strong></span> <span class='ocrx_word' id='word_1_831' title='bbox 3540 5179 3884 5270; x_wconf 35' lang='lat' dir='ltr'><strong>satisfaciam?</strong></span> 
     </span>
    </p>
   </div>
   <div class='ocr_carea' id='block_1_114' title="bbox 2318 5271 3884 5358">
    <p class='ocr_par' dir='ltr' id='par_1_114' title="bbox 2318 5271 3884 5358">
     <span class='ocr_line' id='line_1_114' title="bbox 2318 5271 3884 5358; baseline -0.007 -13"><span class='ocrx_word' id='word_1_832' title='bbox 2318 5288 2445 5352; x_wconf 85' lang='lat' dir='ltr'><strong>bus,</strong></span> <span class='ocrx_word' id='word_1_833' title='bbox 2491 5288 2553 5345; x_wconf 87' lang='lat' dir='ltr'><strong>in</strong></span> <span class='ocrx_word' id='word_1_834' title='bbox 2582 5287 2678 5344; x_wconf 89' lang='lat' dir='ltr'><strong>die</strong></span> <span class='ocrx_word' id='word_1_835' title='bbox 2729 5301 2850 5358; x_wconf 87' lang='lat' dir='ltr'><strong>qua</strong></span> <span class='ocrx_word' id='word_1_836' title='bbox 2887 5287 3193 5357; x_wconf 86' lang='lat' dir='ltr'><strong>judicabit</strong></span> <span class='ocrx_word' id='word_1_837' title='bbox 3220 5287 3379 5344; x_wconf 83' lang='lat' dir='ltr'><strong>Deus</strong></span> <span class='ocrx_word' id='word_1_838' title='bbox 3412 5278 3730 5341; x_wconf 78' lang='lat' dir='ltr'><strong>abscondita</strong></span> <span class='ocrx_word' id='word_1_839' title='bbox 3754 5271 3884 5323; x_wconf 61' lang='lat' dir='ltr'><strong>how“</strong></span> 
     </span>
    </p>
   </div>
   <div class='ocr_carea' id='block_1_115' title="bbox 2311 5364 3882 5447">
    <p class='ocr_par' dir='ltr' id='par_1_115' title="bbox 2311 5364 3882 5447">
     <span class='ocr_line' id='line_1_115' title="bbox 2311 5364 3882 5447; baseline -0.011 -15"><span class='ocrx_word' id='word_1_840' title='bbox 2311 5389 2456 5431; x_wconf 84' lang='lat' dir='ltr'><strong>num</strong></span> <span class='ocrx_word' id='word_1_841' title='bbox 2476 5374 2665 5446; x_wconf 82' lang='lat' dir='ltr'><strong>(Rom.</strong></span> <span class='ocrx_word' id='word_1_842' title='bbox 2694 5390 2762 5447; x_wconf 88' lang='grc' dir='ltr'><strong>ιι,</strong></span> <span class='ocrx_word' id='word_1_843' title='bbox 2787 5379 2872 5447; x_wconf 84' lang='lat' dir='ltr'><strong>t5,</strong></span> <span class='ocrx_word' id='word_1_844' title='bbox 2901 5379 2991 5445; x_wconf 84' lang='grc'><strong>16)</strong></span> <span class='ocrx_word' id='word_1_845' title='bbox 3014 5389 3038 5447; x_wconf 87' lang='grc'><strong><em>;</em></strong></span> <span class='ocrx_word' id='word_1_846' title='bbox 3066 5380 3130 5432; x_wconf 90' lang='lat' dir='ltr'><strong>ut</strong></span> <span class='ocrx_word' id='word_1_847' title='bbox 3153 5374 3533 5445; x_wconf 86' lang='lat' dir='ltr'><strong>cogitationes</strong></span> <span class='ocrx_word' id='word_1_848' title='bbox 3557 5366 3752 5425; x_wconf 70' lang='lat' dir='ltr'><strong>nostras</strong></span> <span class='ocrx_word' id='word_1_849' title='bbox 3792 5364 3882 5411; x_wconf 75' lang='lat' dir='ltr'><strong>om‘</strong></span> 
     </span>
    </p>
   </div>
   <div class='ocr_carea' id='block_1_116' title="bbox 2309 5453 3880 5538">
    <p class='ocr_par' dir='ltr' id='par_1_116' title="bbox 2309 5453 3880 5538">
     <span class='ocr_line' id='line_1_116' title="bbox 2309 5453 3880 5538; baseline -0.004 -20"><span class='ocrx_word' id='word_1_850' title='bbox 2309 5479 2416 5519; x_wconf 91' lang='lat' dir='ltr'><strong>nes</strong></span> <span class='ocrx_word' id='word_1_851' title='bbox 2436 5480 2559 5521; x_wconf 92' lang='lat' dir='ltr'><strong>uno</strong></span> <span class='ocrx_word' id='word_1_852' title='bbox 2582 5468 2852 5538; x_wconf 90' lang='lat' dir='ltr'><strong>tempore</strong></span> <span class='ocrx_word' id='word_1_853' title='bbox 2884 5470 3260 5538; x_wconf 58' lang='lat' dir='ltr'><strong>congregata</strong></span> <span class='ocrx_word' id='word_1_854' title='bbox 3276 5466 3501 5538; x_wconf 88' lang='lat' dir='ltr'><strong>justum</strong></span> <span class='ocrx_word' id='word_1_855' title='bbox 3529 5455 3764 5532; x_wconf 72' lang='lat' dir='ltr'><strong>iudicem</strong></span> <span class='ocrx_word' id='word_1_856' title='bbox 3783 5453 3880 5538; x_wconf 62' lang='grc' dir='ltr'><strong>Ρτος</strong></span> 
     </span>
    </p>
   </div>
   <div class='ocr_carea' id='block_1_117' title="bbox 549 5527 3882 5621">
    <p class='ocr_par' dir='ltr' id='par_1_117' title="bbox 549 5527 3882 5621">
     <span class='ocr_line' id='line_1_117' title="bbox 549 5527 3882 5621; baseline 0 -23"><span class='ocrx_word' id='word_1_857' title='bbox 549 5543 713 5599; x_wconf 86' lang='lat' dir='ltr'><strong>ribus</strong></span> <span class='ocrx_word' id='word_1_858' title='bbox 744 5545 929 5615; x_wconf 86' lang='lat' dir='ltr'><strong>bonis,</strong></span> <span class='ocrx_word' id='word_1_859' title='bbox 978 5562 1110 5618; x_wconf 71' lang='lat' dir='ltr'><strong>quas</strong></span> <span class='ocrx_word' id='word_1_860' title='bbox 1159 5547 1539 5618; x_wconf 67' lang='lat' dir='ltr'><strong>praeparavit</strong></span> <span class='ocrx_word' id='word_1_861' title='bbox 1595 5547 1773 5612; x_wconf 88' lang='lat' dir='ltr'><strong>Deus,</strong></span> <span class='ocrx_word' id='word_1_862' title='bbox 1834 5554 1900 5605; x_wconf 89' lang='lat' dir='ltr'><strong>ut</strong></span> <span class='ocrx_word' id='word_1_863' title='bbox 1958 5550 2020 5606; x_wconf 86' lang='lat' dir='ltr'><strong>in</strong></span> <span class='ocrx_word' id='word_1_864' title='bbox 2076 5527 2201 5609; x_wconf 84' lang='lat' dir='ltr'><strong>illis</strong></span> <span class='ocrx_word' id='word_1_865' title='bbox 2306 5550 2469 5621; x_wconf 88' lang='lat' dir='ltr'><strong>bent,</strong></span> <span class='ocrx_word' id='word_1_866' title='bbox 2501 5553 2650 5611; x_wconf 90' lang='lat' dir='ltr'><strong>dum</strong></span> <span class='ocrx_word' id='word_1_867' title='bbox 2680 5527 2785 5613; x_wconf 62' lang='lat' dir='ltr'><strong>aut</strong></span> <span class='ocrx_word' id='word_1_868' title='bbox 2812 5527 3059 5614; x_wconf 68' lang='lat' dir='ltr'><strong>accusat</strong></span> <span class='ocrx_word' id='word_1_869' title='bbox 3082 5527 3194 5615; x_wconf 52' lang='lat' dir='ltr'><strong>nvos</strong></span> <span class='ocrx_word' id='word_1_870' title='bbox 3216 5527 3420 5612; x_wconf 67' lang='lat' dir='ltr'><strong>ndstra</strong></span> <span class='ocrx_word' id='word_1_871' title='bbox 3451 5527 3882 5608; x_wconf 57' lang='lat' dir='ltr'><strong>conscientia.aui</strong></span> 
     </span>
    </p>
   </div>
   <div class='ocr_carea' id='block_1_118' title="bbox 549 5626 3880 5717">
    <p class='ocr_par' dir='ltr' id='par_1_118' title="bbox 549 5626 3880 5717">
     <span class='ocr_line' id='line_1_118' title="bbox 549 5626 3880 5717; baseline -0.002 -27"><span class='ocrx_word' id='word_1_872' title='bbox 549 5632 920 5691; x_wconf 82' lang='lat' dir='ltr'><strong>ambulemus</strong></span> <span class='ocrx_word' id='word_1_873' title='bbox 955 5635 1192 5705; x_wconf 66' lang='lat' dir='ltr'><strong>(Ep/res.</strong></span> <span class='ocrx_word' id='word_1_874' title='bbox 1223 5652 1283 5703; x_wconf 90' lang='grc' dir='ltr'><strong>ιι,</strong></span> <span class='ocrx_word' id='word_1_875' title='bbox 1339 5635 1489 5707; x_wconf 77' lang='grc'><strong>8-10)</strong></span> <span class='ocrx_word' id='word_1_876' title='bbox 1519 5635 1668 5692; x_wconf 84' lang='lat' dir='ltr'><strong>Hine</strong></span> <span class='ocrx_word' id='word_1_877' title='bbox 1718 5652 1861 5708; x_wconf 83' lang='lat' dir='ltr'><strong>ergo</strong></span> <span class='ocrx_word' id='word_1_878' title='bbox 1907 5638 2200 5699; x_wconf 69' lang='lat' dir='ltr'><strong>emcimur</strong></span> <span class='ocrx_word' id='word_1_879' title='bbox 2307 5641 2591 5700; x_wconf 84' lang='lat' dir='ltr'><strong>satisfacit</strong></span> <span class='ocrx_word' id='word_1_880' title='bbox 2617 5660 2729 5717; x_wconf 88' lang='lat' dir='ltr'><strong>pro</strong></span> <span class='ocrx_word' id='word_1_881' title='bbox 2759 5644 3016 5714; x_wconf 88' lang='lat' dir='ltr'><strong>delicto;</strong></span> <span class='ocrx_word' id='word_1_882' title='bbox 3045 5651 3243 5704; x_wconf 85' lang='lat' dir='ltr'><strong>utrum</strong></span> <span class='ocrx_word' id='word_1_883' title='bbox 3268 5644 3441 5717; x_wconf 84' lang='lat' dir='ltr'><strong>plura</strong></span> <span class='ocrx_word' id='word_1_884' title='bbox 3469 5639 3578 5697; x_wconf 85' lang='lat' dir='ltr'><strong>sint</strong></span> <span class='ocrx_word' id='word_1_885' title='bbox 3596 5626 3880 5717; x_wconf 39' lang='lat' dir='ltr'><strong>peccata.”</strong></span> 
     </span>
    </p>
   </div>
   <div class='ocr_carea' id='block_1_119' title="bbox 550 5705 3877 5807">
    <p class='ocr_par' dir='ltr' id='par_1_119' title="bbox 550 5705 3877 5807">
     <span class='ocr_line' id='line_1_119' title="bbox 550 5705 3877 5807; baseline 0 -33"><span class='ocrx_word' id='word_1_886' title='bbox 550 5734 686 5775; x_wconf 77' lang='lat' dir='ltr'><strong>vero</strong></span> <span class='ocrx_word' id='word_1_887' title='bbox 713 5718 885 5777; x_wconf 88' lang='lat' dir='ltr'><strong>liberi</strong></span> <span class='ocrx_word' id='word_1_888' title='bbox 920 5736 1061 5778; x_wconf 88' lang='lat' dir='ltr'><strong>cum</strong></span> <span class='ocrx_word' id='word_1_889' title='bbox 1100 5725 1256 5779; x_wconf 87' lang='lat' dir='ltr'><strong>Deus</strong></span> <span class='ocrx_word' id='word_1_890' title='bbox 1308 5738 1423 5780; x_wconf 90' lang='lat' dir='ltr'><strong>nos</strong></span> <span class='ocrx_word' id='word_1_891' title='bbox 1471 5705 1625 5795; x_wconf 77' lang='lat' dir='ltr'><strong>ﬁgit,</strong></span> <span class='ocrx_word' id='word_1_892' title='bbox 1681 5724 1744 5782; x_wconf 92' lang='lat' dir='ltr'><strong>id</strong></span> <span class='ocrx_word' id='word_1_893' title='bbox 1774 5705 1862 5783; x_wconf 78' lang='lat' dir='ltr'><strong>est</strong></span> <span class='ocrx_word' id='word_1_894' title='bbox 1888 5718 2106 5788; x_wconf 80' lang='lat' dir='ltr'><strong>format</strong></span> <span class='ocrx_word' id='word_1_895' title='bbox 2137 5732 2201 5786; x_wconf 87' lang='lat' dir='ltr'><strong>et-</strong></span> <span class='ocrx_word' id='word_1_896' title='bbox 2300 5730 2465 5790; x_wconf 87' lang='lat' dir='ltr'><strong>bona</strong></span> <span class='ocrx_word' id='word_1_897' title='bbox 2491 5705 2697 5807; x_wconf 68' lang='lat' dir='ltr'><strong>opera,</strong></span> <span class='ocrx_word' id='word_1_898' title='bbox 2723 5738 2783 5792; x_wconf 89' lang='lat' dir='ltr'><strong>et</strong></span> <span class='ocrx_word' id='word_1_899' title='bbox 2800 5705 3014 5794; x_wconf 34' lang='lat' dir='ltr'><strong>utrum.</strong></span> <span class='ocrx_word' id='word_1_900' title='bbox 3033 5739 3231 5795; x_wconf 87' lang='lat' dir='ltr'><strong>vetera</strong></span> <span class='ocrx_word' id='word_1_901' title='bbox 3268 5705 3358 5793; x_wconf 65' lang='lat' dir='ltr'><strong>an</strong></span> <span class='ocrx_word' id='word_1_902' title='bbox 3384 5742 3571 5795; x_wconf 84' lang='lat' dir='ltr'><strong>nova;</strong></span> <span class='ocrx_word' id='word_1_903' title='bbox 3597 5705 3770 5780; x_wconf 79' lang='lat' dir='ltr'><strong>utrum</strong></span> <span class='ocrx_word' id='word_1_904' title='bbox 3799 5705 3877 5763; x_wconf 75' lang='grc' dir='ltr'><strong>άθ·</strong></span> 
     </span>
    </p>
   </div>
  </div>
