4112 6184
189 219 326 275 1061

1136 224 1226 278 ne
1263 202 1924 278 PRAEDESTINATIONE
1961 221 2235 280 CONTRA
2273 211 2327 280 J.
2371 225 2662 286 scoruu.

3470 223 3606 292 £662

181 343 307 400 leta
356 341 726 414 pcenitentia,
774 358 854 399 an
901 343 1072 400 novis
1123 345 1445 401 sceleribus
1489 340 1839 415 instaurata,
1871 347 1918 400 Α
1959 343 2232 405 facultas.
2257 352 2478 422 Nempe
2527 331 2728 410 mirari
2763 333 2906 410 satis
2936 369 3058 411 non
3099 350 3270 413 valeo
3300 362 3355 414 te
3383 347 3606 418 dixisse

178 431 435 505 quando
461 430 602 486 dicit
630 431 952 488 Dominus:
1000 433 1134 489 Vias
1155 451 1358 491 eorum
1394 436 1532 492 dedi
1551 437 1612 490 in
1643 436 1843 504 capita

177 537 417 590 eorum,
448 528 499 577 et
553 523 939 598 cogitationes
959 539 1162 579 eorum
1194 525 1442 582 reddam
1477 528 1556 582 eis
1610 525 1738 594 (Osc
1766 540 1840 590 iv,

173 612 258 680 9)⁴
293 609 414 678 Qui
433 611 612 680 ﬁnxit
645 612 960 682 sigillatim
993 616 1175 670 corda
1217 630 1440 684 eormn,
1469 622 1525 671 et
1555 617 1840 686 intelligit

174 700 384 755 omnia
405 713 587 768 opera
619 713 821 755 eorum
847 697 1224 772 (Psal.xx.\u,
1249 705 1320 774 5).
1349 707 1427 759 De
1457 703 1676 776 quibus
1707 703 1838 758 etin

175 787 299 844 alio
326 786 462 843 loco
503 785 794 857 legimus:
853 791 942 845 Tu
972 795 1274 862 cognoscis
1305 793 1487 848 corda
1533 792 1835 847 hominum

171 877 342 934 solus
374 877 467 944 (II
487 877 634 932 Par.
669 893 746 946 γι,
779 879 892 951 30).
925 883 1110 936 Nemo
1138 881 1296 937 enim
1329 882 1400 937 sit
1429 898 1563 954 quae
1596 887 1734 936 sunt
1775 881 1834 936 in

171 965 444 1032 homine,
468 965 586 1020 nisi
629 965 870 1038 spiritus
899 967 1161 1024 hominis
1185 970 1287 1042 qui
1318 971 1486 1026 estin
1518 986 1589 1025 eo
1618 970 1662 1040 (Ι
1694 971 1831 1026 Cor.

168 1070 242 1126 ιι,
280 1054 381 1125 Η).
419 1053 582 1109 Unde
616 1060 676 1110 et
701 1070 806 1127 per
828 1059 1146 1114 Jeremiam
1189 1059 1452 1133 loquitur
1481 1061 1671 1115 Deus:
1703 1061 1833 1130 Ego

173 1145 336 1202 Deus
367 1145 884 1215 appropinquans,
916 1152 970 1202 et
996 1165 1116 1203 non
1150 1148 1221 1204 de
1253 1150 1446 1220 longe,
1465 1149 1611 1204 dicit
1638 1151 1836 1205 Domi-

175 1247 329 1288 nus:
355 1233 630 1304 nunquid
653 1233 960 1290 abscondit
991 1251 1052 1292 se
1081 1237 1143 1292 in
1171 1237 1532 1293 absconditis
1556 1238 1746 1304 homo,
1779 1244 1831 1293 et

172 1336 284 1392 ego
310 1321 639 1392 ignorabo?
670 1325 812 1392 (Jer.
863 1341 1030 1388 xxui,
1057 1329 1167 1393 23).
1194 1326 1458 1398 Denique
1485 1327 1563 1382 ad
1597 1327 1832 1382 Scribas

169 1409 394 1465 dicitur
413 1414 472 1465 et
500 1409 823 1466 Pharisaaos
852 1430 864 1464 :
909 1414 1016 1469 Vos
1047 1417 1184 1470 estis
1212 1416 1318 1485 qui
1332 1416 1686 1484 justiﬁcatis
1714 1432 1836 1471 vos-

167 1498 452 1568 metipsos
475 1513 675 1554 coram
707 1501 1078 1558 hominibus:
1117 1508 1262 1559 Deus
1294 1510 1492 1560 autem
1536 1507 1836 1574 cognoscit

169 1587 366 1644 corda
393 1593 590 1644 vestra
616 1591 784 1656 (Luc.
807 1607 918 1656 xu,
955 1592 1062 1663 15).
1087 1596 1148 1648 In
1181 1608 1304 1664 quo
1326 1592 1835 1648 considerandum

1957 435 2080 492 sine
2111 439 2226 493 Deo
2251 455 2363 495 nos
2395 440 2540 496 nihil
2571 457 2749 514 posse
2767 443 2982 518 facere,
3005 460 3184 518 posse
3211 449 3410 504 autem
3436 427 3602 506 velle.

1952 524 2100 580 Cum
2130 527 2179 582 si
2211 529 2542 584 secundum
2590 533 2642 585 te
2673 516 2847 587 nobis
2876 516 3024 588 velle
3073 540 3161 590 est
3188 551 3338 605 esse,
3392 536 3449 593 et
3479 535 3606 593 sine

1951 613 2136 670 dubio
2189 617 2314 672 sine
2358 619 2478 674 Deo
2518 634 2648 674 esse
2695 607 3035 677 nullatenus
3083 623 3412 696 possimus,
3459 641 3608 699 quo-

1949 703 2132 782 modo
2165 705 2290 760 sine
2321 705 2453 778 ipso
2484 707 2632 763 velle
2663 711 2965 780 possimus
2989 711 3018 766 ?
3069 705 3121 768 Si
3149 708 3309 769 enim
3331 715 3457 770 sine
3487 710 3606 772 Deo

1946 791 2096 848 velle
2125 809 2472 865 possumus,
2514 799 2658 869 quia
2691 799 2841 856 sicut
2894 803 3108 857 astruis
3136 789 3279 859 velle
3308 801 3487 860 nobis
3517 811 3608 862 est

1946 896 2095 950 esse,
2129 897 2452 954 possumus
2479 901 2610 942 esse
2651 889 2777 945 sine
2808 893 2948 947 Deo.
2978 895 3104 948 Non
3161 886 3363 950 autem
3393 909 3606 967 possu-

1944 987 2081 1026 mus
2111 989 2242 1029 csse
2274 974 2398 1029 sine
2429 978 2548 1032 Deo
2583 996 2596 1046 ;
2627 979 2891 1050 sequitur
2920 997 3063 1051 ergo
3091 987 3155 1039 ut
3183 999 3293 1040 nec
3323 976 3469 1040 velle
3495 982 3604 1042 bo-

1942 1076 2091 1116 num
2141 1079 2469 1136 possumus
2502 1065 2626 1121 sine
2663 1071 2796 1122 Deo.
2833 1071 2959 1134 Quo
3009 1072 3164 1126 enim
3214 1076 3388 1144 pacto
3417 1075 3608 1147 possit

1943 1150 2087 1206 velle
2121 1152 2246 1208 sine
2279 1156 2420 1225 lleo,
2451 1154 2556 1228 qui
2586 1173 2709 1212 non
2735 1159 2924 1230 possit
2953 1176 3080 1216 esse
3109 1161 3235 1218 sine
3265 1156 3384 1220 Deo
3405 1164 3434 1219 ‘t
3455 1168 3605 1220 Nam

1943 1243 2000 1294 et
2032 1239 2079 1294 si
2118 1241 2176 1295 in
2204 1241 2318 1298 hoc
2351 1244 2581 1300 Domini
2617 1262 2893 1302 sermone
2924 1241 2998 1303 de
3030 1249 3158 1305 solo
3190 1240 3370 1323 opere
3393 1244 3604 1309 intelli-

1945 1329 2211 1398 gendum
2242 1333 2376 1404 quis
2403 1340 2620 1401 censet,
2677 1335 2818 1391 audi
2849 1337 2994 1410 quid
3045 1339 3358 1411 apostolus
3401 1343 3598 1398 dicat:

1943 1418 2279 1486 Fiduciam,
2312 1421 2524 1493 inquit,
2586 1425 2764 1479 talem
2808 1427 3090 1482 habemus
3129 1427 3211 1484 ad
3261 1429 3601 1500 Dominum,

1944 1522 2065 1561 non
2087 1508 2246 1578 quod
2273 1511 2636 1579 sufﬁcientes
2674 1515 2856 1569 simus
2881 1518 3146 1588 cogitare
3173 1519 3410 1590 aliquid
3445 1537 3481 1577 a
3503 1537 3604 1576 no-

1949 1595 2034 1650 bis
2064 1598 2237 1666 quasi
2266 1613 2342 1654 ea:
2371 1599 2536 1655 nobis
2559 1613 2582 1670 ;
2622 1601 2724 1656 sed
2752 1603 3117 1672 sufﬁcientia
3157 1613 3365 1663 nostra
3395 1624 3464 1664 ea:
3486 1615 3605 1664 Deo

166 1677 344 1750 quod
364 1692 488 1732 non
506 1676 735 1744 dixerit,
750 1681 919 1734 Pater
928 1679 1100 1750 juxta
1119 1681 1537 1737 haereticorum
1559 1682 1836 1754 blasphe~
1867 1701 1906 1754 Β
1947 1689 2043 1766 est
2069 1687 2134 1750 (ll
2169 1685 2303 1768 Cor.
2337 1703 2425 1758 Ill,
2476 1692 2508 1744 4
2541 1693 2596 1744 et
2625 1693 2704 1768 ὅ).
2756 1691 2862 1746 Ubi
2891 1693 3150 1750 ostendit
3189 1694 3387 1767 ipsum
3427 1683 3604 1752 bonze

163 1767 354 1832 mlas,
370 1783 446 1822 ne
473 1765 683 1822 Filium
703 1767 1000 1824 videretur
1019 1771 1464 1839 excludere,sed
1497 1772 1835 1845 l)eus,quod

165 1855 329 1912 Patri
359 1854 623 1928 Filioque
637 1873 957 1912 commune
976 1863 1063 1914 est
1082 1877 1094 1913 :
1119 1863 1188 1913 In
1195 1861 1498 1929 principio
1524 1860 1684 1916 enim
1705 1868 1831 1917 erat

185 1944 444 2002 Verbum
469 1950 523 2001 et
567 1945 818 2002 Verbum
845 1952 976 2002 erat
1005 1947 1171 2017 apud
1197 1949 1417 2004 Deum:
1447 1955 1499 2004 et
1527 1951 1680 2006 Deus
1704 1957 1832 2006 erat

182 2033 458 2090 Verbum.
489 2034 618 2090 Hoc
641 2040 772 2090 erat
795 2038 856 2091 in
883 2037 1185 2105 principio
1217 2039 1383 2106 apud
1411 2039 1599 2094 Deum
1632 2039 1828 2108 (Joan.

170 2138 220 2184 ι,
255 2126 308 2188 l,
335 2122 414 2191 2).
441 2123 521 2177 De
552 2138 674 2194 quo
698 2123 858 2178 idem
906 2127 1167 2180 Joannes
1217 2126 1448 2182 scribit:
1484 2129 1610 2196 Ipse
1635 2134 1833 2183 autem

171 2212 347 2268 Jesus
362 2227 480 2267 non
497 2212 773 2269 credebat
799 2229 860 2270 se
878 2215 979 2281 eis,
1001 2216 1142 2286 quia
1162 2217 1380 2272 sciebat
1405 2233 1621 2282 omnes,
1638 2223 1690 2272 et
1713 2233 1831 2271 non

171 2299 432 2355 habebat
480 2315 713 2357 necesse
742 2307 806 2356 ut
851 2303 1072 2374 aliquis
1123 2305 1518 2359 testimonium
1571 2305 1740 2360 daret
1782 2305 1836 2360 ei

167 2389 246 2444 de
276 2387 554 2460 homine;
584 2390 708 2458 ipse
736 2393 890 2446 enim
923 2391 1141 2447 sciebat
1174 2393 1320 2463 quid
1339 2398 1483 2448 esset
1505 2393 1566 2447 in
1599 2394 1834 2449 homine

165 2479 371 2549 (Joan.
405 2493 443 2543 ι,
477 2481 588 2550 24).
613 2479 718 2534 Cui
739 2484 797 2535 et
823 2479 970 2534 illud
995 2481 1290 2551 congruit,
1307 2484 1496 2537 sciens
1521 2487 1718 2539 autem
1740 2485 1830 2536 Je-

163 2582 268 2622 sus
299 2567 687 2638 cogitationes
717 2583 920 2624 eorum
954 2571 1116 2634 \Luc.
1153 2586 1226 2638 γι,
1255 2572 1398 2641 8),et
1423 2571 1482 2625 in
1511 2569 1626 2626 alio
1656 2571 1788 2626 loco
1815 2588 1828 2636 ;

159 2655 376 2712 Sciens
405 2663 600 2712 autem
627 2657 792 2712 Jesus
806 2657 1100 2714 malitiam
1125 2674 1326 2714 eorum
1343 2657 1827 2729 (Matth.xx1,l8).

161 2749 250 2798 Ac
279 2757 359 2798 ne
383 2741 587 2816 aliqua
603 2743 678 2800 sit
705 2743 998 2800 dubitatio
1025 2745 1318 2801 haereticis
1350 2746 1716 2802 calumniam
1746 2746 1833 2803 fa-

167 2831 471 2888 cientibus
515 2831 590 2888 de
623 2832 813 2889 Verbo
845 2834 965 2901 Dei,
1021 2835 1186 2906 quod
1235 2837 1466 2892 noverit
1520 2837 1744 2902 omnia,
1769 2837 1831 2891 in

170 2920 442 2994 Epistola
470 2937 606 2994 quae
637 2921 714 2977 ad
748 2921 1024 2978 Hebraeos
1049 2923 1344 2990 scribitur,
1369 2924 1660 2996 prolixius
1693 2924 1835 2979 dici-

169 3015 310 3066 tur:
359 3011 571 3066 Vivens
598 3012 753 3068 enim
791 3027 983 3068 sermo
1011 3013 1122 3068 Dei
1165 3018 1218 3068 et
1249 3014 1485 3110 evidens
1515 3019 1573 3070 et
1618 3019 1832 3070 acutus
1862 3053 1902 3110 Ο

168 3114 358 3170 super
386 3115 612 3156 omnem
641 3101 918 3172 gladium
935 3101 1250 3170 bicipitem,
1269 3108 1321 3158 et
1354 3101 1623 3158 dividens
1650 3118 1835 3174 usque

169 3189 258 3246 ad
268 3191 658 3259 partitionem
687 3191 906 3246 animo?
931 3196 988 3246 et
1011 3192 1284 3260 spiritus,
1315 3197 1560 3248 artuum
1601 3206 1834 3263 quoque

172 3284 230 3334 et
258 3277 685 3343 medullarum,
714 3285 766 3335 et
783 3279 984 3349 judea:
1015 3281 1444 3354 cogitationum
1469 3287 1522 3336 et
1553 3296 1832 3337 sensuum

179 3365 718 3438 cordis.Nullaque
736 3373 818 3424 est
849 3374 1132 3424 creatura
1160 3369 1478 3425 invisibilis
1497 3371 1558 3424 in
1591 3385 1833 3438 conspe-

171 3457 282 3510 ctu
309 3455 454 3523 ejus.
485 3453 692 3511 Omnia
721 3462 918 3513 autem
946 3457 1111 3513 nuda
1142 3463 1194 3514 et
1235 3463 1446 3527 aperta
1475 3463 1613 3514 sunt
1647 3459 1833 3514 oculis

166 3541 368 3612 illius,
394 3543 470 3599 de
522 3561 644 3616 quo
673 3546 839 3602 nobis
895 3561 1086 3602 sermo
1115 3553 1198 3602 est
1253 3547 1454 3619 (Hebr.
1498 3563 1574 3612 1v,
1602 3553 1684 3615 l2,
1724 3549 1829 3618 l3).

167 3633 498 3703 Postquam
521 3638 722 3690 autem
745 3650 954 3689 omnes
983 3635 1372 3703 cogitationes
1405 3637 1465 3691 in
1498 3653 1686 3692 unum
1713 3637 1833 3692 fue-

165 3721 294 3776 rint
321 3728 726 3794 congregatae,
752 3731 1103 3780 accusantes
1129 3741 1238 3780 nos
1265 3725 1358 3781 vel
1407 3725 1792 3782 defendentes
1817 3744 1829 3782 :

166 3811 319 3865 tunc
347 3825 559 3866 omnes
590 3817 796 3882 gentes
827 3818 885 3868 et
933 3813 1152 3884 linguae
1184 3829 1323 3869 cum
1373 3815 1834 3883 cogitationibus

167 3897 300 3954 suis
330 3899 552 3970 pariter
573 3901 948 3956 adducentur
976 3903 1037 3957 in
1052 3902 1341 3958 medium.
1361 3901 1616 3976 Linguas
1634 3908 1835 3958 autem

162 3987 346 4058 juxta
370 3988 714 4060 apostolum
746 3991 1160 4058 Paulum,non
1193 3989 1389 4045 solum
1419 3991 1735 4046 hominum
1751 3991 1833 4046 le-

167 4076 376 4147 gimus
407 4077 514 4132 sed
541 4081 599 4133 et
627 4079 982 4149 angelorum
1034 4079 1290 4150 legimus
1351 4081 1405 4150 (I
1431 4081 1570 4136 Cor.
1605 4095 1726 4146 χιιι,
1759 4081 1831 4151 1).

168 4167 258 4221 Ex
288 4180 414 4237 quo
441 4165 784 4238 intelligitur
809 4184 1022 4225 omnes
1054 4173 1359 4224 creaturas
1390 4184 1426 4225 a
1457 4168 1710 4224 Domino
1739 4169 1834 4240 ju-

165 4254 491 4323 dicandas,
519 4271 642 4312 non
672 4257 868 4314 solum
925 4274 1105 4331 super
1133 4262 1373 4328 terram,
1425 4259 1530 4314 sed
1585 4258 1645 4313 in
1683 4258 1833 4314 mari

165 4345 308 4416 [al.,
339 4345 505 4417 aere]
526 4346 661 4402 etin
694 4347 1052 4414 omlestibus,
1083 4348 1254 4418 juxta
1281 4349 1447 4420 quod
1483 4347 1610 4420 ipse
1643 4348 1702 4402 in
1730 4365 1830 4404 su-

165 4434 516 4506 perioribus
544 4435 810 4492 dixerat:
841 4437 1178 4494 Inebriatus
1209 4442 1295 4494 est
1321 4437 1561 4508 gladius
1586 4454 1746 4494 meus
1769 4454 1832 4493 in

167 4523 330 4578 caelo
357 4523 440 4579 ad
469 4529 810 4596 terramque
835 4527 1147 4582 descendet
1182 4531 1317 4594 (lsa.
1349 4543 1466 4594 xiv,
1499 4529 1599 4596 5).]

246 4613 293 4682 αι·
323 4610 628 4685 Siquidem
677 4614 1066 4684 cogitationes
1118 4615 1248 4671 sola
1295 4615 1596 4672 voluntate
1627 4629 1836 4670 conce-

167 4703 320 4772 ptas
346 4699 426 4758 ad
457 4717 609 4774 opus
654 4703 947 4775 pertinere
1003 4704 1297 4776 Propheta
1329 4703 1668 4760 manifestat
1697 4719 1836 4758 cum

170 4788 362 4844 dicit:
409 4790 646 4848 Etenim
677 4793 742 4848 in
784 4793 961 4850 corde
989 4795 1341 4864 iniquitates
1387 4793 1738 4861 operamini,
1773 4793 1838 4847 in

173 4883 352 4935 terra
380 4879 704 4950 injustitias
721 4898 934 4938 manus
961 4889 1171 4939 vestrae
1189 4883 1556 4939 concinnant
1579 4882 1834 4952 (Ps.Lvn,

167 4969 255 5038 3).
289 4968 431 5033 Quae
459 4971 679 5026 etenim
711 4987 894 5028 causa
922 4976 1011 5027 est
1039 4976 1104 5026 ut
1127 4967 1201 5026 de
1227 4969 1686 5039 cogitationibus
1711 4969 1842 5042 qui-

170 5069 338 5128 sque
357 5057 678 5128 judicetur,
693 5059 810 5115 nisi
831 5059 976 5133 quia
997 5059 1144 5116 tales
1167 5063 1306 5116 sunt
1331 5064 1396 5117 ut
1415 5073 1525 5132 pro
1553 5059 1839 5132 operibus

166 5145 484 5218 deputatae
513 5151 616 5204 aut
663 5153 1026 5204 coronentur
1069 5149 1279 5205 merito
1309 5155 1410 5206 aut
1453 5150 1838 5213 damnentur,

169 5234 439 5291 Domino
460 5235 524 5292 id
543 5237 723 5294 etiam
753 5237 1115 5306 declarante,
1147 5239 1252 5312 qui
1281 5239 1458 5296 dicit:
1486 5240 1601 5308 Qui
1623 5236 1846 5296 viderit

161 5325 494 5382 mulierem
523 5327 603 5383 ad
626 5328 1162 5397 concupiscendum
1193 5343 1343 5398 eam,
1355 5331 1491 5399 jam
1514 5330 1841 5384 mcechatus

165 5417 267 5470 est
293 5427 430 5470 eam
455 5415 519 5470 in
545 5417 724 5472 corde
745 5432 852 5473 suo
872 5421 900 5472 φ
931 5416 1167 5488 (Matth.
1198 5434 1258 5484 v,
1288 5418 1402 5488 28).
1453 5420 1722 5472 Patenter
1750 5415 1842 5470 in-

166 5501 422 5558 dicatur
441 5502 558 5558 hac
585 5505 878 5563 sententia
905 5505 1278 5562 voluntatem
1317 5509 1374 5562 et
1419 5504 1842 5574 cogitationem

169 5589 260 5648 ad
289 5606 449 5664 opus
471 5594 782 5666 pertinere,
799 5611 938 5650 cum
965 5595 1103 5669 quis
1123 5612 1194 5651 eo
1215 5593 1432 5650 affectu
1455 5593 1695 5664 cogitat,
1719 5594 1846 5651 vult

168 5683 244 5738 et
270 5679 457 5752 videt,
491 5686 560 5740 ut
593 5683 740 5741 nihil
783 5683 948 5743 aliud
988 5683 1218 5742 intersit
1245 5699 1432 5758 quam
1460 5683 1846 5758 perpetrandi

1948 1772 2266 1829 voluntatis
2323 1767 2730 1849 concipiendae
2786 1785 2965 1852 atque
2995 1779 3328 1852 cogitanda:
3367 1783 3605 1842 initium

1944 1877 2067 1916 non
2099 1863 2275 1918 nobis
2309 1880 2444 1920 esse
2503 1883 2538 1922 a
2595 1867 2768 1922 nobis
2801 1871 2981 1940 atque
3044 1887 3116 1926 ex
3165 1869 3361 1943 nobis,
3394 1865 3500 1928 sed
3531 1891 3604 1931 ex

1949 1952 2066 2006 Deo
2092 1969 2104 2018 ;
2125 1957 2181 2006 et
2205 1952 2488 2009 refellitur
2523 1943 2862 2012 falsitastua
2887 1973 3011 2030 qua
3033 1959 3270 2016 dixeras
3293 1977 3470 2033 posse
3491 1978 3607 2017 nos

1944 2039 2092 2094 velle
2125 2040 2250 2096 sine
2283 2045 2420 2098 Deo.
2477 2045 2675 2100 Fidem
2711 2047 2807 2101 Dei
2851 2045 3081 2103 donum
3135 2064 3266 2105 esse
3305 2050 3440 2122 quis
3469 2067 3601 2106 am-

1943 2128 2156 2198 bigat?
2185 2131 2416 2188 dicente
2447 2134 2772 2206 Apostolo:
2814 2137 2982 2192 Vobis
3022 2137 3179 2194 enim
3210 2141 3412 2196 datum
3437 2135 3522 2196 est
3563 2135 3602 2197 ά

1942 2219 2084 2284 Deo,
2117 2236 2235 2276 non
2269 2223 2461 2278 solum
2491 2229 2556 2278 ut
2587 2224 2846 2281 credatis
2892 2228 2953 2280 in
2985 2242 3138 2296 eum,
3170 2242 3375 2284 verum
3421 2229 3600 2285 etiam

1944 2313 2009 2362 ut
2053 2311 2380 2377 patiamini
2433 2328 2543 2380 pro
2600 2305 2706 2368 illo
2746 2313 2933 2384 (Phil.
2965 2316 3138 2386 1,29).
3183 2306 3345 2372 Patet
3398 2319 3600 2374 autem

1943 2391 2174 2448 null-um
2207 2395 2444 2451 credere
2467 2394 2578 2452 nisi
2610 2395 2931 2454 voluntate.
2954 2395 3104 2464 Quid
3135 2415 3274 2469 ergo
3298 2405 3390 2457 est
3416 2401 3604 2458 dona-

1939 2475 2067 2536 tum
2091 2484 2487 2550 credentibus,
2518 2493 2580 2542 ut
2620 2487 2679 2542 in
2711 2503 2850 2543 eum
2879 2487 3126 2545 credant
3155 2485 3333 2563 atque
3363 2491 3600 2564 patian-

1941 2573 2056 2640 tur,
2089 2573 2202 2628 nisi
2230 2573 2373 2629 data
2402 2574 2686 2630 divinitus
2712 2577 3012 2647 voluntas,
3043 2594 3164 2650 qua
3193 2574 3254 2633 in
3282 2577 3452 2634 illum
3481 2596 3602 2634 cre-

1941 2658 2088 2715 dant
2117 2677 2358 2734 quaque
2391 2679 2499 2735 pro
2529 2661 2628 2718 illo
2659 2663 3003 2736 patiantur?
3035 2665 3090 2722 Si
3122 2681 3264 2736 ergo
3286 2683 3320 2722 a
3349 2667 3469 2723 Deo
3494 2667 3600 2724 do-

1941 2753 2119 2804 natur
2146 2750 2420 2806 voluntas
2468 2751 2530 2806 in
2561 2768 2702 2808 eum
2761 2751 3041 2809 credendi
3072 2755 3130 2811 et
3186 2771 3296 2828 pro
3333 2755 3434 2811 illo
3488 2771 3601 2830 pa-

1942 2835 2145 2905 tiendi,
2175 2839 2462 2895 nimirum
2519 2843 2754 2896 constat
2802 2841 2948 2914 quia
2979 2842 3105 2898 sine
3151 2840 3250 2898 illo
3279 2841 3426 2900 nihil
3449 2840 3599 2900 boni

1941 2941 2272 2998 possumus
2307 2927 2557 2984 velle.Ac
2577 2945 2683 3001 per
2707 2929 2821 2984 hoc
2855 2929 3038 2986 verba
3068 2929 3302 2987 Domini
3327 2925 3596 2990 dicentis:

1942 3016 2086 3070 Sine
2105 3031 2197 3070 me
2226 3017 2383 3072 nihil
2407 3018 2650 3085 potestis
2671 3018 2897 3086 facere,
2942 3011 3023 3072 ita
3051 3018 3260 3074 sanius
3287 3021 3345 3076 et
3381 3013 3602 3076 rectius

1940 3103 2324 3172 intelligenda
2373 3109 2529 3170 sunt,
2590 3097 2652 3160 ut
2677 3105 2883 3174 facere
2942 3097 3021 3160 ad
3069 3111 3390 3180 utrumque
3445 3105 3599 3164 refe-

1940 3196 2124 3258 ratur,
2149 3192 2227 3247 ad
2259 3192 2483 3248 factum
2509 3193 2722 3248 mentis
2773 3197 2830 3249 et
2872 3193 3095 3250 factum
3133 3195 3420 3268 corporis,
3450 3213 3598 3270 quo—

1941 3281 2105 3336 niam
2157 3285 2478 3354 utrumque
2535 3297 2688 3354 opus
2740 3281 3042 3356 Scriptura
3091 3283 3374 3356 appellat,
3431 3285 3601 3358 quod

1943 3385 2064 3424 non
2092 3369 2287 3425 solum
2313 3369 2470 3426 facto
2499 3369 2648 3437 ﬁeri,
2684 3359 2790 3426 sed
2820 3366 2999 3426 etiam
3029 3368 3332 3428 voluntate
3365 3374 3600 3448 concipi

1945 3457 2112 3513 solet.

2017 3547 2423 3620 Respiciamus
2453 3563 2599 3604 sane
2641 3539 2801 3604 beati
2851 3544 2999 3604 Petri
3051 3549 3304 3622 apostoli
3334 3549 3600 3621 negatio-

1945 3653 2104 3708 nem,
2137 3643 2192 3692 et
2221 3637 2533 3710 perspicue
2564 3635 2728 3710 quod
2761 3655 2796 3692 a
2817 3639 2936 3696 Deo
2965 3634 3143 3694 nobis
3178 3639 3324 3696 velle
3355 3641 3448 3707 sit,
3477 3655 3601 3696 non

1943 3741 2016 3780 ex
2044 3725 2240 3795 nobis,
2265 3721 2495 3798 liquido
2521 3741 2982 3794 cognoscemus.
3032 3728 3139 3793 Qui
3163 3727 3324 3784 enim
3357 3729 3600 3802 propria

1942 3813 2248 3870 voluntate
2278 3813 2533 3884 negavit,
2559 3823 2950 3888 nequaquam
3002 3816 3248 3887 propria
3296 3817 3603 3872 voluntate

1944 3903 2240 3975 paenituit,
2259 3895 2450 3958 donec
2470 3908 2776 3974 respectus
2809 3903 3068 3974 desuper
3097 3903 3175 3960 ad
3203 3921 3264 3960 se
3293 3903 3603 3976 rediit,qui

1943 3991 2260 4065 paululum
2285 3990 2620 4060 derelictus,
2674 3995 2732 4046 ut
2761 3986 2844 4047 ita
2888 3991 3160 4060 dixerim,
3197 4008 3233 4048 a
3261 4007 3322 4046 se
3351 3991 3484 4064 ipso
3514 4004 3601 4047 re-

1946 4083 2223 4136 cesserat.
2254 4081 2300 4134 A
2327 4095 2389 4134 se
2419 4078 2570 4151 ipso,
2597 4079 2871 4152 inquam,
2903 4076 3098 4152 qualis
3133 4079 3327 4138 fuerat
3355 4078 3603 4154 quando

1946 4169 2268 4224 Dominum
2294 4167 2473 4224 etiam
2505 4184 2540 4222 a
2567 4167 2744 4238 longe
2774 4180 3054 4240 sequens,
3083 4168 3144 4224 in
3185 4169 3404 4226 atrium
3438 4167 3602 4244 prin-

1945 4259 2092 4331 cipis
2115 4257 2492 4314 sacerdotum
2511 4256 3006 4316 intraverat.Dicit
3020 4257 3180 4314 enim
3205 4251 3604 4330 Evangelistai

1943 4349 2270 4419 Postquam
2301 4349 2475 4404 tertio
2491 4347 2695 4418 gallus
2728 4343 3100 4418 cantaverat,
3131 4354 3184 4406 et
3211 4351 3470 4418 respexit
3499 4347 3608 4406 Do-

1944 4437 2142 4492 minus
2171 4438 2442 4506 Petrum,
2468 4441 2524 4492 et
2552 4437 2904 4494 recordatus
2935 4444 3019 4494 est
3049 4439 3266 4495 Petrus
3291 4439 3459 4494 verbi
3489 4435 3604 4496 Do-

1944 4526 2096 4582 mini
2115 4541 2228 4598 quo
2253 4526 2494 4581 dixerat
2518 4541 2530 4579 :
2560 4524 2920 4597 Priusquam
2939 4515 3142 4597 gallus
3159 4523 3379 4593 cantet,
3404 4520 3494 4581 ter
3513 4540 3607 4581 me

1948 4615 2212 4686 negabis.
2243 4615 2323 4670 Et
2377 4628 2645 4685 egressus
2698 4613 2869 4685 foras
2913 4607 3078 4685 flevit
3109 4623 3316 4672 amare
3359 4604 3600 4685 (Matth.

1946 4705 2181 4769 xxv1,74
2199 4709 2253 4760 et
2270 4705 2722 4770 75).Tantumne
2745 4698 3113 4759 obsurduisti
3135 4705 3200 4760 ut
3219 4711 3342 4760 non
3365 4694 3602 4771 audias,

1949 4794 2212 4863 respexit
2268 4793 2547 4848 Dominus
2573 4797 2628 4848 et
2680 4788 3030 4850 recordatus
3055 4795 3142 4850 est
3192 4783 3453 4851 Petrus?
3477 4789 3606 4850 Non

1949 4881 2111 4938 enim
2132 4881 2299 4952 prius
2342 4880 2437 4936 ille
2466 4879 2816 4938 recordatus
2841 4885 2948 4953 est,
2977 4883 3034 4938 et
3082 4869 3395 4951 Dominus,
3445 4879 3609 4955 post-

1950 4970 2200 5028 modum
2226 4970 2508 5043 respexit,
2543 4971 2647 5027 sed
2675 4971 2871 5044 primo
2908 4971 3168 5044 respexit
3211 4969 3520 5042 Dominus,
3552 4967 3610 5030 et

1949 5065 2086 5133 post
2113 5058 2463 5116 recordatus
2492 5063 2579 5116 est
2617 5059 2842 5116 Petrus.
2906 5059 3070 5117 Prius
3113 5060 3372 5134 respexit
3395 5059 3607 5131 gratia,

1951 5151 2008 5204 et
2033 5151 2172 5220 post
2192 5143 2506 5203 recordata
2537 5151 2630 5202 est
2651 5137 3191 5219 pmnifentiaﬁrius
3215 5149 3477 5223 respexit
3496 5149 3608 5204 mi-

1952 5236 2294 5305 sericordia,
2315 5239 2372 5293 et
2399 5241 2540 5309 post
2557 5235 2721 5292 ﬂevit
2749 5236 3012 5296 miseria.
3049 5230 3231 5311 Cujus
3261 5242 3605 5310 est,quaeso,

1951 5340 2113 5381 nunc
2143 5324 2293 5381 velle
2319 5341 2332 5379 :
2365 5322 2756 5398 respicientis,
2790 5341 2867 5382 an
2891 5329 3025 5398 post
3044 5323 3384 5400 respectum
3413 5331 3610 5382 recor-

1952 5413 2149 5470 dantis
2179 5413 2374 5470 donec
2403 5413 2666 5484 negavit.
2697 5415 2824 5470 Non
2851 5414 3058 5488 utique
3086 5413 3298 5494 habui;
3325 5413 3471 5470 velle
3502 5411 3612 5472 [ΐοά

1953 5504 2186 5559 minum
2209 5501 2552 5570 conﬁtendi,
2595 5505 2900 5574 respectus
2957 5505 3158 5560 autem
3183 5495 3411 5576 accepit
3437 5501 3606 5572 velle,

1954 5607 2077 5648 non
2139 5589 2338 5646 solum
2384 5585 2798 5659 confessionis,
2853 5585 2959 5648 sed
2987 5591 3171 5647 etiam.
3219 5590 3607 5648 confusionis.
3669 5611 3676 5616 ι

1957 5681 2099 5738 Inde
2127 5684 2220 5738 est
2251 5679 2420 5754 quod
2449 5681 2531 5738 ait
2556 5681 2964 5754 Evangelista:
3018 5675 3098 5737 Et
3143 5681 3496 5738 recordatus
3522 5673 3614 5738 est
