4098 6176
527 138 661 194 1063

1626 136 1682 191 S.
1707 130 2081 204 PRUDENTII
2113 131 2488 192 TRECENSIS
2509 92 2821 197 EPISDOPI

3816 149 3961 202 1064

523 261 740 318 Petrus
771 255 934 315 verbi
957 257 1200 312 Domini
1214 271 1330 328 quo
1358 256 1636 314 dixerat:
1668 259 2007 327 Antequam
2038 255 2172 326 gal-
2203 271 2247 322 Α
2283 260 2454 333 velle,
2481 264 2588 319 sed
2614 263 2863 326 malum,
2897 263 2992 320 cui
3011 262 3322 320 insistebat
3349 267 3407 320 et
3430 264 3524 320 cui
3545 268 3717 322 tanto
3749 268 3961 326 studio

523 353 617 407 lus
647 353 862 414 cantet,
896 351 986 404 ter
1013 361 1105 402 me
1131 345 1395 417 negabis.
1421 347 1502 402 Et
1526 362 1794 418 egressus
1813 348 1982 417 foras
2011 346 2175 413 ﬂevit

521 454 745 497 amare.
773 436 1142 494 Recordatus
1187 442 1293 507 est,
1348 437 1492 509 quia
1530 437 1786 493 nimium
1813 436 1888 492 de
1936 451 1997 490 se
2025 449 2176 507 prse-

521 531 860 601 sumpserat
900 525 1186 582 dicendo:
1227 527 1487 582 Etiamsi
1519 528 1853 598 oportuerit
1893 540 1986 581 me
2022 525 2178 581 mori

520 625 730 684 tecum,
762 633 881 672 non
903 621 958 672 te
981 617 1208 686 negabo
1244 616 1481 687 (Matth.
1524 633 1675 688 xxvx,
1708 619 1831 687 35);
1864 621 1922 672 et
1950 614 2172 670 confes-

516 724 618 762 sus
648 711 705 763 et
735 705 1077 771 salubriter,
1111 705 1255 776 quia
1297 705 1374 761 ad
1414 721 1626 761 vocem
1653 703 1882 761 ancillae
1913 718 2172 772 negave-

516 801 608 853 rat
652 793 1108 861 damnabiliter;
1169 793 1426 866 ideoque
1474 809 1739 865 egressus
1794 795 1963 863 foras
2007 792 2174 861 ﬂevit

517 900 742 942 amare.
811 883 1063 939 Prorsus
1127 881 1234 954 qui
1295 898 1418 938 non
1474 882 1641 954 prius
1691 886 1779 938 est
1823 880 2172 937 recordatus

511 991 699 1048 quam
751 978 1078 1046 respectus,
1138 977 1408 1044 patenter
1465 972 1693 1028 indicat
1753 987 1872 1027 non
1906 987 1942 1026 a
1972 987 2032 1026 se
2061 969 2171 1026 sibi

515 1066 700 1122 fuisse
729 1063 900 1132 velle,
925 1063 1034 1118 sed
1076 1063 1375 1135 accepisse
1401 1079 1463 1117 se
1492 1062 1570 1118 ab
1600 1062 1700 1118 illo
1730 1078 1766 1118 a
1794 1077 1916 1134 quo
1944 1076 2175 1133 respec-

513 1159 610 1211 tus
640 1158 744 1210 est.
778 1153 884 1210 Ubi
914 1156 1001 1207 est
1037 1167 1197 1207 nunc
1228 1151 1632 1224 interpretatio
1675 1155 1796 1218 tua,
1829 1166 1953 1223 qua
1975 1150 2172 1206 dixisti

515 1261 656 1300 cum
694 1242 938 1300 dixisset
964 1241 1280 1297 Dominus:
1314 1243 1456 1297 Sine
1493 1257 1586 1298 me
1611 1241 1771 1297 nihil
1806 1241 2046 1310 potestis
2069 1241 2170 1309 fa-

516 1349 664 1400 cere,
697 1348 822 1387 non
852 1330 999 1386 dixit
1021 1329 1171 1385 velle
1192 1330 1220 1385 ‘2
1259 1330 1507 1385 Videsne
1537 1345 1661 1385 non
1689 1328 1953 1401 potuisse
1978 1343 2171 1384 recor-

513 1421 645 1478 dari
676 1425 930 1482 Petrum,
977 1416 1092 1474 nisi
1141 1419 1306 1490 prius
1355 1418 1644 1473 Dominus
1693 1417 2068 1490 reSpexisset,
2108 1416 2169 1472 id

513 1515 606 1566 est
636 1509 1001 1565 voluntatem
1028 1506 1387 1563 recordandi
1408 1522 1477 1562 ac
1503 1505 1685 1562 ﬂendi
1706 1505 2168 1561 misericorditer

511 1598 843 1654 infudisset.

585 1687 912 1743 Videamus
959 1686 1134 1741 etiam
1168 1683 1583 1756 coapostolum
1635 1684 1766 1755 ejus
1803 1686 2166 1750 Matthaaum,

513 1781 714 1832 utrum
741 1781 798 1831 et
824 1775 952 1847 ipse
982 1775 1173 1844 gratia
1200 1778 1533 1845 praeventus
1577 1789 1656 1828 an
1685 1773 1994 1830 voluntate
2027 1789 2166 1846 pro-

511 1866 643 1938 pria
669 1864 987 1920 Dominum
1009 1863 1083 1918 sit
1109 1866 1365 1918 secutus.
1387 1862 1598 1918 SCl‘Lbit
1616 1863 1744 1934 ipse
1765 1863 1826 1918 in
1849 1863 2166 1933 Evangelio

513 1971 624 2010 suo
649 1973 661 2009 :
706 1955 860 2010 Vidit
881 1957 1051 2010 Jesus
1077 1954 1470 2022 publicanum
1500 1952 1792 2008 sedentem
1819 1953 1882 2007 in
1923 1954 2163 2020 telonio,

509 2044 861 2100 Matt/laeum
891 2044 1146 2113 nomine,
1179 2047 1232 2098 el
1255 2043 1342 2096 ait
1362 2043 1458 2096 illi
1481 2057 1492 2096 :
1521 2042 1780 2112 Sequere
1804 2056 1931 2097 me:
1964 2047 2016 2097 et
2037 2057 2168 2097 sur-

506 2149 650 2204 gens
680 2139 912 2188 secutus
960 2138 1044 2187 est
1073 2146 1203 2187 eum
1244 2130 1484 2202 (Matth.
1519 2147 1600 2198 1x,
1642 2133 1672 2184 9
1724 2135 1780 2185 et
1839 2133 1945 2198 tO).
1993 2129 2167 2196 Quod

508 2223 590 2278 ait
619 2223 766 2280 vidit
789 2223 981 2288 Jesus,
1014 2236 1136 2276 non
1161 2224 1284 2275 tam
1317 2219 1395 2274 ad
1433 2219 1631 2274 visum
1671 2218 1933 2274 hominis
1976 2235 2164 2291 quam

508 2311 584 2368 ad
615 2310 893 2366 intuitum
919 2309 1122 2380 gratias
1150 2308 1517 2380 respicientis
1547 2307 1840 2364 debemus
1871 2307 2160 2380 accipere.

519 2401 674 2455 Vidit
696 2399 842 2472 quia
862 2399 1139 2454 misertus
1168 2402 1276 2459 est,
1310 2397 1460 2453 vidit
1504 2396 1650 2469 quia
1679 2395 2047 2452 voluntatem
2100 2412 2162 2450 se

505 2487 751 2542 videndi
803 2487 1036 2552 infudit,
1061 2486 1210 2542 vidit
1240 2484 1384 2556 quia
1405 2483 1590 2539 videri
1633 2499 1693 2538 se
1721 2482 1872 2538 fecit.
1907 2482 2162 2538 Sedebat

506 2579 566 2633 in
627 2577 843 2635 telonio
903 2576 1282 2650 publicanus,
1333 2574 1514 2629 lucris
1565 2573 1855 2640 inhiabat,
1909 2572 2160 2642 negotiis

506 2666 750 2722 terrenis
779 2663 1316 2738 concupiscibiliter
1340 2661 1701 2718 inserviebat
1716 2679 1729 2729 ;
1747 2660 1959 2716 oculus
1990 2676 2159 2716 men-

509 2755 580 2811 tis
638 2755 859 2828 pariter
905 2769 1043 2809 cum
1094 2751 1283 2808 oculis
1312 2749 1577 2822 corporis
1609 2749 1686 2804 ad
1725 2753 1997 2821 qumstus
2051 2765 2159 2821 pu-

501 2844 690 2900 blicos
720 2849 776 2901 et
803 2842 1070 2915 privatos
1102 2840 1494 2912 depresserat,
1538 2837 1797 2907 cogitare
1835 2836 1910 2892 de
1951 2837 2159 2894 cmles-

503 2933 664 2990 tibus
719 2933 968 2988 minime
1026 2929 1372 3000 satagebat;
1433 2926 1704 3000 nunquid
1750 2926 2043 2982 dicendus
2073 2931 2161 2982 est

501 3023 790 3078 habuisse
812 3020 982 3088 velle,
1016 3033 1332 3092 quousque
1363 3016 1528 3072 visus
1571 3031 1695 3071 non
1717 3015 1855 3070 est?
1890 3019 1946 3070 et
1992 3014 2156 3069 visus

501 3119 590 3170 est
617 3117 674 3169 et
698 3112 981 3170 continuo
1011 3108 1218 3178 voluit,
1231 3107 1522 3181 quoniam
1551 3105 1702 3162 visio
1728 3105 1828 3161 illa
1853 3105 1928 3160 de
1951 3105 2156 3174 gratiae

500 3217 632 3258 rore
656 3201 964 3257 manabat.
999 3203 1146 3255 Nam
1172 3201 1229 3253 et
1250 3194 1418 3269 quod
1455 3194 1538 3250 ait
1558 3195 1977 3263 publicanum,
2010 3193 2156 3248 satis

497 3291 723 3348 indicat
767 3291 911 3362 quia
957 3304 1089 3344 rore
1139 3284 1380 3358 superni
1431 3288 1735 3356 respectus
1779 3281 2154 3338 madefactus

500 3385 681 3452 atque
734 3377 1070 3434 comollitus
1097 3375 1190 3443 sit,
1224 3389 1348 3430 non
1375 3372 1640 3446 propria,
1663 3387 1852 3444 quam
1892 3371 2154 3426 necdum

498 3468 810 3532 habuerat,
841 3465 1147 3520 voluntate
1176 3477 1515 3517 conversus.
1552 3461 1616 3515 In
1641 3476 1763 3532 quo
1794 3459 2154 3528 admiranda

499 3559 591 3611 est
613 3555 868 3610 nimium
911 3553 1000 3606 vis
1048 3567 1118 3606 ac
1147 3549 1411 3622 potentia
1450 3549 1652 3617 gratiae
1700 3549 1974 3615 videntis,
2014 3564 2152 3620 quae

499 3659 642 3701 mox
670 3648 733 3699 ut
751 3643 914 3699 videt
939 3639 1200 3713 perﬁcit:
1226 3636 1427 3693 videre
1456 3635 1610 3691 illius
1638 3636 1804 3691 nulla
1827 3637 2152 3708 intercape-

497 3733 677 3790 dante
706 3730 942 3788 morula
982 3743 1136 3800 opus
1174 3729 1292 3783 est:
1326 3740 1462 3798 quae
1513 3728 1679 3781 tanta
1717 3724 1776 3780 vi
1819 3724 2152 3796 penetravit

494 3827 758 3880 mentem
809 3817 1135 3895 publicani,
1168 3820 1233 3872 ut
1271 3817 1471 3871 statim
1524 3819 1836 3870 vocantem
1891 3813 2149 3884 gratiam

495 3916 861 3986 sequeretur.
904 3908 1038 3979 Agit
1075 3907 1188 3962 hoc
1237 3905 1522 3961 nimirum
1573 3903 1860 3959 instinctu
1913 3902 2148 3958 occulto

493 4003 596 4058 Dei
616 3997 1052 4074 omnipotentia
1078 3996 1139 4052 in
1190 3993 1471 4051 cordibus
1499 3991 1956 4062 hominum,vel
2002 3991 2146 4047 leni-

492 4095 631 4159 tate,
654 4090 750 4146 vel
779 4095 997 4144 terrore
1017 4082 1628 4156 incomprehensibili,
1651 4081 1850 4138 causis
1874 4086 2145 4137 nostram

492 4179 803 4235 scientiam
848 4175 1189 4242 latentibus,
1229 4177 1295 4228 ut
1342 4175 1681 4244 respectum
1719 4186 1842 4226 suae
1872 4169 2142 4240 gratuitas

491 4268 695 4341 gratias
723 4267 891 4325 omni
925 4265 1198 4323 tarditate
1229 4261 1536 4336 prOpulsa,
1568 4258 1870 4316 humiliter
1898 4259 2140 4316 devote-

488 4375 606 4434 que
629 4362 977 4431 sequantur.

559 4452 905 4505 lntueamur
928 4443 1108 4501 etiam
1138 4440 1308 4496 illum
1351 4437 1621 4508 gratuitae
1669 4435 1873 4507 gratias
1931 4437 2140 4493 acerri-

486 4554 657 4595 mum
680 4537 1196 4612 propugnatorem
1213 4533 1271 4585 et
1295 4527 1746 4584 veracissimum
1763 4525 2141 4582 defensorem

485 4645 557 4686 ac
584 4626 1010 4684 ﬁdelissimum
1039 4620 1517 4695 praedicatorem,
1568 4620 1626 4672 et
1648 4615 1878 4688 liquido
1906 4615 2137 4672 videbi-

484 4735 621 4774 mus
650 4717 850 4788 gratiee
870 4713 1052 4769 fuisse
1079 4708 1247 4785 quod
1271 4707 1404 4764 talis
1433 4722 1502 4762 ac
1529 4710 1731 4762 tantus
1762 4708 1868 4775 est,
1890 4721 2007 4761 non
2038 4721 2139 4761 vo-

484 4805 725 4861 luntatis
746 4803 1023 4876 propriae.
1056 4799 1266 4856 Scribit
1294 4797 1368 4852 de
1398 4813 1468 4852 eo
1483 4794 2134 4852 relatorveracissimus

485 4897 732 4946 actuum
768 4891 925 4946 illius
945 4903 1268 4960 comesque
1297 4883 1790 4959 peregrinationis
1821 4884 1950 4955 ejus
1978 4883 2135 4939 indi-

483 4977 724 5048 viduus,
756 4981 1001 5032 sanctus
1033 4978 1224 5032 Lucas
1259 4973 1624 5044 evangelista
1651 4972 1890 5027 dicens:
1914 4973 2136 5028 Saulus

484 5066 685 5123 adhuc
703 5067 942 5134 spirans
965 5066 1270 5120 minarum
1297 5069 1350 5119 et
1379 5064 1552 5119 caedis
1581 5063 1645 5116 in
1673 5061 1996 5129 discipulos
2020 5063 2134 5118 Do-

481 5155 650 5220 mini,
677 5154 824 5210 abiit
875 5153 954 5208 ad
979 5153 1281 5222 principes
1310 5151 1706 5225 sacerdotum.
1751 5149 1829 5202 Et
1853 5149 2026 5217 petiit
2056 5151 2132 5207 ab

480 5246 551 5302 iis
589 5243 924 5315 epistolam,
973 5246 1039 5296 ut
1080 5240 1416 5310 ubicunque
1469 5236 1761 5293 inveniret
1793 5237 1974 5306 hujus
2023 5240 2132 5294 via?

481 5334 638 5391 viros
666 5348 739 5390 ac
761 5331 1062 5393 mulieres,
1086 5328 1312 5384 vinctos
1326 5327 1680 5395 perduceret
1709 5325 1773 5379 in
1797 5324 2130 5383 Jerusalem

481 5423 641 5491 (Act.
671 5439 748 5490 ix,
784 5425 835 5490 1,
874 5423 951 5489 2).
985 5415 1174 5472 Audis
1188 5414 1401 5486 lupum
1429 5413 1791 5481 saevientem,
1810 5418 1868 5469 et
1895 5413 1998 5469 ubi
2027 5432 2129 5471 vo-

2283 351 2610 420 satagebat.
2645 353 2979 408 Audiamus
3011 352 3356 424 sequentia:
3407 353 3486 409 Et
3517 356 3777 426 contigit
3809 359 3962 414 dum

2280 438 2394 494 iret
2423 441 2807 516 Damascum,
2835 442 3240 510 circumfulsit
3271 456 3403 498 eum
3432 444 3542 499 lux
3567 443 3640 500 de
3662 446 3844 501 caelo.
3877 447 3961 504 Et

2282 527 2499 584 cadens
2527 531 2590 586 in
2619 536 2862 597 terram,
2882 531 3114 587 audivit
3147 545 3345 586 vocem
3374 531 3448 587 de
3475 532 3622 588 caelo
3649 533 3961 592 dicentem

2281 617 2395 671 sibi
2422 633 2434 670 :
2467 619 2672 686 Saulc,
2703 621 2906 688 Saule,
2947 619 3093 690 quid
3121 635 3212 675 me
3249 623 3624 693 persequeris
3642 623 3672 679 ?
3699 623 3820 679 Ille
3850 640 3960 681 au-

2282 709 2396 761 tem
2421 707 2577 764 dixit
2601 725 2614 762 :
2641 708 2782 776 Quis
2803 723 2882 770 es.
2913 709 3155 764 Domine
3177 712 3205 763 ?
3235 714 3291 764 et
3319 710 3408 765 ait
3438 710 3520 766 ad
3561 726 3698 768 eum
3750 714 3959 770 Domi-

2279 809 2392 849 nus
2423 811 2444 850 .·
2470 796 2602 867 Ego
2631 813 2762 854 sum
2795 799 2967 854 Jesus
2991 798 3366 865 Nazarenus,
3415 814 3587 869 quem
3631 807 3701 855 tu
3754 817 3960 871 perse-

2279 885 2496 953 queris.
2531 887 2766 942 Durum
2799 892 2884 942 est
2917 885 3026 942 tibi
3049 887 3583 944 contrastimulum
3611 891 3956 948 calcitrare

2281 970 2478 1041 (Ibid,
2508 990 2662 1031 vers.
2696 978 2818 1041 3-5)
2850 974 2969 1030 Deo
2999 974 3242 1045 gratias,
3282 975 3682 1034 Audieramus
3727 979 3953 1053 lupum

2279 1060 2650 1130 frementem,
2684 1062 3004 1119 audiamus
3047 1079 3276 1133 agnum
3308 1063 3746 1124 mitescentem.
3805 1068 3953 1137 Qui:

2279 1164 2358 1218 es,
2379 1150 2589 1224 inquit,
2613 1153 2862 1208 Domine
2881 1152 2908 1207 ?
2931 1151 3096 1208 Prius
3120 1167 3229 1208 nec
3258 1151 3573 1210 hominem
3605 1155 3825 1213 saltem
3859 1157 3949 1214 di-

2278 1239 2576 1310 gnabatur
2602 1256 2949 1311 agnoscere,
2979 1245 3037 1297 et
3059 1247 3301 1314 repente
3321 1247 3586 1299 tremens
3613 1245 3948 1302 Dominum

2279 1329 2610 1386 conﬁtetur.
2649 1330 2812 1386 Unde
2842 1331 2956 1386 hoc
3001 1345 3122 1386 uno
3167 1329 3507 1404 eodemque
3536 1340 3855 1392 momento
3895 1341 3949 1391 et

2276 1419 2455 1491 lupus
2486 1425 2542 1475 et
2563 1435 2757 1490 agnus
2782 1418 3117 1476 ostenditur
3136 1421 3163 1475 ?
3195 1422 3400 1492 Lupus
3433 1428 3765 1495 antequam
3811 1441 3948 1497 pro-

2277 1513 2514 1577 stratus,
2557 1510 2969 1581 prosternitur,
2992 1513 3048 1564 et
3074 1523 3268 1578 agnus
3307 1509 3578 1568 efﬁcitur.
3612 1514 3944 1569 Prosterni-

2275 1601 2370 1652 tur
2401 1597 2806 1654 ferocissimus
2834 1601 3198 1670 persecutor,
3233 1603 3290 1654 et
3312 1599 3555 1669 erigitur
3581 1601 3940 1658 mitissimus

2273 1686 2648 1758 praedicator.
2674 1686 3020 1742 Ferociebat
3041 1692 3098 1742 et
3123 1692 3383 1742 caecatus
3414 1694 3532 1754 est;
3561 1696 3847 1760 caecatur,
3874 1696 3939 1748 et

2273 1773 2664 1830 illuminatur.
2699 1774 2887 1841 Unde,
2909 1791 3121 1847 quaeso
3145 1780 3199 1830 te
3222 1775 3248 1828 ‘?
3279 1777 3367 1831 An
3389 1775 3458 1831 de
3477 1779 3719 1849 proprio
3742 1777 3932 1833 velle?

2275 1863 2446 1919 Absit
2476 1882 2489 1930 ;
2533 1864 2636 1920 sed
2666 1864 2740 1919 de
2770 1880 2902 1920 rore
2934 1863 3158 1933 gratiae.
3199 1863 3350 1920 Velle
3379 1864 3704 1920 ferocientis
3737 1871 3911 1921 ante-

2272 1968 2460 2024 quam
2501 1957 2975 2025 prosterneretur
3023 1952 3397 2009 audivimus:
3452 1953 3666 2009 Saulus
3707 1953 3924 2010 adhuc

2271 2043 2510 2110 spirans
2535 2043 2838 2098 minarum
2886 2049 2940 2098 et
2989 2042 3190 2111 caedis,
3221 2041 3536 2098 audiamus
3559 2047 3617 2097 et
3645 2042 3929 2112 gaudea-

2271 2146 2408 2186 mus
2434 2131 2707 2186 balatum
2736 2130 2877 2200 agni
2906 2130 3308 2187 mitescentis:
3355 2130 3493 2198 Quis
3518 2145 3596 2197 es,
3628 2131 3931 2187 Domine?

2272 2221 2524 2276 Prorsus
2554 2237 2676 2276 non
2706 2221 2822 2277 hoc
2841 2237 2915 2277 ex
2943 2219 3249 2277 voluntate
3288 2221 3533 2293 propria
3569 2235 3785 2292 quam,
3813 2220 3930 2275 ins-

2269 2309 2502 2382 pirante
2524 2310 2734 2380 gratia,
2752 2309 2812 2366 in
2840 2308 3052 2366 eadem
3079 2309 3565 2366 circumfulsione
3587 2325 3820 2365 novam
3838 2326 3930 2366 ac-

2271 2398 2445 2467 cepit.
2475 2399 2736 2471 Accepit,
2768 2398 3044 2470 inquam,
3070 2398 3216 2471 quia
3241 2398 3492 2454 minime
3515 2397 3925 2455 habebat.Au-

2267 2487 2328 2542 di
2358 2488 2508 2560 quid
2536 2488 2663 2561 ipse
2690 2487 2764 2542 de
2794 2503 2854 2544 se
2887 2492 3157 2544 testetur:
3197 2487 3346 2543 Cum
3367 2494 3590 2555 autem,
3623 2488 3920 2560 inquiens,

2267 2577 2630 2646 complacuit
2661 2577 2714 2633 ei
2745 2578 2850 2649 qui
2877 2591 2970 2633 me
2998 2578 3335 2647 segregavit
3384 2591 3460 2633 ea:
3488 2582 3664 2633 utero
3722 2581 3920 2633 matris

2266 2680 2430 2736 mea},
2480 2670 2536 2721 et
2562 2667 2794 2721 vocavit
2836 2681 2950 2737 per
2976 2667 3241 2736 gratiam
3278 2679 3471 2724 suam.
3518 2670 3585 2720 ut
3631 2667 3909 2722 revelare!

2264 2753 2489 2808 Filium
2517 2769 2688 2809 suum
2720 2754 2781 2809 in
2811 2769 2902 2810 me
2932 2754 3090 2823 (Gal.
3124 2770 3163 2825 1,
3198 2756 3305 2824 15).
3341 2753 3449 2819 Qui
3493 2753 3660 2809 enim
3694 2771 3767 2809 ex
3807 2769 3914 2809 ma-

2265 2841 2366 2896 tris
2397 2846 2564 2898 utero
2595 2858 2722 2898 sese
2753 2858 2790 2898 a
2819 2845 2937 2898 Deo
2976 2843 3356 2913 segregatum
3385 2841 3918 2914 testatur,profecto

2265 2945 2388 2985 non
2413 2929 2476 2986 id
2527 2930 2786 3003 propriae
2819 2930 3162 2994 voluntatis,
3196 2930 3303 2986 sed
3357 2930 3564 3000 gratias
3621 2930 3922 3003 praedesti~

2265 3018 2464 3073 nantis
2495 3023 2675 3090 atque
2695 3018 2965 3075 vocantis
2994 3018 3176 3074 fuisse
3220 3017 3506 3074 declarat.
3538 3017 3830 3090 Nunquid
3854 3018 3918 3072 in

2265 3111 2432 3163 utero
2453 3107 2660 3162 matris
2690 3107 2918 3180 positus
2946 3107 3211 3164 habebat
3232 3106 3382 3162 velle
3413 3111 3479 3162 ut
3504 3109 3923 3177 segregarem:-

2263 3201 2588 3268 antequam
2611 3200 2974 3263 nasceretur,
3006 3196 3112 3268 qui
3153 3195 3232 3252 ab
3259 3199 3428 3252 utero
3471 3200 3734 3251 materno
3764 3209 3915 3266 pro-

2264 3284 2434 3339 fusus
2465 3289 2644 3357 atque
2675 3284 2917 3340 adultus
2944 3284 3157 3341 habuit
3183 3283 3329 3341 velle
3357 3289 3423 3340 ut
3443 3288 3610 3341 tanta
3634 3283 3922 3340 instantia

2265 3373 2660 3451 segregatoris
2715 3373 2807 3428 sui
2857 3373 3132 3430 notitiam
3179 3371 3608 3446 impugnaret?
3658 3372 3922 3430 Minime.

2263 3464 2501 3536 Accepit
2526 3478 2668 3533 ergo
2685 3462 2900 3519 caelesti
2931 3462 3158 3519 lumine
3190 3463 3606 3519 circumfulsus
3634 3463 3798 3519 hanc
3828 3480 3928 3519 su-

2259 3551 2449 3607 bitam
2480 3549 2876 3621 voluntatem,
2906 3555 2970 3606 ut
3005 3550 3174 3623 quod
3198 3551 3364 3623 prius
3394 3551 3773 3625 iniquissime
3817 3568 3926 3625 op-

2260 3639 2591 3710 pugnabat,
2620 3640 3008 3711 postmodum
3031 3638 3518 3696 obedientissime
3538 3639 3924 3712 praedicaret,

2257 3727 2578 3784 Videamus
2612 3743 2693 3784 an
2720 3727 2834 3784 hoc
2882 3728 3085 3801 ipsum
3130 3727 3292 3783 idem
3342 3727 3697 3784 conﬁrmet:
3760 3729 3929 3797 Quid

2255 3817 2411 3873 enim
2440 3817 2639 3886 habes,
2670 3817 2972 3889 inquiens,
3035 3816 3192 3888 quod
3246 3832 3365 3873 non
3411 3819 3716 3888 accepisti,
3768 3819 3929 3889 quid

2253 3907 2540 3976 gloriaris
2556 3906 2731 3977 quasi
2765 3921 2886 3961 non
2913 3906 3211 3974 acceperis
3242 3905 3283 3977 (Ι
3316 3905 3454 3962 Cor.
3486 3922 3561 3973 1v,
3591 3908 3668 3977 7).
3712 3906 3777 3961 Si
3815 3907 3927 3978 igi-

2253 3998 2366 4060 tur,
2397 3993 2733 4049 secundum
2758 3993 3306 4066 interpretationem
3338 3999 3523 4056 tuam,
3544 3993 3693 4050 velle
3711 4009 3929 4054 essen-

2251 4082 2464 4139 tialiter
2492 4082 2758 4139 habebat
2786 4082 3024 4149 Paulus,
3054 4082 3274 4154 falsum
3303 4089 3391 4139 est
3416 4083 3583 4156 quod
3609 4084 3725 4140 ait:
3755 4085 3931 4153 Quid

2251 4173 2406 4227 enim
2434 4171 2611 4228 habes
2633 4172 2792 4243 quod
2822 4187 2941 4228 non
2971 4173 3302 4242 accepisti?
3330 4172 3610 4246 Accipere
3662 4189 3724 4229 se
3770 4173 3929 4231 fate-

2248 4259 2448 4326 batur,
2475 4260 2677 4332 utique
2707 4261 2768 4316 in
2793 4261 2894 4317 illa
2922 4261 3430 4324 circumfulsione,
3462 4261 3626 4335 quod
3656 4277 3794 4319 non
3810 4264 3929 4322 ha-

2169 4321 2215 4374 D
2243 4347 2447 4403 buisse
2477 4353 2726 4404 noverat
2753 4365 2828 4405 ex
2856 4349 3200 4406 nativitate:
3235 4352 3542 4423 accepisse
3593 4367 3656 4407 se
3681 4351 3931 4410 caelesti

2244 4452 2494 4493 munere
2523 4437 2873 4508 gratulatur,
2929 4439 3096 4512 quod
3128 4455 3190 4496 se
3223 4439 3508 4496 habuisse
3556 4441 3932 4500 naturaliter

2243 4524 2544 4582 diﬁitetur.
2579 4525 2808 4582 Rursus
2849 4528 3114 4583 abuteris
3143 4528 3418 4600 ejusdem
3483 4528 3757 4601 Apostoli
3797 4532 3928 4588 alio

2242 4614 2605 4682 testimonio,
2627 4616 2793 4689 quod
2813 4633 3060 4690 prorsus
3082 4623 3136 4674 te
3156 4633 3279 4674 non
3305 4617 3664 4675 intellexisse
3693 4634 3769 4674 ac
3807 4639 3934 4694 per

2241 4705 2357 4761 hoc
2386 4706 2586 4778 pravis
2631 4707 3218 4779 interpretationibus
3274 4708 3627 4781 pervertisse
3672 4714 3928 4768 certum

2241 4799 2349 4851 est.
2377 4795 2477 4851 Ais
2508 4795 2669 4852 enim
2700 4795 2833 4867 subj
2844 4811 3075 4866 ungens
3101 4815 3113 4852 :

2825 4937 3068 4978 JOANNES
3107 4937 3314 4979 SCOTUS

2312 5028 2473 5099 (Cap.
2505 5031 2559 5095 4,
2583 5043 2753 5083 num.
2780 5030 2866 5099 16,
2885 5033 3026 5085 sect.
3061 5029 3137 5101 8).
3167 5034 3206 5083 Θ
3230 5030 3311 5086 Ει
3334 5030 3921 5106 apostolus,inquis,

2237 5114 2393 5270 ἶνεῖιθ
2424 5116 2660 5187 adjacet
2686 5117 2852 5181 mihi,
2875 5116 3159 5191 perﬁcere
3189 5124 3396 5176 autem
3416 5133 3542 5176 non
3573 5121 3772 5188 (Rom.
3817 5139 3920 5194 vn,

2275 5207 2305 5261 8
2335 5248 2347 5260 .

2913 5330 3216 5372 CORRECTIO

2304 5421 2340 5484 1-
2361 5420 2533 5484 Quod
2554 5420 2636 5476 ita
2655 5419 3012 5479 intellexisse
3034 5422 3250 5479 videris
3271 5425 3338 5479 ut
3359 5421 3501 5480 velle
3521 5422 3634 5479 sibi
3656 5439 3797 5482 esse
3822 5427 3918 5483 di-

477 5512 725 5570 luntas?
777 5510 962 5568 Audis
1000 5509 1448 5583 persecutorem
1502 5501 1866 5560 carniﬁcinas
1917 5503 2123 5561 ovium
2231 5507 2473 5563 xeritex
2493 5513 2727 5578 natura,
2754 5511 3036 5582 perﬁcere
3060 5517 3265 5569 autem
3304 5529 3427 5569 non
3448 5513 3564 5569 nisi
3585 5529 3660 5569 ex
3700 5517 3917 5584 gratia

475 5603 882 5671 insudantem,
928 5604 986 5659 et
1013 5596 1118 5657 ubi
1145 5594 1468 5654 voluntas?
1493 5596 1742 5650 Prorsus
1786 5598 1914 5651 erat
1960 5594 2023 5650 in
2052 5610 2123 5652 eo

2232 5611 2421 5668 quam
2460 5600 2906 5670 perversitatem
2960 5605 3128 5658 tuam
3174 5603 3454 5675 quamvis
3509 5603 3672 5660 idem
3732 5609 3916 5676 Apo-
