4098 6176
232 205 368 258 1065

1186 199 1273 252 DE
1314 191 1971 255 PREDESTINATIONE
2012 194 2286 254 CONTRA
2330 199 2377 257 J.
2423 204 2715 261 SCOTUM.

3518 222 3652 282 1066

228 324 411 381 stolas
441 320 780 414 secundum
811 336 883 377 ea
906 337 1041 414 qius
1098 320 1379 414 primissa
1428 326 1581 414 sunt
1616 324 1884 390 evacuct,
1915 320 1962 372 A
2001 320 2193 414 11,29);
2223 322 2381 382 dicat
2397 325 2575 383 etiam
2600 328 2763 386 :Scio
2785 331 3058 403 quianon
3077 331 3310 393 habitat
3332 340 3392 396 in.
3414 358 3525 414 me,
3543 346 3655 405 hoc

225 416 427 468 tamen
458 414 525 467 ut
552 410 814 467 lucidior
833 408 1160 465 verborum
1215 409 1373 465 illius
1423 409 1753 467 intellectus
1786 426 1891 483 pa-

220 503 362 570 teat,
386 515 463 555 ne
488 499 642 555 forte
668 502 876 555 nostra
899 496 1157 569 superbe
1190 499 1677 573 respueres,quid
1700 499 1774 555 de
1795 498 1888 553 his

176 613 185 623 -
219 581 438 645 beatus
484 587 855 657 Augustinus
884 585 945 642 in
996 585 1148 641 libro
1189 591 1356 643 sexto
1382 588 1536 659 (cap.
1567 589 1654 660 23)
1685 592 1891 644 contra

166 672 171 677 ’
222 676 538 733 Julianum
572 677 925 750 episcopum
954 675 1346 744 Pelagianam
1366 679 1635 748 senserit,
1661 693 1781 733 non
1802 677 1889 732 in-

227 781 495 836 congrue
517 764 802 822 duximus
827 763 1237 820 inserendum.
1270 765 1637 833 Augustinus
1670 783 1682 821 :
1718 764 1890 831 Quod

231 859 457 923 autem,
511 854 811 928 inquiens,
860 852 1048 909 verba
1077 853 1344 926 Apostoli
1384 852 1488 910 ubi
1544 854 1721 911 dicit:
1753 854 1889 910 Scio

231 946 377 1017 quia
397 961 518 1002 non
551 944 781 1002 habitat
809 945 872 999 in
921 958 1031 1002 me.
1066 943 1176 999 hoc
1208 949 1289 998 est
1316 944 1378 998 in
1409 957 1591 999 carne
1619 958 1749 999 mea
1799 943 1891 997 bo-

234 1051 399 1102 num,
428 1039 484 1091 et
512 1036 738 1099 catera,
774 1049 963 1105 usque
993 1032 1071 1087 ad
1102 1031 1249 1087 illud
1281 1030 1383 1088 ubi
1414 1031 1494 1087 ait
1525 1048 1538 1086 :
1571 1032 1755 1088 Miser
1783 1047 1888 1103 ego

230 1126 423 1189 homo,
457 1127 588 1196 quis
617 1139 707 1181 me
737 1124 1011 1180 liberabit
1039 1123 1111 1179 de
1136 1138 1384 1192 corpore
1416 1123 1621 1178 mortis
1652 1123 1832 1193 hujus
1862 1127 1889 1177 ?

224 1214 530 1284 (120mm,
555 1212 759 1281 18—24,)
777 1228 871 1268 me
894 1211 1158 1266 atiirmas
1172 1210 1340 1266 aliter
1361 1209 1684 1280 intelligere
1700 1226 1886 1283 quam

224 1305 414 1358 totum
443 1300 645 1374 ipsum
675 1303 860 1373 caput
885 1300 1065 1356 debet
1091 1298 1357 1369 intelligi.
1414 1298 1693 1355 Nesciens
1737 1298 1885 1354 mihi

223 1389 556 1463 plurimum
578 1390 790 1447 tribuis
825 1406 838 1445 :
859 1405 979 1445 non
1004 1388 1161 1445 enim
1186 1404 1297 1459 ego
1324 1387 1486 1444 solus
1518 1392 1622 1443 aut
1650 1387 1881 1460 primus

2001 414 2099 502 est
2114 410 2176 466 in
2199 427 2379 502 carne
2408 432 2538 473 mea
2564 418 2779 476 bonum
2799 422 2983 489 (Rom.
3010 424 3234 496 vn,18).
3259 429 3320 482 In
3351 410 3651 502 quantum

2001 497 2222 570 quippe
2250 500 2312 557 in
2343 502 2442 560 illo
2466 505 2605 562 vivit
2627 507 2916 577 Christus,
2932 511 2993 567 in
3014 516 3247 570 tantum
3266 497 3574 591 expugnat
3597 531 3656 583 et

2000 593 2242 680 superat
2271 591 2437 663 quod
2465 610 2587 650 non
2608 594 2840 654 habitat
2858 598 3089 656 bonum
3107 600 3169 657 in
3190 604 3321 674 ejus
3339 614 3654 680 carne,sed

1998 674 2248 766 malum.
2275 681 2474 753 Neque
2487 683 2647 740 enim
2670 690 2825 743 recte
2849 688 3207 762 cujusquam
3235 694 3477 766 spiritus
3507 674 3652 759 con-

1998 764 2327 836 cupisceret
2342 769 2632 828 adversus
2654 790 2898 833 carnem
2921 793 3116 848 suam,
3140 780 3253 837 nisi
3266 764 3571 847 habitaret
3590 790 3653 847 in

1996 850 2097 948 illo
2120 853 2360 948 spiritus
2377 858 2604 918 Christi.
2630 863 2794 922 Absit
2817 882 2958 937 ergo
2980 874 3045 925 ut
3063 869 3339 928 dicamus
3359 878 3522 948 quod
3536 896 3649 937 nos

1998 940 2193 1041 dicere
2232 943 2568 1019 insimulas,
2598 954 2949 1024 Apostolum
2988 958 3070 1014 sic
3100 958 3212 1017 ista
3232 940 3453 1023 dixis-se
3474 971 3653 1041 quasi

1997 1032 2102 1103 qui
2133 1049 2197 1089 sc
2220 1034 2394 1133 vellet
2435 1037 2681 1133 intelligi
2714 1045 3085 1116 renitentem,
3130 1049 3193 1106 in
3228 1060 3423 1112 scorto
3449 1032 3653 1133 aliqua

1996 1136 2184 1178 manu
2212 1126 2505 1196 pestiferae
2537 1128 2858 1203 voluptatis
2891 1134 3131 1206 adduci,
3157 1157 3294 1198 cum
3326 1144 3504 1212 dicat,
3530 1126 3649 1207 non

1995 1225 2337 1311 ego‘opcror
2364 1217 2524 1311 illud
2551 1218 2747 1311 (Ibid,
2784 1224 2875 1295 20)
2911 1242 2922 1291 ;
2970 1228 3295 1285 ostendens
3341 1239 3653 1311 concupis-

1995 1300 2220 1399 centias
2251 1305 2447 1361 carnis
2485 1307 2681 1365 solum
2736 1311 3065 1385 impulsum
3119 1315 3382 1377 libidinis
3415 1300 3651 1398 operari

1995 1393 2121 1446 sine
2142 1393 2536 1452 consensione
2565 1401 2813 1469 peccati.
2837 1402 2988 1467 Quid
3015 1407 3296 1478 estquod
3323 1409 3383 1467 in
3413 1393 3649 1472 Iudaeo-

226 1478 525 1536 sieistum
572 1479 773 1536 locum
826 1477 1105 1547 intellexi,
1154 1493 1276 1551 quo
1323 1476 1602 1533 evertitur
1642 1477 1884 1533 haeresis
1992 1494 2129 1534 rum
2157 1481 2503 1553 superbiam
2535 1484 2754 1543 frustra
2800 1491 3037 1547 conaris
3089 1476 3205 1552 ista
3245 1499 3425 1557 verba
3463 1507 3655 1561 trans-

223 1572 444 1640 vestra,
470 1567 993 1643 quemadmodum
1013 1582 1145 1623 vere
1176 1564 1597 1636 intelligendus
1621 1569 1739 1622 est:
1759 1566 1881 1621 imo

1995 1564 2161 1660 ferre,
2182 1571 2474 1660 tanquam
2496 1571 2661 1644 ipsos
2678 1575 2739 1630 in
2762 1592 2822 1631 se
2843 1578 3293 1649 transtiguraret
3310 1590 3647 1660 Apostolus,

223 1674 372 1714 vero
399 1674 510 1728 ego
533 1658 701 1732 prius
733 1672 870 1714 cum
895 1656 1061 1713 aliter
1102 1654 1528 1725 intellexeram,
1560 1654 1655 1711 vel
1684 1655 1883 1728 potius
1924 1677 1964 1731 Β
1992 1654 2097 1727 qui
2114 1657 2583 1716 contemnebant
2610 1661 2774 1719 dona
2809 1664 3040 1736 Christi,
3076 1669 3235 1727 velut
3269 1654 3382 1729 sibi
3403 1690 3525 1733 non
3550 1654 3649 1734 ne;

224 1763 353 1805 non
374 1746 799 1819 intellexeram,
817 1747 983 1821 quod
1005 1763 1140 1803 mea
1159 1746 1445 1819 quredam
1474 1745 1632 1802 illius
1656 1750 1880 1819 tempo-

220 1839 308 1895 ris
331 1840 509 1896 etiam
540 1840 761 1913 scripta
782 1841 1090 1896 testantur.
1122 1841 1248 1893 Non
1278 1836 1426 1894 mihi
1452 1836 1614 1893 enim
1634 1836 1882 1893 videba-

223 1935 321 1989 tur
344 1931 660 2005 Apostolus
691 1934 745 1988 et
774 1930 848 1987 de
878 1946 939 1986 se
986 1929 1118 2003 ipso
1165 1929 1360 1985 dicere
1408 1927 1673 2002 potuisse
1708 1947 1719 1983 :
1748 1928 1879 1999 Ego

223 2022 423 2072 autem
444 2018 710 2073 carnalis
741 2032 867 2072 smn
888 2015 1089 2087 (Ibid,
1124 2014 1229 2084 li),
1263 2029 1402 2069 cum
1422 2016 1576 2069 esset
1597 2010 1880 2085 spiritalis

226 2108 288 2160 et
313 2105 481 2177 quod
526 2105 791 2178 captivus
820 2104 1135 2160 duceretur
1164 2102 1278 2158 sub
1323 2100 1454 2172 lege
1483 2101 1712 2174 peccati
1740 2117 1878 2174 qute

230 2192 294 2247 in
325 2192 611 2249 membris
641 2197 765 2250 erat
793 2193 923 2265 ejus
948 2191 1146 2264 (Ibid,
1176 2190 1289 2262 23).
1343 2191 1464 2262 Ego
1490 2190 1652 2246 enim
1699 2193 1877 2262 puta-

228 2279 377 2337 bam
406 2279 523 2337 dici
551 2280 662 2337 ista
688 2296 810 2338 non
838 2296 1035 2354 posse,
1067 2279 1182 2335 nisi
1203 2278 1277 2334 de
1307 2278 1377 2334 iis
1404 2294 1560 2352 quos
1589 2277 1672 2334 ita
1699 2278 1880 2334 habe-

224 2373 318 2426 ret
347 2369 542 2426 carnis
572 2369 1052 2444 concupiscentia
1099 2368 1479 2440 subjugatos,
1530 2370 1595 2424 ut
1621 2366 1882 2423 iacerent

224 2457 528 2532 quidquid
564 2458 665 2515 illa
703 2458 1116 2532 compelleret;
1169 2455 1335 2530 quod
1366 2455 1443 2511 de
1472 2454 1747 2528 apostolo
1776 2454 1879 2511 de-

202 2547 444 2604 mentis
493 2552 585 2605 est
638 2547 878 2605 credere
922 2567 934 2604 :
986 2564 1124 2604 cum
1177 2544 1357 2602 etiam
1402 2542 1878 2600 immunerabilis

221 2636 543 2695 multitudo
574 2642 942 2707 sanctorum,
994 2653 1070 2694 ne
1114 2634 1627 2709 concupiscentias
1681 2634 1877 2691 carnis

220 2727 510 2801 perﬁciat,
541 2734 745 2785 contra
778 2744 1022 2785 carnem
1051 2726 1259 2801 spiritu
1299 2723 1705 2797 concupiscat.
1760 2722 1877 2780 Sed

222 2821 432 2890 postea
459 2817 807 2875 melioribus
836 2822 894 2875 et
947 2813 1503 2888 intelligentioribus
1550 2813 1721 2880 cessi,
1780 2812 1878 2869 vel

220 2906 420 2981 potius
439 2907 575 2982 ipsi,
591 2908 759 2983 quod
777 2908 1089 2965 fatendum
1115 2910 1221 2969 est.
1240 2903 1490 2967 veritati,
1514 2906 1580 2959 ut
1602 2902 1874 2959 viderem

218 2995 283 3053 in
302 2996 415 3054 illis
439 2997 707 3072 Apostoli
733 2998 982 3055 vocibus
1016 2996 1305 3068 gemitum
1335 3010 1464 3051 esse
1503 2995 1873 3062 sanctorum,

1993 1743 2268 1838 cessaria.
2306 1744 2401 1838 sic
2424 1746 2585 1838 enim
2624 1751 2967 1838 suspicaris,
2995 1759 3173 1830 atque
3230 1760 3459 1818 utinam
3515 1763 3652 1838 ipsa

1990 1830 2153 1888 dona
2194 1832 2404 1890 Christi
2426 1834 2637 1893 saltem
2676 1837 2757 1895 ita
2778 1856 3046 1914 saperes,
3083 1849 3149 1902 ut
3185 1847 3264 1903 ad
3288 1830 3647 1912 vincendum

1989 1920 2536 1992 concupiscentiam
2564 1924 2763 1982 valere
2792 1928 3019 2003 aliquid
3047 1934 3336 1993 crederes.
3373 1939 3486 1996 Sed
3508 1941 3646 2000 ideo

1989 2008 2138 2064 dicis
2164 2024 2200 2065 a
2224 2010 2446 2067 Judzeis
2474 2011 2659 2071 fuisse
2689 2021 3054 2093 contempta,
3083 2024 3251 2096 quod
3279 2027 3515 2086 veniam
3541 2031 3649 2089 da-

1989 2101 2077 2187 ret
2097 2097 2189 2154 ille
2214 2101 2494 2171 peccatis,
2514 2118 2651 2175 qua:
2678 2103 2739 2161 in
2761 2105 2906 2178 legis
2932 2109 3034 2180 [al.
3054 2111 3168 2184 ipsi
3190 2112 3358 2187 legis]
3373 2116 3647 2177 admoni-

1990 2184 2148 2242 tione
2165 2186 2475 2246 vitassent.
2496 2192 2678 2258 Quasi
2694 2194 2807 2253 hoc
2826 2197 3093 2257 conferat
3113 2184 3641 2265 homini—remissio

1988 2278 2373 2371 peccatorum
2405 2283 2470 2335 ut
2496 2295 2638 2338 caro
2658 2298 2782 2339 non
2807 2287 3194 2361 concupiscat
3220 2291 3504 2353 adversus
3527 2297 3643 2371 spi-

1988 2363 2166 2455 ritum
2192 2382 2205 2434 ;
2241 2366 2404 2424 unde
2424 2368 2525 2427 illa
2554 2371 2742 2430 verba
2769 2378 2914 2433 nata
2938 2382 3078 2435 sunt
3130 2397 3143 2435 :
3188 2382 3324 2440 Scio
3349 2386 3493 2455 quia
3521 2363 3642 2445 rion

1989 2454 2224 2511 habitat
2248 2456 2310 2512 in
2336 2472 2447 2528 me,
2480 2458 2591 2516 hoc
2619 2463 2777 2519 estin
2801 2479 2984 2523 carne
3010 2483 3159 2537 mea,
3186 2454 3423 2543 bonum,
3460 2477 3518 2531 et
3533 2492 3644 2532 ca:-

1986 2545 2113 2600 tera
2139 2543 2511 2616 hujusmodi.
2536 2550 2749 2608 Verum
2801 2556 2861 2609 tu
2907 2570 2943 2611 a
2972 2562 3168 2614 vestro
3199 2558 3480 2630 dogmate
3508 2577 3635 2620 non

1983 2632 2234 2695 recedis,
2268 2651 2389 2707 quo
2410 2637 2632 2709 putatis
2661 2641 2914 2710 gratiam
2938 2644 3039 2700 Dei
3070 2661 3178 2718 per
3205 2648 3412 2706 Jesum
3444 2651 3639 2708 Chris-

1984 2723 2114 2777 tum
2136 2723 2456 2781 Dominum
2475 2730 2748 2785 nostrum
2770 2729 2940 2787 sicin
2966 2732 3095 2791 sola
3124 2741 3514 2809 peccatorum
3539 2756 3634 2798 re-

1985 2810 2276 2902 missione
2294 2814 2541 2882 versari,
2564 2820 2626 2874 ut
2650 2833 2776 2875 non
2797 2820 3041 2892 adjuvet
3071 2823 3149 2880 ad
3168 2825 3418 2884 vitanda
3429 2844 3641 2902 pecca-

1983 2902 2044 2957 ta
2074 2904 2131 2958 et
2153 2900 2453 2960 desideria
2469 2904 2769 2964 vincenda
2784 2909 3067 2977 carnalia,
3085 2900 3481 2983 di/fundendo
3499 2919 3640 2975 cha-

1984 2989 2221 3047 ritatem
2247 2992 2311 3047 in
2337 2993 2615 3049 cordibus
2640 2998 3001 3066 nostris,per
3023 3000 3320 3069 Spiritum
3338 3011 3635 3076 sanctum,

219 3091 429 3144 contra
456 3088 725 3145 carnales
746 3084 1264 3161 concupiscentias
1294 3081 1712 3140 dimicantium
1735 3099 1748 3136 :
1769 3083 1875 3155 qui
1910 3079 1946 3091 "
1981 3079 2087 3150 qui
2102 3079 2301 3137 abillo
2316 3081 2494 3137 datus
2519 3087 2601 3139 est
2627 3084 2794 3140 nobis
2814 3084 2998 3155 (Rom.
3021 3102 3081 3158 v,
3112 3089 3187 3160 5).
3216 3092 3417 3163 Neque
3439 3092 3635 3149 consi-

217 3194 361 3236 cum
388 3182 587 3235 mente
616 3179 733 3235 sint
759 3177 1072 3252 spiritales,
1103 3175 1303 3232 adhuc
1350 3178 1555 3230 tamen
1604 3170 1716 3227 isto
1747 3188 1872 3229 cor-

218 3267 487 3340 ruptibili
515 3284 783 3340 corpore,
816 3268 981 3341 quod
1028 3267 1320 3337 aggravet
1373 3262 1664 3333 animam,
1714 3267 1871 3321 recte

221 3354 630 3425 intelliguntur
655 3372 783 3412 esse
803 3353 1093 3423 carnales,
1123 3352 1266 3427 quia
1295 3356 1468 3408 erunt
1518 3355 1573 3407 et
1620 3367 1869 3425 corpore

222 3442 538 3516 spiritales,
559 3444 808 3519 quando
830 3444 1190 3501 seminatum
1214 3440 1385 3499 fuerit
1403 3456 1622 3514 corpus
1640 3440 1870 3497 anima-

214 3531 273 3589 le
294 3536 352 3590 e:
378 3538 650 3605 resurget
680 3550 897 3608 corpus
918 3531 1241 3608 spirituale.
1272 3533 1338 3588 Et
1360 3534 1515 3586 recte
1547 3529 1746 3586 adhuc
1777 3530 1868 3586 in-

216 3621 647 3694 telligunturea
664 3628 866 3698 parte:
888 3624 1128 3694 Captivi
1143 3622 1252 3679 sub
1267 3622 1392 3693 lege
1406 3620 1645 3691 peccati
1663 3620 1839 3690 (Ibid.
1847 3661 1865 3691 ,

214 3712 327 3784 23),
358 3727 495 3787 quae
522 3713 980 3781 desideriorum,
1023 3712 1245 3787 quibus
1286 3725 1411 3767 non
1460 3708 1866 3777 consentiunt,

213 3801 481 3859 motibus
505 3802 793 3876 subjaeet.
827 3804 970 3860 Hine
999 3802 1223 3860 factum
1255 3804 1344 3857 est
1364 3798 1530 3857 utsic
1554 3798 1668 3855 ista
1694 3797 1866 3855 intel-

209 3888 460 3962 ligerem
491 3892 1014 3967 quemadmodum
1045 3889 1330 3949 intellexit
1355 3887 1867 3957 Hilarius,Grego-

211 3980 359 4046 rius,
390 3982 740 4041 Ambrosius
769 3987 827 4041 et
852 3981 1047 4040 caeteri
1076 3980 1349 4039 Ecclesiae
1375 3977 1568 4036 sancti
1620 3977 1868 4048 notique

210 4068 509 4144 doctores,
539 4073 644 4146 qui
674 4077 729 4131 et
755 4074 955 4148 ipsum
1008 4070 1365 4146 Apostolum
1395 4066 1689 4125 adversus
1742 4081 1868 4121 car-

210 4158 381 4216 nales
407 4163 920 4237 concupiscentias
946 4177 1098 4237 quas
1124 4159 1348 4217 habere
1378 4154 1646 4223 nolebat,
1702 4158 1760 4211 et
1785 4158 1867 4211 ta-

206 4264 355 4306 men
399 4249 683 4326 habebat,
729 4257 966 4310 strenue
1044 4249 1403 4317 conﬂixisse,
1460 4242 1868 4318 eamdemque

209 4339 557 4403 conﬂictum
583 4359 761 4400 suum
789 4342 902 4400 illis
934 4341 1056 4398 suis
1082 4339 1284 4398 verbis
1307 4338 1705 4394 contestatam
1728 4333 1869 4391 fuis-

213 4442 278 4485 se
300 4435 633 4490 senserunt.
689 4435 905 4491 Contra
924 4447 1079 4506 quos
1106 4432 1308 4487 motus
1336 4426 1504 4500 prius
1526 4425 1731 4499 utique
1759 4423 1863 4481 de-

209 4517 550 4593 bellandos,
573 4537 648 4579 ne
678 4522 1084 4587 dominentur,
1129 4523 1186 4577 et
1224 4521 1439 4592 postea
1470 4515 1778 4573 sanandos
1801 4519 1867 4571 ut

210 4608 452 4681 penitus
480 4612 955 4685 exstinguantur,
989 4610 1170 4668 etiam
1212 4608 1342 4682 ipse
1391 4605 1651 4679 gloriosa
1676 4608 1864 4661 certa-

153 4765 163 4771 ,
211 4697 383 4756 mina
401 4705 641 4759 sanctos
666 4718 939 4760 exercere
969 4699 1279 4758 confessus
1310 4713 1396 4754 es.
1448 4694 1634 4754 Simul
1663 4695 1864 4766 itaque

214 4800 657 4857 cognoscamus
693 4792 883 4849 verba
909 4788 1339 4867 pugnantium,
1396 4787 1445 4843 si
1474 4799 1822 4859 pugnamus
1848 4799 1861 4838 :

213 4874 335 4932 hoc
364 4879 518 4938 enim
547 4882 731 4940 modo
761 4897 885 4939 non
914 4880 1176 4938 vivimus
1205 4894 1339 4948 nos,
1362 4876 1467 4933 sed
1495 4873 1640 4932 vivit
1667 4870 1864 4930 Chris-

209 4968 309 5024 tus
336 4966 398 5026 in
426 4972 623 5046 nobis,
655 4973 705 5030 si
725 4976 784 5030 et
806 4972 884 5031 ad
906 4986 1183 5047 pugnam
1204 4973 1414 5027 contra
1434 4963 1864 5039 concupiscen-

206 5060 322 5118 tias
334 5062 753 5136 exercendam,
772 5067 831 5120 et
853 5062 933 5119 ad
957 5060 1268 5119 victoriam
1289 5073 1480 5132 usque
1496 5056 1576 5114 ad
1588 5070 1865 5113 consum-

203 5154 537 5212 mationem
567 5154 921 5213 eorumdem
976 5152 1242 5209 hostium
1286 5146 1747 5223 capessendam,
1803 5144 1865 5200 in

206 5241 312 5299 illo
347 5244 617 5315 ﬁdimus,
640 5259 766 5302 non
803 5244 865 5300 in
895 5242 1092 5300 nobis.
1131 5244 1268 5333 Ipse
1305 5238 1529 5313 quippe
1549 5237 1754 5333 [actus
1784 5240 1866 5291 est

206 5336 379 5394 nobis
408 5336 707 5408 sapientia
729 5351 765 5392 α
792 5336 992 5404 Deo,ct
1014 5323 1279 5405 justitia',
1302 5334 1355 5386 et
1380 5323 1869 5393 sanctiﬁcatio,et

206 5427 558 5499 redemptio,
592 5432 676 5496 ut,
709 5423 1205 5497 quemadmodum
1262 5418 1553 5487 scriptum
1611 5417 1716 5469 est.
1758 5411 1872 5480 Qui

203 5517 536 5589 gloriatur,
569 5518 631 5574 in
662 5516 912 5572 Domino
960 5512 1258 5584 glorietur
1300 5507 1359 5579 (Ι
1380 5505 1516 5561 Cor.
1558 5518 1598 5573 ι,
1628 5501 1718 5570 30,
1752 5502 1862 5574 31).

205 5608 341 5664 Non
361 5610 450 5663 est
479 5623 618 5679 ergo
641 5604 1029 5664 contrarium,
1061 5602 1214 5655 sicut
1235 5598 1435 5669 putas,
1457 5596 1524 5649 ut
1542 5590 1648 5665 qui
1676 5591 1817 5648 dicit
1850 5610 1863 5647 :

219 5695 365 5752 Vivo
377 5699 511 5767 jam
541 5705 660 5753 ηοη
690 5711 815 5767 ego,
847 5695 1013 5762 vivit,
1049 5702 1185 5747 vero
1203 5687 1265 5744 in
1295 5698 1385 5743 me
1412 5682 1688 5741 Christus
1712 5679 1870 5754 (Gal.

572 5786 817 5840 Punoc.
873 5781 1033 5837 CXV.

1895 4390 1940 4445 D

1980 3166 2156 3225 deras
2184 3183 2324 3225 eum
2354 3168 2460 3242 qui
2496 3168 2640 3228 dicit
2672 3188 2685 3226 :
2715 3173 2891 3229 Video
2933 3175 3120 3233 aliam
3154 3178 3337 3249 legem
3365 3181 3428 3237 in
3455 3197 3637 3239 mem-

1982 3256 2103 3312 bris
2130 3258 2275 3314 meis
2302 3265 2735 3328 repugnantem
2767 3261 2887 3332 legi
2911 3269 3123 3320 mentis
3147 3281 3311 3336 meae,
3331 3271 3389 3325 et
3416 3269 3494 3326 ab
3514 3270 3635 3327 hoc

1977 3345 2140 3402 malo
2170 3361 2292 3402 non
2334 3363 2396 3402 se
2422 3346 2662 3404 liberari
2690 3348 2927 3420 clamat,
2977 3352 3098 3410 nisi
3134 3357 3339 3426 gratia
3367 3358 3482 3415 Dei
3522 3375 3635 3430 per

1976 3438 2176 3493 Jesum
2205 3434 2510 3494 Christum
2556 3439 2877 3498 Dominum
2901 3447 3174 3501 nostrum
3195 3443 3384 3517 (Rom.
3418 3464 3517 3515 vn,
3537 3455 3631 3522 23,

1976 3524 2095 3596 25);
2148 3540 2261 3581 nec
2285 3525 2565 3583 Judaeum
2593 3543 2745 3593 esse,
2776 3544 2888 3586 nec
2921 3530 3064 3604 quia
3094 3534 3386 3607 peccavit,
3416 3538 3522 3594 sed
3554 3555 3631 3597 ne

1974 3618 2181 3688 peccet
2202 3614 2401 3689 potius
2423 3615 2718 3676 laborare.
2751 3621 3093 3695 Exasperat,
3117 3622 3340 3698 inquis,
3371 3629 3628 3701 Aposto-

1973 3703 2070 3761 lus
2099 3704 2223 3761 vim
2253 3707 2720 3765 consuetudinis.
2770 3711 2854 3765 Tu
2884 3726 3026 3781 ergo
3070 3714 3393 3787 responde,
3426 3721 3629 3775 utrum

1976 3799 2184 3851 contra
2201 3794 2379 3851 istam
2404 3795 2528 3851 vim
2547 3812 2672 3853 non
2699 3797 2941 3855 dimicet
2957 3799 3291 3871 baptizatus
3314 3804 3342 3858 ?
3382 3806 3554 3869 Quod
3583 3809 3632 3864 si

1975 3898 2184 3953 negas,
2216 3883 2500 3938 omnibus
2530 3883 2873 3939 Christianis
2912 3885 3187 3942 sensibus
3226 3891 3624 3948 contradicis:

1977 3971 2029 4026 si
2055 3975 2256 4027 autem
2289 3969 2556 4035 dimicat,
2584 3985 2691 4025 cur
2718 3986 2841 4026 non
2873 3971 2935 4027 in
2985 3972 3180 4029 verbis
3209 3977 3478 4051 Apostoli
3528 3994 3631 4034 vo-

1976 4075 2108 4116 cem
2119 4057 2458 4115 dimicantis
2469 4057 2745 4128 agnoscis
2758 4058 2786 4113 ?
2798 4059 3131 4133 Perlegem,
3150 4061 3625 4139 inquis,bonam,

1975 4153 2033 4206 et
2050 4164 2158 4222 per
2179 4147 2537 4205 mandatum
2551 4149 2826 4204 sanctum
2848 4164 3177 4222 pravorum
3189 4152 3377 4209 animi
3395 4153 3626 4213 feroces

1975 4242 2145 4295 erant
2169 4238 2270 4309 [al.
2286 4236 2683 4310 ferocierant],
2704 4238 2997 4311 quoniam
3026 4238 3154 4296 sine
3169 4241 3474 4302 voluntate
3493 4261 3631 4319 pro-

1974 4328 2108 4402 pria
2142 4326 2307 4384 nulla
2335 4327 2586 4384 eruditio
2625 4331 2859 4401 poterat
2910 4328 3203 4402 inspirare
3248 4330 3549 4391 virtutem.
3583 4338 3627 4393 Ο

1973 4421 2221 4475 acutum
2271 4416 2696 4474 intellectorem
2731 4417 2743 4472 i
2779 4433 2815 4474 ο
2864 4417 3206 4475 divinorum
3250 4418 3629 4494 eloquiorum

1971 4506 2281 4578 egregium
2300 4511 2681 4564 tractator-em
2698 4507 2710 4561 ε
2728 4506 2878 4579 quid
2895 4506 3023 4579 agis
3039 4505 3114 4562 de
3126 4506 3320 4563 verbis
3340 4509 3590 4566 dicentis
3610 4527 3624 4565 :

1972 4576 2310 4670 Noniquod
2338 4597 2471 4652 volo
2524 4609 2675 4666 ago;
2707 4576 2769 4652 et
2797 4614 2809 4651 :
2837 4576 3267 4666 Velle’bdjacet
3309 4598 3498 4667 mihi;
3527 4602 3624 4653 et:

1975 4686 2145 4755 Quod
2162 4686 2322 4752 nolo,
2348 4684 2458 4740 hoc
2487 4699 2600 4754 ago
2630 4701 2643 4752 ;
2678 4687 2736 4740 et
2766 4701 2778 4738 :
2816 4684 3214 4740 Condelector
3242 4684 3360 4755 legi
3398 4685 3510 4741 Dei
3540 4701 3628 4743 se-

1974 4775 2235 4834 cundum
2266 4773 2607 4829 interiorem
2631 4773 2967 4829 hominem?
2990 4771 3175 4829 Audis
3202 4773 3349 4844 haec,
3374 4778 3432 4832 et
3455 4774 3627 4845 dicis,

1973 4863 2120 4939 quia
2141 4861 2419 4920 voluntas
2440 4859 2649 4929 defuit,
2680 4859 2816 4917 ideo
2845 4860 3111 4919 defuisse
3140 4862 3442 4922 virtutem.
3474 4865 3632 4934 Quid

1973 4951 2141 5027 quod
2177 4966 2303 5008 non
2323 4948 2519 5005 solum
2542 4949 2835 5014 voluntas,
2867 4966 3077 5009 verum
3102 4952 3285 5010 etiam
3309 4954 3498 5013 virtus
3521 4957 3632 5015 ad-

1975 5040 2103 5109 fuit,
2126 5056 2200 5097 ne
2230 5037 2588 5097 consentiret
2607 5038 3103 5111 concupiscentiae
3134 5040 3353 5116 carnis,
3383 5059 3521 5118 quae
3551 5045 3631 5103 le-

1977 5130 2037 5203 gi
2063 5130 2293 5205 peccati
2320 5128 2524 5202 pravis
2548 5127 2693 5202 ipsis
2730 5128 2996 5187 motibus
3041 5131 3357 5191 serviebat.
3402 5136 3632 5202 Quibus

1976 5221 2071 5279 ille
2126 5236 2251 5279 non
2287 5219 2526 5289 cedens,
2568 5233 2680 5275 nec
2734 5234 2905 5276 arma
2959 5219 3289 5294 iniquitatis
3339 5222 3629 5279 exhibens

1977 5311 2252 5370 membra
2277 5312 2543 5385 peccato,
2574 5312 2631 5366 et
2659 5312 2864 5365 tamen
2890 5308 3059 5382 quod
3084 5310 3269 5367 nollet
3295 5310 3554 5367 sentiens
3568 5309 3632 5365 in

1978 5418 2156 5460 carne
2177 5406 2383 5459 contra
2411 5399 2686 5474 spiritum
2733 5399 3218 5474 coneupiseente,
3252 5403 3310 5456 et
3342 5398 3632 5456 adversus

1978 5509 2116 5552 eam
2143 5491 2401 5549 vicissim
2431 5489 2643 5563 spiritu
2671 5490 3128 5563 concupiscens,
3168 5488 3483 5545 verissima
3506 5504 3633 5545 cas-

1979 5583 2156 5642 titatis
2181 5596 2328 5638 voce
2356 5579 2592 5636 dicebat
2628 5597 2640 5633 :
2666 5581 2868 5649 Igitur
2896 5580 3022 5648 ipse
3047 5595 3151 5649 ego
3194 5585 3389 5636 mente
3443 5578 3634 5633 servio

1987 5671 2254 5745 tegiDci,
2290 5684 2474 5726 carne
2504 5674 2706 5725 autem
2742 5668 2861 5735 tegi
2882 5670 3132 5734 peccati.

3283 5756 3350 5808 3ςὶ
