4116 6186
467 190 601 249 1067

534 317 576 385 ἦε
605 311 769 370 idem
798 308 859 362 in
883 304 1098 377 quarto
1136 298 1505 369 Augustinus
1546 300 1705 366 (cap.
1734 296 1789 385 Pi)
1820 290 2111 385 :[Bonam
2142 290 2189 343 Α

340 400 349 408 ”
464 375 610 460 dicis
640 375 956 456 hominum
979 394 1260 447 naturam
1281 403 1418 460 quae
1458 385 1591 442 talis
1621 382 1826 455 gratiis
1866 375 2117 451 opitula-

463 493 685 548 tionem
714 487 1012 550 meretur;
1049 478 1216 553 quod
1249 480 1551 549 gratanter
1580 472 1873 540 audirem,
1928 466 1976 523 si
2001 466 2116 521 hoc

461 581 781 655 propterea
807 572 953 647 quia
979 574 1197 627 natura
1226 564 1534 625 rationalis
1567 566 1675 630 est,
1715 561 1962 655 diceres.
2013 558 2117 611 Ne-

462 645 758 742 que-enim
778 645 972 735 gratia
994 659 1096 716 Dei
1120 673 1229 732 per
1248 659 1455 712 Jesum
1477 653 1773 711 Christum
1797 645 2117 742 Dominum

461 737 733 815 nostrum
744 750 1051 825 lapidibus
1065 751 1168 805 aut
1181 746 1359 818 lignis
1374 743 1764 818 pecoribusve
1778 737 2115 812 praestatur.

464 846 576 905 Sed
602 843 748 918 quia
772 844 975 911 imago
992 837 1094 894 Dei
1114 840 1223 907 est,
1241 839 1503 891 meretur
1523 833 1684 889 hanc
1705 825 1978 900 gratiam,
1996 837 2119 877 non

462 915 666 992 tamen
692 936 757 989 ut
776 925 905 1002 ejus
921 928 1085 984 bona
1099 925 1377 982 voluntas
1397 922 1589 996 possit
1610 915 1947 993 praecedere
1972 926 2121 1002 prae-

461 1030 550 1082 ter
570 998 843 1095 gratiam,
866 1034 942 1074 ne
962 1015 1058 1073 vel
1090 1019 1222 1088 ipsa
1245 1013 1411 1086 prior
1430 1010 1533 1068 det
1550 1013 1615 1066 ut
1642 1004 2007 1095 retribuatur
2015 998 2118 1070 illi,

462 1130 533 1172 ac
562 1089 646 1169 sic
671 1108 862 1183 gratia
885 1108 1011 1180 jam
1040 1119 1163 1161 non
1193 1103 1267 1158 sit
1286 1100 1477 1173 gratia
1499 1100 1684 1172 (Rom.
1713 1112 1795 1164 χι,
1827 1092 1938 1162 35),
1972 1089 2121 1183 dum

463 1221 589 1262 non
633 1178 897 1259 donatur
923 1195 1203 1269 gratuita,
1238 1192 1343 1249 sed
1381 1190 1649 1248 redditur
1696 1186 1918 1242 debita.
1969 1178 2123 1247 Quid

465 1299 555 1352 est
582 1306 726 1363 ergo
780 1287 951 1362 quod
979 1283 1314 1341 secundum
1369 1279 1625 1337 modum
1661 1278 1923 1332 vestrum
1951 1269 2122 1327 effec-

466 1389 597 1441 tum
618 1359 946 1438 voluntatis
970 1375 1255 1432 humanas
1277 1370 1443 1427 dona
1455 1366 1719 1426 cmlestia
1742 1379 1841 1420 me
1862 1359 2123 1418 credide-

463 1488 564 1529 ras
592 1480 978 1539 nuncupasse
1001 1463 1029 1518 ?
1070 1466 1361 1533 tanquam
1390 1457 1671 1514 voluntas
1701 1450 1967 1509 hominis
1998 1448 2124 1504 sine

468 1560 571 1616 Dci
595 1557 786 1629 gratia
804 1538 1162 1610 moveretur
1187 1548 1267 1604 ad
1319 1548 1574 1613 bonum,
1608 1548 1673 1599 ut
1711 1542 1764 1598 ei
1812 1538 2058 1629 debitus
2089 1551 2126 1591 a

1556 177 1613 230 S.
1654 165 2025 228 PBUDENTII
2063 164 2440 221 TRECENSIS
2481 163 2791 220 EPISCOPI

3762 161 3925 214 1068

2797 326 2969 364 JOANN
2979 325 3044 365 BS
3085 324 3309 364 SCOTUS.

2295 409 2459 483 (Cap.
2485 413 2537 476 4,
2568 423 2736 464 num.
2778 409 2860 476 l7,
2906 411 3046 463 sect.
3072 407 3151 477 8.)
3177 410 3217 459 8
3248 407 3397 461 Item
3426 406 3588 476 quod
3607 408 3698 462 ait
3741 407 3929 462 idem

2222 498 2549 568 Apostolus
2580 516 2593 553 :
2629 500 2757 553 Non
2783 495 3035 552 volentis
3066 509 3263 566 neque
3286 494 3603 561 currentis,
3651 494 3771 550 sed
3813 494 3939 549 Dei

2222 592 2312 644 est
2335 585 2670 643 miserentis
2696 587 2882 657 (Rom.
2915 601 2992 647 1x,
3032 582 3136 655 16),
3165 598 3285 639 non
3312 585 3495 640 aliter
3520 585 3934 655 intelligitur

2222 678 2343 733 nisi
2369 677 2512 733 dum
2529 677 2607 731 sit
2629 676 2828 732 volens
2869 679 2923 730 et
2973 687 3242 730 currens.
3294 674 3688 730 Naturaliter
3732 675 3929 730 enim

2226 766 2351 821 haec
2379 765 2499 821 duo
2531 765 2713 820 insita
2743 769 2884 820 sunt
2913 763 3158 819 homini.
3204 762 3512 833 Siquidem
3547 764 3702 831 vult,
3736 764 3932 819 unde

2225 860 2307 911 est
2340 856 2576 924 volens;
2622 859 2677 909 et
2706 852 2937 922 appetit
2965 850 3411 916 beatitudinem,
3440 851 3603 908 unde
3633 857 3725 908 est
3769 868 3931 909 cur-

2226 959 2362 1023 rens
2382 959 2405 1000 .·
2425 957 2546 998 non
2574 942 2849 1007 volentis,
2877 956 3072 1013 neque
3094 940 3386 996 currentis
3414 940 3571 997 bona
3591 957 3787 1011 opera
3813 945 3929 999 vel

2225 1032 2531 1100 inchoare,
2585 1033 2679 1087 vel
2707 1045 2906 1100 agere,
2956 1030 3050 1085 vel
3084 1030 3378 1099 perﬁcere
3407 1044 3428 1085 :
3460 1031 3574 1087 hoc
3598 1032 3761 1087 enim
3816 1036 3925 1088 est

2228 1120 2562 1178 miserentis
2596 1120 2696 1176 Dei
2726 1120 2967 1176 donum.

2893 1257 2995 1297 COB
3002 1256 3199 1297 RECTIO
3207 1282 3220 1295 .

2300 1354 2342 1422 -ι-
2373 1351 2524 1408 Satis
2553 1354 2804 1423 apparet
2837 1354 2889 1406 te
2915 1348 2995 1405 ad
3022 1363 3379 1421 perversum
3407 1352 3525 1404 tua:
3545 1348 3914 1421 interpreta-

2234 1439 2407 1498 tionis
2439 1438 2798 1495 intellectum
2831 1435 3321 1493 conﬁrmandum
3356 1437 3471 1492 ista
3499 1452 3906 1507 exaggerans,

2230 1529 2487 1601 ideoque
2517 1527 2703 1584 verba
2761 1525 3092 1599 apostolica
3142 1524 3204 1580 in
3235 1522 3405 1581 aliud
3434 1541 3620 1599 quam
3687 1526 3767 1582 ab
3823 1542 3909 1581 eo

468 1612 1044 1705 Decuretribueretur
1063 1638 1306 1695 effectus
1326 1638 1353 1693 ‘I
1376 1640 1536 1692 Itane
1562 1612 1781 1689 oblitus
1795 1628 1994 1686 fueras
2013 1641 2125 1681 nos
2156 1641 2196 1694 Β
2231 1617 2390 1674 dicta
2420 1620 2562 1672 sunt
2589 1615 2967 1688 detorquere.
3000 1612 3174 1680 Quod
3203 1613 3368 1669 enim
3398 1613 3546 1670 dicis
3570 1613 3905 1705 nonaliter

467 1752 609 1795 cum
639 1734 942 1806 Scriptura
969 1729 1165 1786 dicere
1195 1730 1404 1782 contra
1436 1739 1545 1779 vos
1572 1722 2009 1790 :Przeparatur
2034 1730 2128 1771 vo-

469 1829 672 1885 luntas
710 1802 1025 1879 αὶ)οωίηο
1064 1818 1263 1890 (Prov.
1316 1830 1416 1877 vu,
1458 1816 1547 1881 35,
1591 1825 1706 1868 sec.
1744 1807 1935 1877 LXX)
1968 1823 1982 1874 ;
2030 1802 2127 1860 vel

469 1914 638 1989 quod
653 1914 715 1970 in
745 1911 912 1967 nobis
941 1910 1099 1964 Deus
1128 1909 1410 1975 operetur
1438 1908 1492 1958 et
1528 1897 1889 1989 velle
1921 1911 1992 1989 u,
2005 1891 2123 1989 .13).

471 1982 516 2062 ὁ
562 2001 780 2073 ingrati
838 1997 1042 2070 gratiae
1090 1994 1191 2051 Dei
1218 1994 1231 2049 ι
1263 1995 1307 2050 o
1332 1989 1559 2048 inimici
1583 1986 1787 2059 gratim
1809 1982 2040 2048 Christi,
2070 1985 2128 2073 et

469 2092 599 2151 solo
630 2071 926 2148 vocabulo
957 2082 1272 2144 Christiani
1301 2081 1314 2137 l
1345 2082 1557 2136 Nonne
1578 2092 1690 2150 pro
1714 2073 1974 2131 inimicis
2003 2071 2128 2127 suis

469 2185 603 2239 orat
626 2176 929 2236 Ecclesia?
960 2172 1116 2241 Quid
1162 2173 1312 2238 orat,
1354 2167 1608 2225 obsecro
1631 2165 1661 2220 ‘l
1700 2163 1759 2221 Si
1787 2166 1853 2218 ut
1891 2160 1975 2217 eis
2002 2173 2127 2215 suas

467 2267 795 2328 voluntatis
819 2263 1181 2322 retribuatur
1204 2257 1484 2333 pretium,
1512 2253 1661 2328 quid
1698 2253 1783 2308 eis
1832 2254 1982 2320 orat,
2012 2246 2128 2304 nisi

470 2358 699 2432 grande
729 2352 1112 2430 supplicium,
1139 2347 1307 2423 quod
1330 2348 1460 2420 jam
1492 2348 1700 2402 contra
1729 2358 1833 2398 eos
1863 2344 1970 2407 est,
2002 2352 2126 2432 non

469 2425 583 2522 pro
605 2447 689 2504 eis
709 2445 737 2501 ?
768 2425 910 2502 O—rat
927 2445 1129 2499 autem
1150 2454 1263 2511 pro
1292 2436 1376 2493 eis
1407 2452 1420 2492 :
1449 2449 1573 2490 non
1613 2446 1757 2522 ergo
1779 2429 1933 2522 quia
1955 2430 2044 2483 est
2061 2425 2128 2481 il-

469 2519 542 2592 lis
562 2534 840 2591 voluntas
871 2531 1058 2596 bona,
1083 2526 1191 2583 sed
1212 2529 1277 2581 ut
1297 2524 1677 2580 convertatur
1697 2520 1758 2575 in
1779 2519 2006 2574 bonam
2022 2529 2125 2570 vo-

460 2624 662 2680 luntas
685 2620 869 2677 mala.
893 2616 1191 2684 Quoniam
1209 2617 1604 2684 prarparatur
1629 2610 1908 2665 voluntas
1940 2621 1978 2662 a
2008 2606 2127 2660 Do-

366 2697 375 2706 ’
465 2712 651 2779 mino,
678 2713 735 2766 et
760 2710 917 2765 Deus
944 2710 1026 2762 est
1056 2704 1235 2771 enim,
1266 2706 1332 2757 ut
1358 2701 1441 2756 ait
1469 2696 1815 2771 Apostolus,
1843 2694 1948 2766 qui
1999 2706 2129 2763 ope~

468 2806 650 2859 ratur
676 2799 740 2855 in
768 2794 928 2854 vobis
960 2799 1015 2851 et
1047 2790 1247 2861 velle]

541 2892 585 2961 ἦ·
612 2888 712 2946 His
726 2884 889 2944 beati
911 2879 1229 2954 Augustini
1242 2874 1630 2953 praferendis
1653 2868 2128 2961 expositionibus

468 2959 603 3037 luce
633 2976 851 3034 clarius
872 2971 1297 3048 perdocemur,
1328 2964 1514 3023 verba
1544 2964 1643 3020 illa
1675 2959 2007 3035 apostolica
2026 2959 2128 3015 ho-
2157 2996 2198 3049 Ο

468 3070 698 3128 minem
726 3063 1061 3123 describere
1091 3058 1206 3115 sub
1233 3056 1425 3130 gratia
1444 3054 1856 3115 constitutum,
1889 3052 2126 3106 contra-

470 3174 590 3234 que
617 3155 814 3215 carnis
844 3168 967 3210 sum
1013 3145 1563 3221 concupiscentiam
1610 3142 1866 3215 puritate
1912 3137 2132 3195 mentis

469 3229 871 3324 pugnantem,
903 3255 1029 3298 non
1085 3237 1166 3295 ab
1227 3235 1443 3293 eadem
1491 3229 2015 3324 gratiaalienum.
2048 3231 2131 3283 Ac

468 3317 587 3408 per
605 3335 720 3391 hoc
742 3331 857 3388 sub
881 3328 1073 3400 gratia
1098 3326 1452 3382 constitutus
1478 3320 1622 3377 dicit
1652 3338 1665 3388 ;
1702 3319 1861 3408 Velle
1891 3317 2133 3408 adiacet

470 3405 622 3481 mihi
645 3423 836 3494 (Rom.
858 3435 963 3490 vn,
999 3416 1087 3487 18)
1113 3414 1261 3469 :hoc
1281 3416 1389 3480 est,
1411 3410 1691 3467 voluntas
1715 3406 1861 3463 mihi
1878 3421 1950 3461 ex
1966 3405 2131 3461 dono

474 3512 682 3584 gratiae
708 3509 880 3577 inest,
912 3509 980 3563 ut
1005 3506 1206 3561 castus
1237 3501 1354 3556 sim
1395 3505 1453 3556 et
1478 3503 1639 3555 caste
1667 3496 1908 3563 vivam;
1945 3496 2131 3584 perﬁ-

476 3614 608 3658 cere
627 3605 827 3655 autem
851 3610 995 3664 non,
1017 3592 1393 3664 repugnante
1416 3586 1691 3643 videlicet
1702 3583 2133 3656 concupiscen-

474 3687 558 3745 tia
584 3685 802 3752 carnis,
826 3682 999 3753 cujus
1026 3676 1297 3736 stimulos
1310 3679 1367 3733 et
1393 3673 1789 3732 titillationem
1803 3686 1910 3744 per
1925 3670 2134 3727 omnia

476 3776 852 3846 exstinguere
876 3784 1133 3844 nequeo,
1166 3768 1315 3823 dum
1345 3780 1563 3836 corpus
1590 3761 1751 3836 quod
1794 3761 2129 3831 corrumpi-

478 3872 597 3933 tur,
624 3866 921 3937 aggravat
950 3860 1237 3928 animam,
1264 3871 1388 3912 non
1419 3870 1457 3911 a
1506 3852 1700 3924 gratia
1742 3850 1995 3917 alienus,
2027 3848 2134 3923 qui

476 3955 736 4013 necdum
757 3953 914 4010 hanc
940 3948 1308 4007 voluntatem
1330 3961 1403 4002 ex
1424 3942 1632 4015 gratiae
1650 3955 1901 3997 munere
1924 3954 2131 4013 perce-

476 4048 662 4118 perat.
691 4045 841 4100 Nam
865 4038 1033 4112 quod
1073 4036 1189 4094 ait:
1220 4034 1419 4092 Mente
1435 4032 1628 4090 servio
1659 4030 1779 4102 legi
1814 4029 1943 4098 Dei,
1969 4026 2132 4085 idem

477 4132 647 4191 dicit:
666 4132 827 4188 Velle
846 4129 1083 4199 adjacet
1104 4123 1272 4183 mihi.
1293 4126 1361 4179 Et
1379 4120 1545 4196 quod
1563 4119 1647 4177 ait
1669 4135 1683 4176 :
1710 4118 1910 4176 Carne
1930 4123 2129 4175 autem

479 4223 597 4294 legi
617 4216 1040 4291 peccati,idem
1081 4218 1168 4270 est
1216 4227 1355 4268 cum
1390 4209 1566 4266 dicit:
1590 4209 1890 4278 Perﬁcere
1931 4213 2129 4263 autem

476 4327 617 4368 non.
649 4313 851 4382 Itaque
873 4306 924 4363 si
948 4304 1093 4362 velle
1130 4306 1348 4359 natura
1374 4298 1550 4355 nobis
1579 4300 1685 4363 est,
1716 4295 1781 4352 id
1816 4300 1909 4352 est
1934 4310 2130 4351 essen-

475 4399 578 4468 tia,
604 4397 789 4455 veluti
818 4394 1063 4457 asseris,
1083 4405 1295 4449 omnes
1317 4387 1595 4444 homines
1627 4384 1690 4442 id
1740 4384 1965 4441 habere
1991 4383 2128 4458 quis

475 4488 700 4547 nesciat
720 4488 749 4545 ?
781 4489 1000 4544 Omnes
1033 4485 1234 4539 autem
1254 4476 1553 4546 homines,
1586 4478 1801 4548 printer
1820 4488 1976 4546 quos
1999 4488 2131 4543 gra-

477 4579 573 4636 tiae
609 4580 919 4653 respectus
977 4572 1252 4639 illustrat,
1303 4581 1429 4623 non
1484 4563 1710 4622 habere
1757 4561 2128 4653 volutabam

475 4675 636 4728 caste
663 4651 922 4730 vivendi,
970 4668 1025 4721 et
1055 4662 1343 4720 adversus
1372 4655 1570 4715 carnis
1614 4651 2131 4727 concupiscentias

474 4751 823 4825 dimicandi,
841 4755 1115 4830 quinimo
1140 4747 1606 4809 obstinatissime
1632 4749 1689 4803 et
1715 4743 2130 4803 ardentissime

477 4852 562 4906 eis
594 4850 795 4911 subdi,
828 4846 964 4920 quis
988 4843 1265 4916 ignoret?
1294 4840 1353 4900 Si
1380 4854 1524 4911 ergo
1554 4836 1891 4895 secundum
1921 4839 1977 4893 te
2005 4850 2132 4892 om-

475 4952 587 4993 nes
616 4936 892 4993 homines
930 4933 1155 4990 habent
1196 4929 1521 4988 essentiam
1548 4926 1723 4998 velle,
1753 4941 1876 4984 non
1927 4930 2131 4983 autem

478 5039 692 5082 omnes
711 5022 987 5081 homines
1024 5022 1251 5079 habent
1276 5019 1424 5076 velle
1456 5022 1521 5076 ut
1542 5016 1844 5084 resistant,
1875 5015 2000 5072 imo
2028 5015 2131 5071 ha-

470 5114 618 5171 bent
637 5117 703 5170 ut
729 5110 1013 5169 obediant
1041 5107 1537 5183 concupiscentiis
1559 5106 1779 5174 carnis,
1801 5108 1966 5178 patet
1988 5118 2128 5176 pro-

476 5204 633 5261 fecto
658 5214 1049 5274 nequaquam
1071 5215 1144 5256 ex
1172 5201 1401 5255 naturae
1428 5196 1594 5253 bono
1618 5195 1680 5251 id
1700 5208 1913 5251 omnes
1938 5191 2128 5248 homi-

476 5308 585 5350 nes
617 5287 884 5363 assequi,
902 5286 1008 5344 sed
1024 5302 1097 5342 ex
1115 5285 1385 5355 largitate
1408 5282 1608 5355 gratiae
1628 5297 1731 5339 eos
1760 5283 2127 5337 tantummo-

475 5381 556 5438 do
581 5382 687 5453 qui
701 5376 1122 5450 praedestinati
1146 5378 1289 5430 sunt
1310 5375 1372 5428 in
1398 5373 1556 5441 filios
1584 5370 1714 5440 Dei,
1747 5372 1812 5425 ut
1838 5383 1946 5441 per
1968 5382 2128 5424 eam-

467 5470 610 5528 dem
639 5468 893 5541 gratiam
939 5464 1177 5541 possint
1223 5463 1555 5533 conformes
1601 5460 1740 5530 ﬁeri
1782 5459 2027 5529 proprii
2070 5465 2124 5516 et

463 5561 630 5618 unici
648 5560 799 5618 Filii
817 5560 927 5618 Dei
951 5558 1145 5635 (Rom.
1170 5568 1269 5624 vn,
1296 5553 1409 5625 29).
1446 5549 1619 5618 Quod
1650 5564 1787 5608 vero
1835 5548 1934 5621 adj
1946 5547 2120 5620 ungis

460 5650 666 5709 dicens
697 5668 711 5707 :

2229 1705 2499 1776 intelligi,
2528 1722 2649 1762 non
2704 1705 2978 1773 volentis,
3026 1718 3217 1774 neque
3247 1705 3562 1774 currentis,
3591 1703 3705 1759 nisi
3733 1704 3897 1759 dum

2231 1795 2302 1851 sit
2331 1792 2536 1851 volens
2563 1797 2618 1848 et
2639 1807 2904 1860 currens,
2928 1791 2989 1847 id
3006 1795 3095 1848 est
3121 1790 3271 1847 dum
3312 1806 3381 1847 ex
3410 1796 3618 1846 natura
3646 1788 3885 1845 habeat

2230 1883 2379 1945 velle
2408 1887 2465 1940 et
2493 1898 2749 1944 currere,
2781 1880 3002 1937 falsum
3032 1884 3138 1936 est.
3176 1882 3297 1936 Non
3343 1878 3496 1935 enim
3550 1876 3875 1951 Apostolus

2231 1972 2307 2030 de
2337 1976 2567 2029 naturae
2595 1970 2901 2027 voluntate
2931 1974 2986 2026 et
3015 1985 3199 2026 cursu
3245 1968 3471 2038 agebat,
3528 1967 3636 2023 sed
3660 1966 3741 2023 de
3765 1966 3891 2022 ho-

2232 2062 2392 2118 mine
2418 2061 2542 2134 qui,
2569 2064 2703 2133 jam
2729 2075 2836 2133 per
2875 2059 3129 2130 gratiam
3183 2056 3574 2123 illuminatus,
3606 2055 3903 2111 volunta-

2233 2156 2350 2208 tem
2382 2154 2437 2207 οἳ
2464 2167 2729 2222 cursum,
2756 2149 2817 2204 id
2852 2153 2941 2205 est
2964 2147 3265 2205 actionem
3305 2146 3451 2203 boni
3475 2144 3692 2219 operis,
3724 2160 3899 2201 acce-

2230 2245 2419 2315 perat,
2453 2256 2528 2297 ne
2570 2239 2720 2296 forte
2747 2244 2884 2312 post
2922 2237 3175 2308 gratiam
3209 2236 3606 2294 illustrantem
3635 2234 3903 2308 propriis

2231 2330 2457 2387 viribus
2488 2330 2564 2385 de
2592 2335 2805 2385 caetero
2838 2344 2977 2384 cum
3004 2326 3343 2397 Pelagianis
3374 2325 3604 2388 ﬁderet,
3647 2329 3710 2381 et
3765 2323 3902 2380 abs-

2231 2435 2350 2493 que
2380 2418 2677 2491 adjutorio
2703 2419 2907 2489 gratia:
2939 2432 3071 2473 sese
3096 2431 3275 2489 posse
3306 2417 3722 2490 prmsumeret.
3754 2416 3901 2471 Cum

2232 2514 2434 2565 autem
2458 2507 2608 2563 dicis
2636 2523 2649 2562 :
2678 2507 3065 2563 Naturaliter
3086 2506 3241 2562 enim
3264 2507 3391 2562 hac
3410 2504 3530 2560 duo
3546 2504 3742 2560 insita
3761 2508 3897 2559 sunt

2234 2597 2476 2663 homini,
2499 2600 2653 2652 recte
2674 2594 2923 2662 diceres,
2973 2594 3024 2651 si
3052 2609 3177 2651 non
3228 2597 3283 2650 te
3341 2593 3511 2651 aliter
3565 2591 3897 2663 intelligere

2233 2684 2683 2743 circumstantia
2708 2683 3191 2757 comprobarent.
3215 2686 3367 2739 Nam
3384 2680 3636 2739 insitum
3658 2680 3882 2738 homini

2234 2774 2580 2833 naturaliter
2607 2773 2751 2831 velle
2781 2778 2839 2830 et
2869 2788 3126 2843 currere,
3152 2771 3215 2829 id
3241 2778 3332 2829 est
3354 2776 3586 2829 naturae
3616 2769 3798 2827 facta:
3817 2769 3890 2825 ab

2235 2868 2477 2922 auctore
2506 2878 2817 2934 concessa,
2849 2861 3374 2933 quemadmodum
3389 2865 3447 2917 et
3472 2858 3594 2916 alia
3615 2875 3746 2915 suae
3773 2875 3900 2915 mu-

2235 2955 2338 3011 nia
2359 2953 2651 3025 largitatis
2681 2952 2975 3009 catholica
3021 2951 3238 3009 fatetur
3266 2949 3528 3007 Ecclesia
3559 2971 3576 3017 ;
3615 2953 3904 3005 naturam

2238 3047 2441 3100 autem
2470 3030 2604 3099 esse
2650 3041 3025 3098 voluntatem
3074 3056 3322 3114 prorsus
3376 3054 3503 3095 non
3544 3037 3758 3110 recipit
3787 3055 3805 3094 :
3838 3042 3905 3094 tu

2236 3138 2482 3189 econtra
2508 3130 2727 3196 nitens,
2758 3135 2991 3186 tantum
3027 3129 3228 3200 gratiae
3258 3127 3539 3198 derogas,
3593 3125 3734 3182 dum
3786 3140 3900 3181 na-

2236 3224 2383 3278 turai
2413 3220 2571 3276 ultra
2591 3219 2893 3275 veritatem
2928 3234 3198 3290 arrogas,
3230 3223 3295 3273 ut
3326 3215 3896 3284 mirabili,caecitate

2238 3315 2362 3368 tam
2390 3309 2608 3366 lucidas
2639 3308 2867 3365 veritati
2896 3307 3309 3382 impudentius
3329 3305 3611 3372 obvians,
3633 3304 3909 3361 crebrius

2238 3415 2424 3472 quam
2449 3414 2691 3456 necesse
2719 3398 2797 3454 sit
2822 3397 3035 3454 eadem
3065 3395 3367 3453 inculcare
3397 3409 3522 3452 non
3551 3393 3904 3451 erubescas.

2238 3492 2305 3548 Et
2330 3488 2467 3546 ideo
2488 3486 2792 3545 subnectis
2822 3504 2836 3543 :

2821 3612 2880 3652 JO
2891 3611 3059 3653 hNNES
3098 3609 3324 3652 SCOTUS.

2309 3706 2476 3778 (Cap.
2499 3708 2555 3775 4,
2586 3718 2754 3761 num.
2794 3704 2878 3768 18,
2907 3707 3049 3761 sect.
3078 3704 3157 3776 8.)
3192 3707 3231 3756 Θ
3262 3705 3392 3759 Non
3423 3706 3624 3759 tamen
3644 3700 3909 3759 volentis

2239 3809 2435 3867 neque
2461 3794 2753 3851 currentis
2777 3794 2931 3851 bona
2946 3807 3130 3865 opera
3149 3794 3242 3850 vel
3255 3792 3563 3862 inchoare,
3587 3792 3685 3849 vel
3700 3806 3907 3863 agere,

2239 3885 2334 3943 vel
2359 3885 2666 3956 perﬁcere,
2697 3884 2809 3941 hoc
2838 3883 2995 3940 enim
3023 3886 3113 3939 est
3142 3880 3477 3939 miserentis
3525 3880 3629 3937 Dei
3653 3882 3907 3938 dum.

2904 4022 3229 4065 CORRECTIO.

2310 4121 2351 4190 -ξ-
2384 4121 2453 4175 Ut
2478 4116 2761 4174 ostendas
2814 4115 3184 4173 voluntatem
3211 4118 3269 4171 et
3310 4113 3666 4187 appetitum,
3718 4128 3908 4185 quem

2241 4224 2485 4265 cursum
2514 4206 2814 4270 nominas,
2855 4221 2981 4262 non
3031 4220 3161 4262 esse
3199 4202 3613 4278 praevenientis
3653 4202 3759 4258 Dei
3793 4201 3905 4258 do-

2239 4312 2410 4364 num,
2441 4294 2550 4352 sed
2603 4293 2959 4361 miserentis,
3016 4293 3079 4350 id
3108 4296 3198 4350 est
3219 4290 3601 4350 retribuentis
3628 4294 3689 4347 et
3738 4289 3911 4361 adju-

2165 4354 2213 4411 Β
2240 4354 2436 4443 vantis
2465 4399 2707 4440 munus.
2741 4386 2805 4441 Et
3011 4386 3102 4440 est
3151 4380 3319 4456 quod
3364 4381 3527 4439 idem
3586 4354 3911 4454 Apostolus

2240 4473 2577 4550 proclamat
2603 4490 2614 4529 :
2639 4472 2795 4542 Quid
2821 4473 2978 4530 enim
3010 4472 3190 4531 habes
3216 4472 3378 4544 quod
3418 4487 3542 4528 non
3561 4470 3858 4540 accepisti
3879 4472 3909 4525 γ

2239 4565 2298 4637 (Ι
2322 4564 2458 4621 Cor.
2489 4579 2569 4633 IV,
2598 4562 2678 4634 7.)
2709 4563 2775 4618 Et
2798 4577 3044 4619 rursum
3074 4578 3087 4618 :
3114 4561 3255 4631 Quis
3281 4561 3438 4618 enim
3474 4560 3641 4617 novit
3662 4574 3909 4616 sensum

2237 4653 2513 4711 Domini:
2547 4657 2655 4708 aut
2680 4653 2809 4724 quis
2839 4652 3222 4710 consiliarius
3256 4653 3386 4722 ejus
3412 4650 3561 4721 fuit,
3612 4653 3724 4705 aut
3765 4649 3908 4720 quis

2236 4745 2409 4816 prior
2437 4742 2602 4801 dedit
2622 4744 2717 4799 illi
2738 4749 2792 4799 et
2823 4742 3191 4799 retribuetur
3218 4742 3274 4798 ei
3291 4741 3321 4797 ?
3352 4740 3647 4809 Quoniam
3674 4754 3751 4795 ex
3773 4738 3909 4810 ipso

2241 4841 2295 4893 et
2320 4849 2436 4907 per
2454 4835 2649 4906 ipsum
2681 4838 2732 4889 et
2762 4833 2825 4889 in
2855 4832 2981 4902 ipso
3025 4837 3167 4887 sunt
3209 4831 3430 4898 omnia,
3463 4829 3583 4900 ipsi
3608 4829 3814 4901 gloria
3845 4829 3911 4885 in

2238 4925 2460 4982 saecula
2481 4923 2860 4988 saeculorum,
2880 4920 3071 4978 Amen
3093 4920 3284 4993 (Rom.
3304 4935 3389 4987 x1,
3408 4919 3500 4989 34,
3522 4918 3635 4991 36).
3666 4917 3727 4974 Si
3744 4916 3914 4975 enim

2240 5029 2314 5070 ex
2338 5016 2414 5084 te,
2444 5011 2509 5068 id
2533 5016 2625 5069 est
2646 5013 2883 5074 natura,
2916 5008 3287 5067 voluntatem
3307 5011 3377 5083 et
3399 5007 3739 5081 appetitum
3759 5005 3912 5063 boni

2240 5100 2453 5167 habes,
2513 5100 2781 5173 sequitur
2834 5099 3143 5170 inchoare,
3209 5113 3387 5170 agere
3453 5112 3560 5153 seu
3588 5095 3908 5171 perﬁcere,

2239 5206 2366 5248 non
2414 5188 2750 5246 miserentis
2809 5188 2912 5246 Dei
2947 5188 3201 5255 donum,
3258 5187 3366 5244 sed
3413 5185 3801 5244 retribuentis
3837 5186 3915 5244 sit

2238 5295 2485 5351 munus,
2530 5282 2589 5334 et
2616 5278 2837 5336 falsum
2868 5278 2979 5335 erit
3004 5276 3174 5351 quod
3224 5276 3307 5334 ait
3350 5274 3678 5351 Apostolus
3723 5275 3911 5343 τουτὶ

2229 5370 2406 5439 prior
2455 5368 2619 5425 dedit
2664 5371 2765 5425 illi
2800 5375 2852 5426 et
2906 5366 3274 5424 retribuetur
3326 5367 3383 5423 ei
3407 5368 3438 5422 ἵ
3485 5364 3562 5434 Si,
3624 5364 3909 5438 inquam,

2237 5458 2341 5515 tibi
2389 5474 2464 5515 ex
2514 5462 2732 5515 natura
2786 5457 3063 5514 voluntas
3093 5460 3150 5512 et
3208 5455 3508 5529 appetitus
3552 5453 3702 5511 boni
3764 5454 3904 5522 fuit,

2232 5548 2520 5605 nimirum
2540 5552 2774 5606 constat
2800 5547 2944 5622 quia
2970 5550 3038 5604 tu
3058 5546 3223 5620 prior
3250 5544 3486 5603 dederis
3529 5545 3652 5601 Deo
3676 5543 3903 5601 volun-

2233 5638 2417 5695 tatem
2446 5640 2635 5702 tuam,
2685 5653 2873 5712 quam
2927 5636 3024 5695 ille
3057 5636 3155 5694 vel
3184 5632 3533 5705 inchoandi,
3586 5633 3681 5692 vel
3712 5649 3883 5707 δείλη
