4112 6184
196 150 334 208 1069

1085 148 1175 203 DE
1218 142 1900 203 PREDESTINATIONE
1946 142 2233 201 CONTRA
2277 147 2329 203 J.
2365 149 2658 211 SCOTUM.

3482 160 3619 218 1070

196 275 282 343 di,
315 271 406 329 vel
434 270 783 345 perﬁciendi
812 285 1079 327 munere.
1130 270 1522 328 Rebributum
1551 273 1642 326 est
1670 267 1848 339 igitur
1882 283 1929 336 Α
1966 271 2093 325 erat
2126 273 2326 328 utrum
2356 276 2414 331 et
2440 275 2721 331 meritum
2764 276 2904 333 ﬁdei
2934 256 3021 334 [ex
3072 279 3483 341 misericordia
3516 286 3620 343 Dei

198 364 304 421 tibi
340 363 575 435 justitia
611 361 955 435 repetentis,
996 376 1120 417 non
1178 361 1388 418 clatum
1434 356 1851 416 muniﬁcentia

193 452 453 524 gratuito
498 450 827 524 largientis.
860 451 1012 516 Quia
1039 466 1203 520 vero,
1265 451 1429 508 omni
1461 449 1854 520 ambiguitate

196 541 452 609 seclusa,
495 556 703 597 verum
734 545 820 597 est
850 540 1018 613 quod
1046 539 1369 613 Apostolus
1398 542 1481 596 ait
1512 557 1525 595 :
1562 541 1685 595 Aut
1725 537 1856 608 quis

191 634 366 704 prior
402 632 567 689 dedit
614 631 717 687 illi
751 637 808 687 et
835 631 1205 687 retribuetur
1235 630 1289 687 ei
1324 634 1353 685 ?
1378 630 1646 704 profecto
1673 628 1861 700 liquet

194 721 364 796 quod
395 721 530 794 ipsa
561 720 844 776 voluntas
873 724 1055 794 atque
1094 719 1399 792 appetitus
1435 718 1581 776 boni
1628 717 1860 773 donum

197 811 273 867 sit
309 809 514 880 gratim
540 808 978 882 praevenientis,
1010 824 1134 864 non
1160 812 1390 864 naturae
1424 806 1725 863 existentis
1753 803 1862 889 lipf

197 900 432 973 pientis.
481 898 639 968 Quid
680 899 837 955 enim
887 898 1068 954 habes
1096 897 1257 969 quod
1281 912 1401 953 non
1431 897 1723 965 accepisti
1747 899 1776 951 ?
1805 897 1863 952 Sl

196 1004 343 1059 ergo
380 987 526 1043 boni
558 985 925 1043 voluntatem
971 984 1184 1053 habes,
1236 984 1447 1057 procul
1476 983 1666 1040 dubio
1695 999 1862 1039 acceo

195 1077 373 1150 pisti:
415 1074 697 1148 accepisti
724 1078 925 1130 autem
958 1090 1082 1130 non
1107 1080 1344 1130 natura).
1370 1073 1738 1130 cascutientis
1756 1072 1862 1128 bo-

198 1182 300 1233 no,
334 1164 442 1220 sed
472 1164 677 1235 gratiae
690 1162 1027 1219 miserentis
1053 1162 1239 1219 dono.
1277 1162 1573 1230 Quoniam
1607 1178 1684 1219 ea:
1712 1164 1858 1231 ipso,

200 1261 257 1312 et
271 1270 380 1325 per
402 1255 619 1325 ipsum,
643 1258 696 1309 et
722 1253 786 1309 in
808 1252 935 1322 ipso
959 1258 1097 1308 sunt
1111 1253 1333 1323 omnia,
1360 1250 1568 1325 procul
1586 1251 1776 1308 dubio
1805 1256 1864 1307 et

197 1342 526 1401 liberalitas
566 1342 747 1398 bona;
793 1340 1146 1409 voluntatis,
1176 1342 1295 1411 ipsi
1321 1343 1521 1413 gloria
1550 1343 1615 1397 in
1639 1342 1860 1397 sarcula

196 1434 577 1499 saeculorum,
609 1433 797 1488 Amen
838 1430 1025 1503 (Rom.
1056 1446 1131 1498 xx,
1164 1431 1277 1502 36).
1329 1431 1474 1486 Hinc
1508 1433 1714 1487 beatus
1740 1434 1858 1485 Au-

199 1538 315 1593 gus
328 1523 480 1580 tinus
501 1522 565 1578 in
593 1519 1012 1577 retractatione
1042 1519 1530 1592 propositionum
1581 1518 1855 1593 Epistolas

199 1611 285 1669 ad
312 1615 613 1669 Romanos
638 1611 718 1666 ita
735 1609 1002 1683 loquitur
1026 1626 1038 1663 :

275 1700 646 1771 Augustinus
693 1701 979 1770 (Retract.
1015 1699 1117 1754 lib.
1151 1715 1188 1767 ι,
1218 1715 1352 1768 cap.
1378 1701 1469 1771 23)
1521 1715 1534 1752 :
1582 1698 1856 1772 [Proinde

195 1792 371 1867 quod
402 1791 686 1848 continuo
716 1789 841 1845 dixi
872 1807 885 1845 :
921 1789 1069 1846 Dicit
1086 1789 1246 1846 enim
1272 1790 1471 1846 eidem
1495 1789 1855 1862 Apostolus:

202 1883 373 1939 Idem
402 1887 548 1939 Deus
578 1881 684 1953 qui
711 1885 1000 1950 operatur
1026 1880 1229 1935 omnia
1262 1880 1323 1935 in
1354 1880 1632 1935 omnibus
1652 1878 1709 1950 (Ι
1721 1881 1858 1935 Cor.

200 1988 305 2039 xu,
343 1970 448 2043 t6);
491 1985 796 2042 nusquam
826 1975 1025 2025 autem
1076 1969 1304 2025 dictum
1334 1972 1423 2025 est
1452 1986 1465 2024 :
1501 1971 1655 2025 Deus
1679 1968 1866 2025 credit

202 2062 410 2118 omnia
438 2060 501 2116 in
526 2059 811 2117 omnibus
844 2077 858 2127 ;
891 2075 962 2116 ac
982 2058 1201 2114 deinde
1231 2058 1519 2130 subjunxi
1548 2076 1560 2111 :
1587 2059 1757 2125 Quod
1778 2074 1863 2114 er-

208 2167 290 2221 go
333 2150 637 2206 credimus
664 2153 939 2205 nostrum
979 2152 1072 2204 est
1105 2166 1117 2216 ;
1174 2148 1341 2221 quod
1381 2153 1585 2204 autem
1631 2148 1864 2204 bonum

206 2256 550 2315 operamur,
584 2238 742 2295 illius
771 2242 863 2295 est
901 2238 1006 2311 qui
1037 2237 1419 2294 credentibus
1449 2236 1554 2295 dat
1580 2237 1864 2311 Spiritum

203 2328 776 2403 sanctum,profecto
795 2344 919 2384 non
939 2327 1203 2384 dicerem
1226 2328 1275 2383 si
1292 2328 1423 2398 jam
1445 2328 1659 2384 scirem
1682 2328 1864 2383 etiam

204 2421 406 2495 ipsam
432 2417 615 2475 ﬁdem
646 2419 797 2474 inter
823 2418 923 2473 Dei
955 2433 1207 2473 munera
1245 2417 1509 2490 reperiri,
1543 2434 1682 2491 (Ῑιιω
1709 2416 1861 2473 dan-

202 2515 303 2568 tur
328 2510 392 2565 in
421 2508 636 2565 eodem
664 2507 902 2581 Spiritu.
940 2510 1268 2580 Utrumque
1298 2522 1443 2578 ergo
1468 2512 1746 2564 nostrum
1778 2510 1863 2563 est

203 2602 451 2674 propter
479 2596 796 2653 arbitrium
828 2596 1172 2666 voluntatis,
1222 2601 1279 2653 et
1304 2601 1629 2670 utrumque
1660 2600 1863 2653 tamen

202 2688 419 2745 datum
444 2702 552 2760 per
579 2685 863 2760 Spiritum
887 2684 1028 2742 ﬁdei
1057 2690 1113 2742 et
1139 2685 1460 2742 charitatis.
1480 2688 1679 2758 Neque
1701 2685 1861 2741 enim

205 2777 340 2835 sola
360 2775 642 2845 charitas,
663 2776 770 2831 sed
796 2775 949 2832 sicut
980 2775 1268 2848 scriptum
1299 2779 1406 2831 est:
1428 2775 1712 2832 Charitas
1727 2789 1861 2831 cum

202 2868 327 2937 ﬁde
369 2881 408 2923 a
447 2867 568 2922 Deo
595 2866 784 2921 Patre
815 2870 869 2922 et
917 2866 1168 2922 Domino
1198 2870 1402 2921 nostra
1450 2866 1590 2920 Jesu
1623 2863 1861 2921 Christo

207 2955 589 3029 (Eph.v1,23).
621 2957 688 3011 Et
714 2953 882 3026 quod
918 2953 1103 3027 paulo
1126 2958 1263 3026 post
1281 2952 1436 3008 dixi:
1463 2956 1741 3008 Nostrum
1773 2955 1863 3008 est

206 3045 375 3102 enim
411 3044 653 3101 credere
681 3050 739 3100 et
774 3043 946 3114 velle,
978 3043 1135 3099 illius
1165 3046 1369 3099 autem
1408 3042 1554 3098 dare
1579 3040 1865 3098 credenti-

207 3135 331 3191 bus
359 3139 417 3190 et
459 3134 799 3190 volentibus
840 3132 1187 3190 facultatem
1234 3131 1387 3188 bene
1437 3131 1730 3203 operandi
1759 3146 1867 3202 per

214 3222 507 3297 Spiritum
529 3228 823 3291 sanctum,
857 3239 968 3293 per
992 3238 1164 3294 quem
1204 3222 1471 3278 charilas
1510 3222 1620 3277 Dei
1648 3220 1866 3291 (li/fun-

220 3314 395 3369 ditur
418 3313 485 3367 in
513 3312 782 3370 cordibus
806 3314 1029 3370 nostris
1053 3311 1605 3382 (Rom.v,5),verum
1626 3316 1715 3367 est
1739 3309 1869 3382 qui-

220 3397 500 3469 dem,sed
518 3401 724 3457 eadem
748 3402 1040 3473 regula,et
1063 3405 1384 3473 utrumque
1404 3399 1598 3472 ipsius
1613 3399 1870 3473 est,quia

216 3491 350 3564 ipse
380 3496 679 3563 praeparat
701 3491 1072 3548 voluntatem
1104 3510 1115 3560 ;
1148 3495 1204 3547 et
1231 3496 1552 3563 utrumque
1573 3494 1867 3554 nostrum,

211 3580 367 3656 quia
395 3596 517 3637 non
546 3580 616 3638 ﬁt
641 3582 757 3638 nisi
782 3582 1116 3639 volentibus
1136 3581 1420 3638 nobis.Ac
1438 3596 1546 3653 per
1570 3581 1686 3637 hoc
1707 3581 1873 3655 quod

212 3670 399 3729 etiam
422 3674 636 3744 postea
660 3670 805 3740 dixi,
833 3671 980 3745 quia
1008 3687 1205 3744 neque
1226 3670 1378 3727 velle
1407 3686 1753 3743 possumus,
1786 3671 1872 3727 ni-

212 3761 269 3817 si
296 3776 585 3818 vocemur
624 3779 639 3830 ;
662 3765 722 3819 et
746 3778 886 3819 cum
912 3766 1051 3836 post
1072 3761 1456 3818 vocationem
1485 3760 1871 3832 voluerimus,

212 3866 346 3908 non
368 3851 590 3909 sutﬁcit
620 3851 898 3909 voluntas
921 3857 1148 3923 nostra,
1171 3854 1228 3906 et
1256 3866 1470 3906 cursus
1500 3856 1722 3919 noster,
1754 3850 1873 3906 nisi

212 3943 378 3997 Deus
407 3945 465 3998 et
488 3940 642 3998 vires
671 3941 1048 3999 currentibus
1072 3940 1341 4014 praebeat
1359 3944 1416 3996 et
1444 3940 1734 4013 perducat
1751 3956 1875 4013 quo

208 4034 435 4099 vocat;
465 4047 537 4088 ac
557 4031 777 4089 deinde
806 4030 1095 4104 subjunxi
1145 4047 1160 4086 :
1215 4029 1595 4088 Manifestum
1625 4033 1713 4085 est
1732 4045 1875 4100 ergo

213 4135 347 4176 non
391 4120 640 4177 volentis
668 4136 856 4194 neque
892 4120 1212 4188 currentis,
1257 4120 1361 4177 sed
1405 4120 1737 4176 miserentis
1766 4120 1882 4176 Dei

213 4224 348 4266 esse
383 4209 573 4281 (Rom.
600 4226 680 4278 1x,
712 4211 820 4283 16),
846 4210 1015 4284 quod
1035 4209 1191 4266 bene
1212 4223 1537 4282 operamur
1567 4226 1581 4277 ;
1626 4208 1877 4264 omnino

214 4297 612 4355 verissimum
666 4303 775 4355 est.
819 4298 936 4357 Sed
980 4314 1200 4372 parum
1248 4298 1324 4355 de
1379 4297 1514 4371 ipsa
1562 4297 1876 4355 vocatione

217 4386 506 4458 disserui,
535 4403 673 4461 quae
700 4388 768 4444 ﬁt
805 4358 1138 4446 secundum
1167 4358 1552 4461 propositum
1589 4387 1692 4446 Dei
1720 4403 1881 4445 :non
1910 4358 1958 4415 Β

220 4476 394 4534 enim
442 4477 718 4534 omnium
745 4478 851 4553 qui
892 4482 1146 4536 vocatur
1173 4477 1311 4535 talis
1353 4481 1460 4547 est,
1520 4476 1627 4534 sed
1656 4482 1890 4536 tantum

221 4565 579 4623 electorum.
612 4570 817 4642 Itaque
870 4567 1039 4641 quod
1078 4567 1264 4641 paulo
1292 4570 1432 4641 post
1469 4566 1596 4623 dixi
1654 4585 1667 4623 :
1731 4567 1893 4625 Sicut

225 4656 399 4714 enim
427 4656 490 4713 in
519 4656 593 4713 iis
621 4658 789 4732 quod
821 4657 984 4730 eligit
1003 4660 1183 4729 Deus,
1212 4674 1336 4715 non
1367 4673 1572 4731 opera,
1617 4656 1723 4713 sed
1741 4657 1892 4713 ﬁdes

228 4748 483 4805 inchoat
529 4748 833 4817 meritum,
867 4753 930 4806 ut
953 4765 1060 4823 per
1088 4765 1313 4806 munus
1342 4748 1443 4805 Dei
1464 4748 1620 4804 bene
1645 4762 1893 4819 operen-

232 4840 340 4893 tur
372 4853 388 4905 ',
418 4835 499 4893 sic
529 4838 591 4894 in
632 4838 705 4895 iis
733 4854 889 4912 quos
915 4838 1189 4908 damnat,
1236 4836 1560 4894 inﬁdelitas
1601 4840 1660 4892 et
1687 4835 1897 4908 impie-

1966 358 2199 425 veniat,
2264 362 2327 418 id
2393 368 2515 429 est,
2587 368 2783 423 utrum
2848 366 2960 424 ista
3018 367 3428 430 misericordia
3480 373 3618 432 ideo

1966 449 2384 508 tantummodo
2429 452 2533 509 ﬁat
2577 453 2639 509 in
2686 455 2932 513 homine
2977 456 3124 530 quia
3175 458 3368 516 ﬁdelis
3397 465 3508 533 est,
3539 478 3619 519 an

1965 536 2143 593 etiam
2171 538 2328 597 facta
2356 539 2535 598 fuerit
2563 547 2627 600 ut
2672 543 2865 601 ﬁdelis
2896 549 3068 603 esset.
3131 547 3407 618 Legimus
3456 553 3619 609 enim

1967 625 2197 684 dicente
2227 631 2511 703 Apostolo
2541 648 2556 688 :
2583 633 3060 694 Misericorde
3087 646 3435 697 consecutus
3463 658 3617 716 sum,

1971 722 2033 803 ut
2059 717 2255 785 ﬁdelis
2285 735 2461 777 essem
2501 722 2562 789 (Ι
2588 723 2724 779 Cor.
2755 740 2852 792 vu,
2881 726 2995 798 25),
3024 742 3150 783 non
3170 727 3271 799 ait,
3301 730 3449 803 quia
3476 731 3622 790 ﬁde-

1967 802 2039 859 lis
2069 820 2254 863 eram.
2288 808 2468 865 Fideli
2494 827 2636 882 ergo
2674 812 2852 870 datur
2891 815 3160 888 quidem,
3193 817 3300 874 sed
3321 801 3487 878 ﬁdata
3533 827 3623 880 est
3724 801 3732 808 ’

1972 894 2150 950 etiam
2198 901 2261 953 ut
2305 902 2458 956 esset
2487 898 2700 958 ﬁdelis.
2728 904 3074 962 Rectissime
3104 906 3306 981 itaque
3336 907 3454 966 alio
3483 910 3618 969 loco

1969 982 2030 1038 in
2056 984 2271 1042 eodem
2299 986 2453 1044 libro
2476 988 2599 1045 dixi
2623 1006 2637 1045 :
2672 992 2967 1057 Quoniam
2994 994 3043 1051 si
3071 1011 3193 1052 non
3217 1012 3287 1053 ex
3309 999 3616 1072 operibus,

1971 1072 2077 1128 sed
2106 1075 2515 1134 misericordia
2553 1078 2654 1135 Dei
2684 1083 2742 1136 et
2781 1097 3072 1140 vocamur
3102 1088 3167 1141 ut
3197 1087 3537 1157 credamus,
3562 1093 3622 1147 et

1969 1163 2351 1221 credentibus
2388 1172 2705 1240 praestatur
2732 1173 2798 1227 ut
2824 1170 2979 1228 bene
3006 1189 3351 1247 operemur,
3378 1194 3501 1235 non
3532 1184 3622 1237 est

1968 1254 2243 1324 gentibus
2267 1256 2381 1313 ista
2404 1257 2731 1316 invidenda
2759 1260 3194 1336 misericordia,
3212 1267 3491 1339 quamvis
3512 1269 3619 1326 mi-

1966 1357 2081 1398 nus
2110 1343 2193 1399 ibi
2213 1344 2524 1416 diligenter
2549 1348 2623 1404 de
2651 1348 2772 1417 illa,
2814 1366 2951 1422 quas
2972 1367 3080 1425 per
3108 1352 3212 1409 Dei
3240 1355 3620 1428 propositum

1964 1431 2050 1500 ﬁt,
2079 1435 2386 1491 vocatione
2417 1438 2845 1511 tractaverim.]

2036 1523 2080 1592 -ι-
2106 1522 2278 1589 Quod
2308 1525 2703 1597 apostolicum
2738 1529 3150 1587 testimonium
3179 1546 3301 1605 quo
3325 1546 3508 1590 sensu
3530 1549 3623 1591 ac-

1886 1643 1930 1698 B
1967 1611 2084 1685 cipi
2103 1612 2320 1669 debeat
2342 1613 2556 1671 beatus
2585 1616 2959 1688 Augustinus
2981 1618 3043 1674 in
3061 1618 3214 1677 libro
3242 1618 3624 1681 Enchiridion

1968 1702 2222 1771 (cap.32)
2246 1703 2593 1761 manifestat
2615 1704 2821 1762 dicens
2853 1708 3023 1771 [Item
3042 1724 3119 1765 ne
3143 1709 3490 1783 quisquam,
3516 1706 3624 1770 etsi

1968 1805 2091 1846 non
2130 1790 2205 1846 de
2236 1792 2541 1865 operibus,
2567 1794 2642 1850 de
2671 1794 2804 1868 ipso
2829 1795 3114 1866 glorietur
3135 1797 3324 1855 libero
3353 1800 3625 1859 volunta-

1972 1879 2043 1935 tis
2096 1881 2359 1951 arbitrio,
2416 1887 2710 1956 tanquam
2753 1884 2833 1941 ab
2879 1885 3013 1959 ipso
3049 1885 3296 1959 incipiat
3319 1889 3622 1961 meritum,

1972 1970 2068 2024 cui
2100 1974 2389 2043 tanquam
2438 1970 2707 2028 debitum
2755 1973 3042 2031 reddatur
3082 1972 3421 2049 pramium,
3468 1977 3623 2035 bene

1972 2058 2264 2130 operandi
2308 2059 2440 2132 ipsa
2478 2060 2722 2119 libertas
2756 2079 2769 2131 ;
2831 2063 3039 2121 audiat
3099 2065 3383 2125 eumdem
3419 2064 3624 2138 gratim

1972 2162 2312 2220 praeconem
2339 2148 2637 2206 dicentem
2664 2167 2678 2207 :
2720 2152 2879 2209 Deus
2904 2158 2989 2210 est
3018 2155 3171 2210 enim
3203 2166 3309 2226 qui
3338 2160 3627 2226 operatur

1975 2237 2036 2293 in
2067 2238 2227 2293 vobis
2256 2244 2308 2295 et
2359 2239 2513 2295 velle
2556 2247 2612 2296 et
2667 2245 2911 2312 operari
2954 2257 3069 2313 pro
3108 2245 3263 2301 bona
3315 2247 3627 2304 voluntate

1974 2326 2481 2399 (Philip.u,t3).Et
2508 2327 2625 2385 alio
2648 2329 2784 2387 loco
2817 2346 2831 2386 :
2863 2331 3065 2403 Igitur
3091 2349 3212 2390 non
3240 2336 3495 2392 volentis
3529 2350 3627 2392 ne-

1974 2431 2087 2488 que
2116 2419 2433 2488 currentis,
2471 2418 2576 2475 sed
2603 2420 2933 2477 miserentis
2950 2427 3035 2478 est
3059 2423 3171 2479 Dei
3196 2423 3384 2493 (Rom.
3407 2440 3488 2493 ix,
3516 2423 3623 2493 16).

1973 2507 2123 2561 Cum
2144 2506 2355 2579 procul
2386 2507 2594 2577 dubio,
2640 2509 2689 2565 si
2717 2510 2902 2568 homo
2950 2511 3082 2585 ejus
3115 2513 3301 2570 aetatis
3332 2518 3421 2571 est
3443 2517 3507 2571 ut
3532 2529 3627 2571 ra-

1973 2593 2129 2651 tione
2152 2594 2279 2666 jam
2310 2600 2531 2669 utatur,
2588 2614 2714 2655 non
2765 2600 2955 2673 possit
3000 2600 3262 2671 credere,
3303 2618 3545 2676 sperare
3571 2604 3628 2660 et

1970 2683 2234 2756 diligere,
2261 2685 2373 2741 nisi
2402 2685 2559 2755 velit,
2586 2703 2698 2744 nec
2747 2687 3063 2761 pervenire
3100 2690 3180 2748 ad
3230 2690 3504 2765 palmam
3529 2708 3627 2748 su-
3732 2702 3743 2709 '

1970 2789 2173 2846 pernae
2197 2775 2522 2833 vocationis
2540 2777 2661 2844 Dei,
2692 2778 2808 2834 nisi
2834 2779 3140 2837 voluntate
3168 2782 3433 2839 currerit.
3477 2785 3631 2849 Quo-

1973 2866 2155 2922 modo
2178 2882 2320 2937 ergo
2344 2882 2465 2923 non
2490 2869 2760 2934 volentis,
2783 2883 2971 2941 neque
2995 2872 3313 2942 currentis,
3334 2872 3440 2930 sed
3455 2874 3628 2930 mise-

1971 2956 2156 3011 rentis
2187 2961 2270 3010 est
2295 2957 2423 3023 Dei,
2446 2955 2563 3011 nisi
2579 2957 2725 3028 quia
2749 2960 2799 3011 et
2835 2956 2970 3029 ipsa
2989 2959 3285 3028 voluntas,
3314 2960 3466 3015 sicut
3484 2960 3625 3016 scri-

1973 3047 2143 3116 ptum
2170 3047 2323 3113 est,a
2357 3045 2602 3100 Domino
2620 3050 3013 3115 prwparatur
3028 3047 3057 3103 ?
3082 3047 3487 3119 (Prov.vni,35
3509 3063 3624 3105 sec.

1972 3133 2151 3188 LXX.
2156 3131 2456 3205 )Alioquin
2487 3131 2538 3187 si
2553 3137 2871 3206 propterea
2895 3132 3123 3191 dictum
3147 3139 3255 3206 est,
3280 3152 3403 3193 non
3429 3137 3627 3194 volen-

1976 3223 2050 3278 tis
2070 3237 2260 3295 neque
2285 3223 2603 3291 currentis,
2626 3223 2729 3279 sed
2755 3223 3087 3281 miserentis
3110 3229 3196 3281 est
3224 3225 3355 3295 Dei,
3380 3224 3526 3299 quia
3553 3241 3629 3283 ex

1976 3316 2229 3384 utroque
2258 3311 2344 3379 ﬁt,
2376 3310 2438 3367 id
2466 3315 2560 3368 est
2581 3327 2655 3368 ex
2680 3311 2989 3369 voluntate
3016 3312 3302 3383 hominis,
3319 3316 3379 3371 et
3403 3314 3632 3372 miseri-

1976 3400 2204 3474 cordia,
2232 3401 2410 3458 utsic
2462 3401 2691 3458 dictum
2738 3402 3108 3475 accipiamus
3150 3422 3165 3461 :
3212 3405 3349 3461 Non
3378 3405 3631 3463 volentis

1978 3506 2167 3563 neque
2202 3492 2518 3560 currentis,
2551 3492 2655 3549 sed
2689 3492 3023 3549 miserentis
3052 3497 3136 3550 est
3176 3494 3305 3558 Dei,
3338 3497 3632 3568 tanquam

1979 3580 2313 3637 diceretur:
2356 3582 2489 3637 Non
2531 3579 2752 3637 sufﬁcit
2794 3580 2923 3638 sola
2962 3581 3245 3640 voluntas
3272 3582 3555 3654 hominis,
3582 3582 3633 3639 si

1978 3685 2104 3727 non
2129 3670 2204 3727 sit
2231 3670 2410 3727 etiam
2434 3670 2846 3728 misericordia
2872 3670 2976 3727 Dei
3025 3687 3040 3727 :
3081 3687 3207 3729 non
3235 3688 3378 3744 ergo
3418 3671 3637 3729 sufﬁcit

1981 3758 2109 3816 sola
2137 3759 2545 3816 misericordia
2561 3758 2737 3831 Dei,si
2767 3774 2891 3815 non
2912 3759 2987 3816 sit
3010 3759 3194 3817 etiam
3220 3760 3504 3819 voluntas
3524 3761 3634 3818 ho-

1980 3848 2157 3904 minis
2181 3865 2194 3903 :
2227 3864 2298 3905 ac
2326 3863 2434 3921 per
2463 3848 2579 3904 hoc
2610 3848 2658 3903 si
2686 3851 2841 3903 recte
2871 3847 3099 3904 dictum
3121 3851 3353 3919 est,non
3384 3849 3637 3906 volentis

1983 3938 2257 4007 hominis,
2302 3937 2407 3993 sed
2441 3937 2770 3993 miserentis
2796 3942 2883 3992 est
2921 3937 3047 4003 Dei,
3080 3937 3226 4010 quia
3254 3937 3317 3994 id
3359 3936 3638 3994 voluntas

1981 4025 2244 4082 hominis
2283 4025 2412 4082 sola
2440 4040 2563 4081 non
2587 4024 3009 4099 implet,quare
3038 4041 3163 4082 non
3189 4028 3248 4082 et
3275 4042 3307 4082 e
3338 4026 3638 4084 contrario

1984 4118 2141 4172 recte
2162 4114 2378 4171 dicitur
2410 4131 2423 4170 :
2471 4116 2599 4171 Non
2625 4112 2958 4170 miserentis
2980 4118 3070 4171 est
3098 4113 3220 4183 Dei,
3253 4113 3359 4172 sed
3386 4114 3640 4173 volentis

1989 4210 2078 4263 est
2104 4203 2536 4278 hominis,quia
2569 4204 2628 4260 id
2664 4203 3071 4261 misericordia
3100 4204 3201 4261 Dei
3226 4204 3355 4262 sola
3381 4221 3505 4263 non
3533 4204 3645 4262 im-

1993 4296 2162 4369 plet?
2186 4296 2371 4353 Porro
2402 4294 2454 4351 si
2481 4293 2682 4350 nullus
2710 4293 2906 4351 dicere
2953 4293 3326 4351 Christianus
3374 4294 3641 4361 audebit,

1995 4390 2123 4445 Non
2164 4386 2500 4443 miserentis
2528 4383 2649 4453 Dei,
2681 4382 2788 4440 sed
2837 4383 3088 4441 volentis
3118 4388 3206 4441 est
3250 4383 3538 4458 hominis,
3567 4400 3646 4442 ne

1995 4474 2277 4550 Apostolo
2323 4472 2699 4547 apertissime
2749 4471 3139 4541 contradicat,
3170 4476 3354 4529 restat
3398 4476 3464 4529 ut
3494 4466 3649 4545 Apro-

1997 4571 2201 4641 pterea
2219 4569 2374 4621 recte
2397 4563 2623 4620 dictum
2649 4560 3006 4633 intelligatur
3030 4577 3044 4617 :
3069 4561 3206 4618 Non
3238 4560 3513 4631 volentis,
3551 4575 3650 4618 ne-

1998 4672 2113 4729 que
2133 4654 2451 4721 currentis,
2487 4652 2591 4709 sed
2616 4651 2946 4708 miserentis
2969 4655 3054 4707 est
3084 4651 3212 4719 Dei,
3240 4653 3307 4706 ut
3336 4653 3528 4706 totum
3550 4647 3652 4705 de-

1999 4750 2096 4803 tur
2122 4746 2262 4813 Deo,
2292 4741 2397 4815 qui
2423 4740 2687 4797 hominis
2730 4739 3101 4796 voluntatem
3155 4739 3384 4795 bonam
3426 4744 3483 4796 et
3506 4754 3656 4812 prai-

1999 4835 2177 4908 parat
2203 4830 2301 4902 adj
2312 4829 2617 4886 uvandam
2645 4831 2705 4885 et
2726 4826 2977 4900 adjuvat
3004 4831 3655 4901 praaparatamPrtece-

224 4928 332 4984 tas
353 4923 598 4985 inchoat
619 4943 817 5001 ptume
848 4928 1148 4993 meritum,
1181 4931 1248 4985 ut
1273 4942 1382 5001 per
1418 4925 1620 5001 ipsam
1648 4940 1896 4999 pinnam
2002 4924 2090 4982 dit
2108 4921 2269 4980 enim
2297 4919 2462 4976 bona
2487 4918 2766 4976 voluntas
2793 4916 3056 4975 hominis
3086 4917 3278 4976 multa
3334 4918 3438 4975 Dei
3474 4917 3659 4985 dona,

221 5014 422 5073 etiam
462 5015 621 5073 male
649 5020 1016 5091 operentur;
1070 5016 1380 5074 verissime
1432 5015 1575 5085 dixi,
1620 5014 1730 5072 sed
1756 5013 1899 5071 ﬁdei
2006 5014 2113 5072 sed
2140 5026 2266 5069 non
2285 5008 2492 5068 omnia
2526 5024 2541 5075 ;
2590 5023 2726 5081 qua:
2752 5010 2955 5064 autem
3004 5022 3128 5065 non
3165 5006 3452 5082 praecedit
3502 5007 3662 5083 ipsa,

218 5105 523 5165 meritum
549 5107 732 5165 etiam
757 5107 964 5182 ipsum
992 5123 1128 5165 esse
1165 5107 1394 5164 donum
1422 5105 1525 5165 Dei
1549 5121 1661 5164 nec
1690 5104 1899 5180 putavi
2005 5104 2069 5161 in
2098 5102 2183 5160 eis
2207 5104 2299 5158 est
2327 5103 2383 5155 et
2406 5097 2559 5170 ipsa.
2584 5099 2735 5152 Nam
2756 5098 3077 5168 utrumque
3106 5094 3322 5167 legitur
3348 5096 3411 5152 in
3443 5095 3668 5155 sanctis

218 5194 642 5270 quaerendum
686 5213 842 5269 esse,
885 5213 998 5255 nec
1045 5197 1189 5254 dixi.
1231 5200 1299 5254 Et
1341 5195 1460 5255 alio
1487 5196 1665 5254 loco:
1718 5195 1902 5267 Cujus
2009 5190 2261 5266 eloquiis
2290 5189 2406 5245 :Et
2433 5183 2844 5243 misericordia
2865 5186 2992 5255 ejus
3014 5187 3345 5255 prteveniet
3368 5201 3461 5243 me
3478 5184 3667 5258 (Psal.

218 5284 406 5344 enim
436 5284 772 5359 miseretur,
802 5287 1075 5360 inquam,
1112 5286 1251 5343 facit
1279 5286 1589 5343 eumbene
1615 5284 1900 5357 operari;
2011 5298 2166 5350 Lvui,
2226 5280 2347 5351 tt);
2410 5280 2467 5334 et
2533 5292 2547 5332 :
2613 5274 3026 5332 Misericordia
3089 5278 3217 5345 eius
3282 5275 3673 5346 subsequetur

219 5379 296 5434 et
312 5390 506 5449 quem
526 5375 809 5447 obdurat,
841 5375 1127 5449 relinquit
1149 5379 1381 5440 eum,ut
1410 5374 1569 5431 male
1600 5375 1900 5445 operetur.
2012 5387 2105 5429 me
2153 5369 2337 5442 (Psal.
2381 5382 2525 5435 xxu,
2577 5369 2651 5432 6).
2708 5363 3017 5421 Nolentem
3068 5364 3361 5437 praevenit
3396 5366 3461 5420 ut
3486 5362 3626 5421 velit
3658 5380 3673 5430 ;

218 5463 363 5523 Sed
404 5468 462 5520 et
506 5464 611 5522 illa
639 5465 1060 5523 misericordia
1096 5464 1459 5539 prtecedenti
1493 5462 1708 5519 merito
1765 5460 1908 5518 ﬁdei
2015 5460 2316 5517 volentem
2356 5454 2742 5528 subsequitur
2784 5469 2861 5510 ne
2914 5452 3135 5510 frustra
3177 5453 3337 5511 velit.
3370 5453 3487 5510 Cur
3514 5453 3677 5510 enim

216 5552 547 5623 tribuitur,
576 5558 635 5612 et
671 5555 786 5614 ista
832 5555 1154 5614 obduratio
1184 5552 1545 5627 praecedenti
1592 5551 1905 5625 impietati.
2023 5549 2423 5607 admonemur
2472 5559 2645 5601 orare
2701 5558 2811 5615 pro
2870 5542 3126 5599 inimicis
3186 5542 3428 5611 nostris,
3473 5542 3680 5614 utique

224 5642 428 5715 Quod
452 5644 702 5717 quidem
729 5662 942 5705 verum
970 5648 1064 5703 est
1085 5662 1102 5715 ;
1127 5644 1234 5702 sed
1262 5642 1465 5703 adhuc
1505 5641 1902 5716 quaerendum
2025 5635 2367 5697 nolentibus
2403 5633 2500 5706 pie
2527 5633 2748 5702 vivere,
2788 5630 2903 5687 nisi
2932 5635 2995 5687 ut
3029 5632 3187 5687 Deus
3229 5631 3293 5687 in
3338 5632 3423 5687 eis
3473 5644 3684 5726 opere_
