4116 6186
498 160 630 211 1οἷ1

1571 146 1625 201 S.
1670 138 2044 198 PHUDENTII
2091 140 2463 199 TRECENSIS
2495 145 2830 202 EPISCOPI.

3790 146 3950 198 1072

492 287 589 340 tur
610 284 666 337 et
697 276 841 335 velle
869 276 996 347 (aL,
1027 275 1091 328 ut
1117 271 1294 327 velint
1298 272 1314 344 j
1343 270 1370 325 ?
1430 271 1700 342 ltemque
1726 283 1831 325 cur
1859 264 2144 323 admonc-
2184 270 2228 323 Α
2262 268 2342 323 ad
2392 285 2580 341 regna
2626 269 2888 326 coelestia
2917 266 3332 340 perducuntur
3380 285 3393 322 ε
3441 282 3577 339 quae
3623 268 3686 323 in
3719 268 3819 323 eis
3842 284 3964 324 vo.

495 388 633 430 mur
661 371 856 441 petere
886 366 950 419 ut
970 359 1359 433 accipiamus,
1391 360 1505 416 nisi
1534 363 1598 415 ut
1622 359 1700 414 ab
1728 357 1829 413 illo
1856 355 1962 411 ﬁat
1981 352 2145 426 quod

493 459 791 524 volumus,
824 470 861 509 a
889 468 1011 525 quo
1052 450 1278 506 factum
1324 453 1412 505 est
1451 453 1514 505 ut
1541 448 1791 503 velimus
1819 448 1846 501 ?
1893 447 2148 500 Oramus

496 561 636 617 ergo
667 559 777 617 pro
810 539 1066 597 inimicis
1098 534 1839 608 nostris,utmisericordia
1869 533 1969 589 Dei
2001 547 2149 605 prie-

492 634 695 692 veniat
718 649 845 703 eos,
881 630 1033 686 sicut
1061 628 1349 702 praevenit
1380 632 1437 684 et
1464 644 1577 683 nos
1613 644 1625 682 :
1660 640 1906 682 oramus
1948 626 2149 679 autem

494 728 604 799 pro
626 721 821 790 nobis,
851 724 915 776 ut
944 717 1358 774 misericordia
1384 718 1513 787 ejus
1541 715 1943 787 subsequatur
1991 720 2147 778 nos].

564 816 605 884 ἧς
634 810 779 867 Huic
804 807 1228 866 asseverationi
1257 811 1372 862 tuae
1400 807 1618 878 (cap/i,
1644 820 1807 860 num.
1851 806 1929 869 19,
1955 800 2153 867 secl.8)

496 900 748 959 adhibes
778 896 1121 970 exemplum
1172 895 1433 952 hominis
1471 895 1532 950 in
1576 890 1950 949 densissimis
1998 894 2155 944 tene-

494 988 617 1045 bris
647 987 843 1061 positi,
888 984 1165 1042 habentis
1198 1000 1444 1040 sensum
1472 983 1714 1040 videndi
1743 980 2013 1055 quidem,
2048 977 2156 1032 sed

494 1076 643 1136 nihil
666 1076 939 1138 videntis,
972 1076 1113 1147 quia
1162 1074 1306 1131 nihil
1360 1074 1548 1147 possit
1598 1071 1800 1128 videre
1832 1074 2157 1141 antequam

495 1167 862 1225 extrinsecus
882 1166 1083 1221 veniat
1114 1164 1233 1233 lux,
1281 1180 1471 1236 quam
1515 1162 1697 1219 etiam
1723 1159 1911 1216 oculis
1940 1155 2158 1214 clausis

496 1258 733 1326 sentiat,
787 1256 1007 1329 apertis
1053 1271 1190 1311 vero
1244 1258 1301 1310 et
1341 1269 1477 1310 eam
1524 1253 1671 1308 etin
1698 1268 1771 1306 ea
1800 1252 2017 1306 cuneta
2046 1247 2158 1302 cir-

497 1345 839 1420 cumposita
864 1343 1210 1416 conspiciat,
1238 1348 1293 1398 et
1322 1342 1655 1416 explanans
1680 1339 1761 1396 sic
1789 1338 2160 1395 voluntatem

494 1434 759 1493 hominis
807 1432 1080 1507 quandiu
1130 1430 1438 1502 originalis
1484 1427 1715 1503 peccati
1758 1425 2163 1500 propriorum-

498 1541 619 1598 que
646 1522 869 1580 umbra
893 1521 1128 1592 tegitur,
1150 1520 1336 1594 ipsius
1359 1517 1610 1589 caligine
1638 1514 1914 1589 impediri
1945 1532 1958 1581 ;
2015 1512 2162 1569 dum

497 1616 705 1673 autem
732 1612 838 1669 lux
861 1610 1079 1668 divinae
1126 1607 1551 1666 misericordiae
1600 1604 1873 1677 illuxerit,
1917 1618 2041 1660 non
2072 1615 2161 1658 50'

497 1702 629 1761 lum
660 1704 901 1759 noctem
931 1704 1317 1773 peccatorum
1349 1697 1622 1755 omnium
1662 1708 1991 1767 eorumque
2029 1707 2160 1748 rea-

500 1794 633 1849 tum
653 1790 979 1857 destruere,
1012 1788 1118 1845 sed
1146 1788 1328 1845 etiam
1356 1786 1634 1844 obtutum
1664 1784 1915 1840 inﬁrmae
1955 1780 2163 1837 volun-

499 1882 640 1940 tatis
681 1879 957 1939 sanando
1007 1878 1260 1951 aperire,
1310 1881 1366 1934 et
1414 1875 1494 1933 ad
1538 1892 1599 1932 se
1631 1870 2164 1946 contemplandum

500 1970 679 2030 bonis
743 1969 1028 2043 operibus
1077 1965 1400 2041 purgando
1449 1965 1732 2022 idoneam
1782 1962 1996 2020 facere.
2049 1959 2165 2017 Sed

501 2073 710 2134 quaero
739 2057 850 2115 abs
872 2061 927 2115 te
966 2057 1140 2129 cujus
1169 2054 1430 2113 hominis
1466 2053 1837 2112 voluntatem
1890 2048 2164 2123 quandiu

503 2147 812 2219 originalis
839 2148 1073 2220 peccati
1101 2144 1493 2218 priorumque
1551 2141 1771 2198 umbra
1818 2139 2051 2211 tegitur,
2077 2138 2163 2210 ip-

505 2239 629 2295 sius
656 2235 910 2307 caligine
930 2233 1209 2309 impediri
1230 2234 1397 2290 dicas
1427 2233 1455 2287 ‘2
1489 2235 1692 2288 Utrum
1733 2227 2036 2301 baptizati,
2085 2242 2163 2283 an

503 2325 781 2384 nondum
807 2323 1061 2395 gratiam
1104 2321 1487 2396 baptismatis
1518 2318 1870 2377 consecuti?
1921 2316 1979 2375 Si
2003 2315 2163 2372 enim

505 2416 783 2474 nondum
819 2413 1103 2488 baptizati
1127 2412 1274 2469 velis
1292 2411 1560 2482 intelligi,
1593 2413 1823 2466 certum
1854 2411 1939 2465 est
1968 2406 2050 2463 ita
2083 2410 2163 2461 lc-

506 2503 711 2559 nebris
734 2506 858 2559 tam
885 2500 1190 2571 originalis
1222 2516 1407 2574 quam
1434 2498 1662 2573 proprii
1696 2496 1926 2571 peccati
1956 2510 2162 2568 quem-

508 2607 627 2663 que
656 2590 1065 2657 obscuratum,
1124 2592 1192 2645 ut
1231 2587 1348 2644 nisi
1392 2591 1669 2660 respectu
1718 2586 1932 2642 divinae
1964 2582 2164 2654 gratiae

508 2693 622 2735 nec
650 2678 884 2734 bonum
910 2676 1100 2751 possit
1135 2676 1283 2733 scire
1310 2691 1421 2732 nec
1448 2675 1592 2732 velle
1641 2693 1654 2731 :
1710 2677 1995 2748 percepto
2027 2689 2164 2730 vero

512 2766 769 2824 caelestis
820 2781 954 2823 rore
1004 2764 1447 2833 misericordiae,
1485 2781 1675 2837 eaque
1733 2763 1811 2819 ab
1859 2762 2163 2833 originalis

509 2856 1015 2931 propriorumque
1040 2858 1426 2929 peccatorum
1455 2852 1592 2910 labe
1615 2855 1993 2926 purgatus,et
2019 2851 2166 2924 bap-

511 2944 763 3002 tismatis
793 2943 1078 3016 mysterio
1127 2943 1469 3009 innovatus,
1512 2958 1834 3016 progressu
1879 2939 2163 3013 temporis

512 3036 570 3091 et
592 3033 961 3090 incremento
981 3031 1141 3094 ﬁdei,
1169 3030 1471 3104 bonisque
1501 3029 1788 3104 operibus
1810 3027 2163 3086 adhaerenti-

510 3127 647 3197 bus,
680 3129 739 3182 et
763 3124 1135 3182 voluntatem
1163 3128 1343 3198 atque
1386 3124 1718 3198 appetitum
1755 3122 1900 3179 boni
1945 3125 2002 3178 et
2025 3137 2166 3195 pro-

510 3232 756 3273 cursum
783 3215 1328 3289 perfectionemque
1359 3213 1609 3270 actionis
1640 3212 1814 3269 bona:
1845 3216 1902 3270 et
1924 3211 2168 3268 faculta-

510 3309 631 3363 tem
656 3303 1179 3377 contemplationis
1195 3303 1413 3360 divina:
1447 3302 1689 3376 assequi
1721 3301 1966 3358 minime
1996 3300 2167 3356 dubi-

510 3397 687 3451 tatur.
724 3393 824 3449 Sin
853 3392 928 3448 de
954 3392 1197 3448 homine
1235 3392 1364 3463 jam
1394 3392 1737 3448 Christianae
1769 3390 1909 3447 ﬁdei
1949 3394 2166 3463 myste-

510 3482 616 3537 riis
636 3478 866 3537 initiato
894 3479 1354 3551 intelligendum
1403 3496 1633 3547 censes,
1678 3479 1904 3535 mirum
1951 3482 2038 3536 est
2064 3494 2169 3535 cur

512 3567 822 3639 originalis
877 3582 1017 3623 eum
1068 3567 1299 3639 peccati
1349 3567 1603 3638 caligine
1654 3567 1931 3640 impediri
1976 3567 2167 3634 dicas,

512 3655 681 3730 quod
732 3655 784 3712 ei
832 3656 963 3727 jam
1013 3655 1075 3711 in
1122 3654 1485 3729 baptismate
1536 3655 1871 3711 relaxatum
1912 3655 2170 3712 Ecclesia

513 3741 809 3800 catholica
836 3742 1124 3799 veraciter
1172 3742 1488 3800 conﬁtetur
1539 3747 1596 3799 et
1632 3742 1919 3816 praedicat
1953 3760 1966 3798 :
2000 3743 2168 3816 quod

512 3848 700 3906 quam
732 3833 807 3889 sit
844 3848 881 3889 a
901 3831 1018 3891 ﬁde
1041 3831 1335 3889 catholica
1364 3830 1629 3889 alienum
1668 3831 1791 3889 sole
1817 3831 2035 3888 clarius
2066 3847 2167 3905 pa-

514 3925 613 3980 tet.

583 4015 651 4069 Et
677 4011 845 4085 quod
865 4012 951 4069 ais
981 4012 1178 4070 lucem
1199 4010 1418 4070 divinae
1440 4011 1867 4070 misericordire
1890 4013 2169 4070 obtutum

509 4102 766 4159 inﬁrma:
798 4102 1120 4160 voluntatis
1149 4103 1423 4161 sanando
1463 4103 1715 4176 aperire,
1748 4107 1804 4159 et
1833 4103 1910 4159 ad
1939 4120 2001 4159 se
2031 4120 2170 4161 con-

512 4190 931 4264 templandum
980 4192 1158 4249 bonis
1208 4191 1490 4265 operibus
1529 4192 1847 4265 purgando
1881 4192 2165 4249 idoneam

508 4278 705 4338 facere
739 4298 752 4336 :
785 4281 1094 4354 quomodo
1125 4285 1212 4338 est
1237 4280 1444 4348 libera,
1478 4281 1527 4336 si
1555 4280 1797 4336 inﬁrma
1818 4282 1845 4337 ?
1873 4281 1981 4346 Qui
2002 4281 2162 4337 enim

2262 356 2461 414 lunias
2490 360 2761 416 naturae?
2805 374 2938 431 quae
2967 355 3212 412 libertas
3241 372 3345 412 eos
3376 355 3455 413 ad
3480 360 3717 413 tantam
3736 356 3965 413 beati-

2262 447 2535 506 tudinem
2567 448 2849 506 sustollit?
2880 444 3965 521 .\’ullaindubitanterpropria.Quid

2261 538 2733 607 crgo?.\'imirum
2759 537 3020 609 gratuita
3049 535 3243 608 gratia
3274 536 3376 593 Dei
3405 535 3783 606 miserantis,
3816 553 3963 594 non

2261 626 2569 684 retributio
2600 625 2946 683 substantia:
2977 624 3251 682 volentis.
3286 625 3605 692 Quomodo
3643 631 3738 683 est
3770 626 3962 684 enim

2263 716 2474 786 gratia,
2509 716 2559 772 si
2590 732 2713 774 non
2745 716 2928 789 gratis
2972 715 3149 772 datur
3176 716 3204 770 εἴ
3248 718 3397 772 Nam
3427 715 3477 771 si
3512 719 3619 773 tua
3641 718 3963 789 praecedit

2262 805 2556 870 voluntas,
2576 807 2705 879 jam
2732 800 2864 863 non
2894 805 3105 877 gratia,
3141 804 3249 861 sed
3285 804 3596 863 retributio
3642 808 3960 864 vocanda

2264 899 2370 963 est,
2397 912 2533 968 quin
2561 911 2686 953 non
2731 895 2908 952 datur
2945 895 3151 966 gratis,
3184 894 3292 950 sed
3321 894 3675 967 rependitur
3706 912 3959 969 praece-

2264 984 2457 1041 dentis
2504 985 2714 1042 merito
2758 984 3103 1041 voluntatis.
3162 987 3225 1039 Et
3270 990 3601 1042 evacuatur
3630 988 3958 1044 sententia

2268 1075 2537 1149 Apostoli
2563 1075 2814 1133 dicentis
2846 1092 2859 1130 :
2892 1076 3018 1132 Aut
3041 1075 3174 1147 quis
3202 1075 3377 1146 prior
3408 1075 3571 1132 dedit
3602 1077 3708 1133 illi
3732 1082 3796 1133 et
3851 1093 3955 1134 re-

2267 1166 2566 1222 tribuclur
2586 1166 2639 1223 ei
2668 1171 2695 1222 ?
2721 1166 2995 1237 (Roman,
3025 1164 3307 1235 35.)Quia
3334 1181 3501 1236 vero,
3528 1165 3785 1239 explosa
3814 1183 3957 1223 om—

2266 1256 2327 1311 ni
2358 1254 2769 1327 ambiguitate,
2792 1270 3000 1312 verum
3025 1258 3113 1311 est
3137 1253 3305 1328 quod
3328 1255 3650 1328 Apostolus
3671 1256 3954 1327 dicit,se-

2266 1345 2470 1417 quitur
2499 1348 2563 1401 ut
2586 1344 2810 1401 falsum
2838 1344 2913 1401 sit
2932 1344 3099 1418 quod
3128 1344 3505 1402 mendaciter
3533 1345 3953 1419 etimpudcn-

2269 1440 2357 1491 ter
2380 1451 2646 1492 asserere
2675 1450 2796 1491 non
2818 1435 3101 1491 metuisti.
3132 1434 3338 1491 Libere
3368 1435 3548 1507 igitur
3576 1452 3646 1493 ac
3674 1435 3951 1494 ﬁdeliter

2273 1513 2625 1581 confiteatur
2658 1524 2920 1581 Ecclesia
2948 1523 3244 1581 catholica
3284 1525 3542 1595 gratiam
3572 1526 3672 1583 Dei
3720 1528 3944 1598 gratis,

2203 1625 2247 1679 Β
2276 1613 2335 1670 id
2357 1618 2445 1670 est
2480 1613 2658 1670 nullis
2684 1617 2911 1670 naturze
2942 1613 3265 1671 voluntatis
3292 1618 3396 1673 aut
3424 1617 3721 1690 appetitus
3752 1617 3948 1674 meri—

2274 1702 2345 1759 tis
2373 1702 2525 1774 dari,
2559 1706 2619 1759 ct
2648 1702 2868 1774 gratias
2898 1718 3020 1759 non
3051 1708 3241 1760 cesset
3266 1705 3586 1777 rependere
3623 1706 3769 1762 tanti
3796 1723 3939 1762 mu-

2273 1791 2430 1847 neris
2479 1791 2763 1863 largitori,
2805 1791 3096 1865 quoniam
3128 1808 3332 1849 verum
3362 1797 3449 1850 est
3491 1794 3653 1866 quod
3698 1795 3934 1850 nullus

2266 1882 2442 1951 prior
2470 1882 2698 1937 dederit
2724 1881 2839 1949 illi,
2881 1886 2945 1937 ul
2982 1882 3350 1939 retribuatur
3394 1883 3463 1939 ei.
3508 1883 3801 1951 Quoniam
3837 1899 3925 1939 ea:

2270 1973 2419 2042 ipso,
2470 1978 2524 2029 et
2553 1988 2662 2042 per
2699 1972 2911 2042 ipsum,
2966 1977 3021 2029 et
3079 1973 3141 2028 in
3181 1974 3306 2043 ipso
3344 1978 3473 2029 sunt
3520 1974 3745 2041 omnia,
3801 1972 3941 2042 ipsi

2268 2061 2468 2132 gloria
2507 2062 2570 2117 in
2600 2061 2823 2117 smcula
2845 2062 3225 2128 sazculormn,
3255 2062 3463 2118 Amen.
3497 2061 3811 2117 Reclamat
3831 2060 3945 2117 ad-

2270 2166 2510 2206 versum
2536 2154 2589 2207 tc
2620 2150 2912 2223 Propheta
2939 2168 2952 2206 :
2986 2151 3144 2207 Deus
3172 2166 3357 2223 meus,
3382 2151 3680 2223 inquiens,
3704 2151 3944 2206 miseri-

2273 2240 2481 2297 cordia
2512 2243 2651 2311 ejus
2670 2241 2992 2310 praeveniet
3017 2240 3249 2311 me(Ps.
3281 2257 3441 2311 mn,
3464 2245 3483 2296 l
3507 2241 3569 2313 t).
3600 2240 3942 2297 Praeveniet

2272 2330 2478 2403 utique
2503 2329 2856 2403 inspirando
2897 2328 3127 2386 bonam
3166 2329 3564 2401 voluntatem,
3618 2346 3752 2387 non
3780 2329 3942 2385 inve-

2270 2417 2491 2474 niendo
2527 2437 2540 2486 ;
2575 2418 2624 2474 si
2651 2418 2811 2474 enim
2836 2418 3147 2490 inveniret,
3175 2418 3518 2476 nullatenus
3553 2418 3933 2493 prteveniret.

2274 2507 2425 2574 Quia
2450 2507 2630 2579 igitur
2660 2508 2968 2580 praevenit,
2994 2522 3120 2564 non
3149 2508 3355 2582 utique
3389 2508 3645 2565 invenit.
3683 2508 3852 2564 [inde
3878 2511 3933 2565 et

2271 2612 2379 2669 per
2424 2596 2785 2669 prophetam
2832 2596 3117 2653 Dominus
3160 2597 3520 2671 pollicetur:
3580 2598 3931 2668 Auferama

2272 2685 2433 2741 vobis
2478 2701 2582 2741 cor
2638 2684 2966 2756 lapideum,
3012 2692 3066 2743 et
3106 2687 3259 2743 dabo
3292 2687 3453 2743 vobis
3499 2702 3605 2744 cor
3648 2702 3916 2744 cameram

2276 2773 2513 2841 (Ezecli.
2547 2790 2628 2842 x1,
2659 2774 2768 2846 19).
2825 2774 2979 2840 Quid
3004 2775 3118 2831 hoc
3146 2775 3279 2832 loco
3308 2776 3508 2832 cordis
3537 2775 3794 2833 nomine
3820 2774 3928 2832 nisi

2274 2860 2552 2919 voluntas
2582 2862 2610 2916 ‘?
2653 2861 2804 2935 quid
2832 2862 3049 2936 lapidis
3079 2863 3194 2919 nisi
3215 2864 3437 2921 duritia
3465 2864 3493 2919 ?
3528 2864 3682 2938 quid
3713 2864 3929 2936 carnis,

2274 2949 2391 3005 nisi
2422 2950 2736 3009 mollitudo
2767 2951 3110 3023 intelligitur
3138 2953 3167 3009 ?
3212 2953 3509 3023 Auferam
3537 2969 3683 3024 ergo
3705 2969 3743 3011 α
3770 2954 3931 3010 vobis

2274 3038 2646 3097 voluntatem
2674 3040 2911 3109 duram,
2942 3057 3066 3114 qua
3095 3042 3245 3098 meis
3267 3043 3587 3116 praeceptis
3626 3059 3695 3099 ac
3724 3042 3932 3100 volun-

2274 3128 2377 3185 tati
2409 3129 2704 3186 obstinate
2735 3130 3026 3199 resistitis,
3058 3137 3112 3189 et
3157 3132 3311 3189 dabo
3360 3132 3525 3190 vobis
3563 3133 3920 3191 voluntatem

2274 3217 2541 3286 mollem,
2592 3217 2654 3275 id
2681 3223 2922 3276 estnon
2966 3226 3406 3293 repugnantem
3441 3240 3454 3291 ;
3516 3223 3625 3279 sed
3671 3220 3922 3279 docilem

2277 3310 2332 3364 et
2359 3309 2509 3364 meis
2555 3307 2890 3381 disciplinis
2945 3308 3232 3380 habilem,
3289 3328 3414 3385 qua
3466 3315 3621 3370 meis
3667 3328 3934 3387 praecep-

2275 3395 2348 3453 tis
2385 3413 2658 3470 meaeque
2687 3396 2981 3455 voluntati
3025 3399 3593 3460 benevolentissime
3638 3402 3935 3476 obsequa-

2276 3502 2445 3542 mlﬂl.

2350 3574 2523 3641 Quod
2558 3575 2603 3631 si
2637 3577 2955 3649 praeveniri
2974 3581 3025 3635 te
3047 3578 3460 3639 misericordia
3486 3582 3586 3639 Dei
3618 3583 3702 3639 ad
3731 3584 3934 3641 incho-

2279 3664 2507 3721 andum
2536 3669 2789 3736 tantum,
2819 3682 2939 3724 non
2980 3668 3160 3725 etiam
3201 3671 3279 3726 ad
3333 3671 3662 3730 volendum
3688 3674 3930 3741 dixeris,

2276 3753 2407 3810 vide
2438 3758 2585 3828 quot
2611 3757 2975 3830 quantisque
3001 3758 3307 3816 catholicis
3332 3763 3758 3820 tractatoribus
3796 3781 3931 3822 eon-

2281 3846 2497 3910 traeas,
2520 3844 2627 3917 qui
2655 3845 2771 3902 hoc
2794 3862 2917 3903 non
2948 3846 3146 3904 solum
3187 3848 3262 3907 de
3306 3849 3690 3910 inchoatione
3733 3854 3932 3927 operis

2275 3932 2444 4003 boni,
2472 3950 2680 3991 verum
2723 3935 2904 3993 etiam
2948 3936 3343 4012 inspiratione
3388 3940 3717 3999 voluntatis
3753 3943 3931 4000 bonae

2277 4024 2595 4081 sanissime
2633 4024 3047 4086 intellexerunt
3092 4033 3149 4086 et
3194 4030 3542 4089 ﬁdelissime
3570 4034 3937 4106 przedicave-

2275 4116 2433 4168 runt.
2469 4112 2835 4185 Fulgentius,
2862 4115 2925 4171 in
2951 4116 3107 4174 libro
3137 4118 3212 4176 de
3242 4119 3399 4191 Fide,
3433 4121 3513 4178 ad
3531 4125 3771 4178 Petrum
3801 4121 3935 4179 dia-

2279 4217 2539 4258 conum:
2586 4204 2766 4275 [Deus
2805 4210 3008 4263 autem
3054 4207 3394 4266 misericors
3442 4217 3505 4266 et
3525 4212 3752 4283 justus,
3783 4213 3937 4269 sicut

2277 4290 2522 4347 diabolo
2541 4296 2719 4365 atque
2742 4295 2970 4366 angelis
2998 4297 3128 4369 ejus
3152 4300 3398 4372 propria
3438 4301 3797 4359 cadentibus
3840 4320 3937 4359 vo-

508 4369 848 4427 inﬁrmatur
893 4385 1283 4444 nequaquam
1340 4369 1674 4426 libertatem
1718 4375 1773 4426 et
1817 4369 2162 4428 facultatem
2203 4349 2247 4404 Β
2272 4379 2520 4449 luntatc,
2553 4349 2797 4440 caeteros
2824 4349 3075 4456 angelos
3123 4349 3186 4444 in
3230 4349 3354 4445 sine
3399 4349 3937 4449 dilectionis-aeter-

508 4457 767 4516 faciendi
795 4460 960 4532 quod
1004 4459 1273 4527 voluerit,
1331 4457 1555 4515 habere
1615 4459 2007 4529 convincitur,
2062 4465 2167 4519 aut

506 4549 819 4622 quomodo
864 4550 1039 4606 sentit
1083 4548 1280 4605 lucem
1324 4562 1448 4605 non
1477 4547 1757 4617 videndo,
1793 4549 1897 4622 qui
1928 4550 2165 4621 penitus

504 4637 743 4709 ignorat
765 4638 963 4695 lucem
993 4641 1020 4694 Ῥ
1045 4637 1351 4712 Perpende
1381 4653 1568 4710 quam
1598 4637 1769 4694 multi
1811 4638 1927 4695 sint
1951 4639 2056 4713 qui
2082 4639 2167 4695 lu-

506 4744 637 4785 cem
664 4734 768 4787 aut
795 4745 1113 4803 nunquam
1144 4729 1422 4786 viderunt
1465 4732 1567 4785 aut
1599 4729 1789 4786 oculis
1820 4730 1979 4803 capti
2009 4730 2166 4787 vidc-

504 4834 568 4873 re
598 4834 911 4891 nunquam
955 4824 1231 4892 possunt.
1266 4821 1395 4886 Quo
1426 4823 1602 4892 pacto
1634 4820 1810 4891 igitur
1837 4821 2051 4877 sentire
2080 4821 2166 4877 lu-

507 4919 639 4959 cem
659 4921 783 4962 non
808 4907 1067 4964 videndo
1116 4909 1351 4980 dicitur,
1397 4909 1501 4981 qui
1548 4908 1891 4966 facultatem
1921 4910 2161 4966 vivendi

505 4992 736 5049 nullam
763 4993 988 5051 habere
1015 4996 1517 5070 comprobantur?
1536 4998 1760 5055 Recede
1784 5014 1926 5069 ergo
1950 5015 1986 5055 a
2002 4999 2165 5056 vitia-

505 5085 576 5138 tze
589 5084 819 5137 naturae
837 5082 1132 5152 morbo,et
1147 5101 1347 5157 quaero
1363 5085 1706 5156 diligentius
1732 5087 1935 5156 gratia:
1955 5104 2164 5143 curan-

506 5170 579 5228 tis
606 5170 1510 5244 medicamentum,ut,assecuto
1543 5174 1957 5245 praevenientis
1977 5176 2160 5247 dono,

503 5260 792 5335 consequi
832 5259 1011 5315 etiam
1062 5261 1440 5332 perfectionis
1482 5264 2069 5322 consummationem
2108 5272 2162 5323 et

501 5349 754 5417 gloriam
780 5347 1131 5422 opitulantis
1146 5349 1347 5405 valeas
1362 5348 1923 5418 adjuinento.(‘erne
1940 5357 2020 5410 tot
2038 5372 2092 5411 ni
2105 5356 2163 5411 il-

500 5438 580 5494 lia
606 5439 1021 5511 parvulorum,
1061 5439 1185 5513 qui,
1210 5439 1363 5493 inter
1393 5437 1523 5512 ipsa
1552 5439 1930 5512 baptismatis
1960 5460 2158 5502 saero-

502 5532 710 5586 sancta
732 5528 1019 5603 mysteria
1045 5529 1145 5585 vix
1178 5528 1583 5599 satagcntium
1611 5531 1990 5591 sacerdotum
2035 5552 2161 5594 ma-

496 5618 675 5677 nibus
744 5619 924 5677 undis
985 5619 1197 5677 vivifici
1264 5617 1441 5678 fontis
1496 5618 1710 5687 educti,
1787 5624 2156 5696 exspirantes

2273 4468 2454 4526 nitate
2477 4468 2755 4550 ﬁrmavit,
2781 4472 2864 4529 sic
2895 4474 3076 4531 etiam
3107 4476 3357 4534 humani
3389 4480 3625 4550 generis
3653 4497 3931 4539 massam

2273 4574 2397 4615 non
2427 4562 2610 4616 totam
2643 4549 2704 4617 in
2736 4563 3174 4636 sempiternum
3208 4549 3408 4640 perire
3425 4570 3698 4642 permisit
3754 4586 3767 4624 :
3820 4572 3931 4629 sed

2273 4664 2427 4721 quos
2447 4648 2634 4706 voluit
2662 4651 2713 4722 ej
2725 4667 2791 4707 us
2815 4654 3074 4724 gratuita
3093 4654 3356 4729 bonitas,
3384 4659 3635 4732 repulsit
3662 4659 3931 4717 tenebris

2271 4737 2335 4793 in
2363 4737 2587 4811 quibus
2612 4741 2809 4797 omnis
2834 4743 3108 4801 humana
3125 4745 3246 4802 nati
3258 4746 3405 4804 vitas
3426 4749 3657 4820 peccati
3672 4750 3935 4822 origine:

2272 4826 2345 4883 lis
2374 4828 2877 4887 condemnationc
2907 4838 3198 4905 versatur,
3242 4836 3622 4895 reducendos
3666 4841 3937 4912 praedes-

2274 4915 2484 4974 tinavit
2515 4918 2594 4975 ad
2613 4919 2902 4979 lucem.In
2931 4937 3001 4980 eo
3032 4925 3334 4998 praecipue
3350 4926 3746 4984 demontrans
3766 4930 3934 5003 quod

2274 5004 2415 5062 istos
2464 5007 2771 5077 originalis
2801 5013 3029 5085 peccati
3058 5013 3317 5071 vinculis
3348 5016 3618 5074 indebita
3648 5019 3850 5089 gratia
3874 5020 3934 5076 li-

2271 5092 2562 5151 beratoris
2584 5096 2940 5169 absolveret,
2984 5117 3124 5160 cum
3156 5103 3326 5177 alios,
3364 5109 3423 5164 et
3449 5122 3635 5179 quam
3668 5110 3935 5166 maxime

2271 5183 2578 5255 parvulos,
2606 5187 2828 5259 quibus
2849 5190 3015 5248 nulla
3042 5199 3299 5266 possunt
3327 5195 3423 5252 vel
3451 5196 3618 5254 bona
3651 5197 3749 5254 vel
3771 5198 3933 5256 mala

2269 5271 2470 5329 inesse
2499 5276 2757 5347 proprias
2789 5281 3040 5338 materia
3069 5282 3416 5357 voluntatis,
3442 5284 3751 5343 insolubili
3773 5304 3933 5346 nexu

2271 5365 2489 5420 mterna
2513 5364 2823 5423 damnatio
2840 5369 3135 5429 retineret.
3172 5372 3352 5430 Bome
3377 5392 3623 5449 quoque
3654 5377 3931 5437 volunta-

2271 5450 2343 5505 tis
2366 5457 2433 5542 ct,
2451 5454 2829 5524 cogitationis
2876 5457 3113 5517 initium
3142 5477 3268 5518 non
3297 5464 3530 5521 homini
3570 5483 3645 5521 ex
3692 5483 3757 5524 se
3802 5468 3932 5542 ipso

2266 5541 2460 5611 nasci,
2494 5544 2600 5600 sed
2631 5545 2914 5603 divinitus
2944 5554 3002 5607 et
3048 5554 3377 5625 przeparari
3417 5559 3475 5612 et
3512 5554 3717 5625 tribui,
3770 5541 3845 5615 ini
3866 5576 3934 5617 eo

2274 5631 2426 5686 Deus
2449 5632 2749 5692 evidenter
2765 5639 3195 5715 ostendit,quia
3215 5659 3413 5717 neque
3428 5644 3937 5725 diabolus,neque
