4112 6184
228 209 366 262 1073

1179 215 1268 269 DE
1304 214 1986 273 PRI‘EDESTINATIONE
2026 216 2302 279 CONTRA
2342 228 2387 280 J.
2416 226 2691 285 SL‘UTUM

3504 240 3637 292 1074

223 330 440 403 aliquis
463 331 818 402 angelorum
851 336 1078 408 ejus,ex
1107 353 1231 411 quo
1259 340 1447 396 ruinae
1477 340 1633 397 illius
1662 339 1873 397 merito
1909 343 1956 395 Α
1989 343 2217 403 tulisti?
2245 351 2311 405 Et
2339 353 2537 406 tamen
2570 352 2851 409 instinctu
2882 352 2983 409 Dei
3014 352 3237 411 factum
3283 372 3412 414 esse
3455 360 3642 417 fideli-

219 420 283 476 in
303 420 462 476 hanc
487 426 626 478 sunt
643 421 984 482 inferiorem
1012 426 1235 484 detrusi
1276 428 1617 499 caliginem,
1648 429 1875 485 bonam

217 509 415 583 potuit
439 515 541 568 aut
562 514 777 585 poterit
792 531 1099 573 resumere
1129 517 1667 594 voluntatem,quia
1685 520 1877 593 sipos-

219 599 395 656 sibile
420 605 577 657 esset
604 606 669 658 ut
715 604 989 663 humana
1031 610 1269 677 natura,
1306 612 1632 683 postquam
1691 624 1727 666 a
1758 612 1876 666 Deo

217 704 433 746 aversa
448 690 778 749 bonitatem
801 694 1059 768 perdidit
1074 695 1493 769 voluntatis,ex
1515 715 1576 755 se
1602 699 1737 773 ipsa
1756 714 1877 754 rur-

217 795 323 835 sus
339 795 477 836 cam
493 780 717 838 habere
742 783 1245 856 potuisset,multo
1271 787 1617 860 possibilius
1632 789 1747 846 hoc
1770 804 1876 844 na-

216 874 353 927 tura
373 871 623 929 haberet
645 874 935 944 angelica,
960 882 1349 950 quae,quanto
1368 879 1570 935 minus
1591 883 1878 949 gravatur

213 959 433 1017 terreni
453 961 720 1034 corporis
736 963 1193 1036 pondere,tanto
1212 967 1409 1038 magis
1426 968 1541 1025 hac
1556 971 1711 1025 esset
1727 982 1873 1040 prte-

124 1067 165 1088 ο
212 1049 341 1106 dita
360 1049 781 1109 facultate.Sed
803 1054 1058 1111 ostendit
1077 1056 1232 1112 Deus
1242 1057 1403 1114 unde
1414 1056 1576 1115 bona
1594 1057 1874 1114 voluntas

213 1139 563 1196 hominibus
582 1140 967 1215 detur,quam
1007 1145 1090 1201 sic
1129 1146 1460 1204 amiserunt
1496 1146 1694 1218 angeli
1733 1163 1873 1204 cum

215 1229 603 1302 haberent,ut
623 1232 918 1290 amissam
932 1232 1217 1309 deinceps
1231 1236 1455 1294 habere
1474 1252 1599 1294 non
1618 1237 1871 1310 possint]

215 1316 252 1380 ἦα
273 1314 435 1370 Idem
456 1320 595 1389 post
616 1315 819 1390 aliqua
843 1318 1182 1389 Fulgentius
1210 1339 1222 1376 :
1248 1324 1263 1393 {
1274 1322 1384 1388 Qui
1404 1322 1566 1378 enim
1587 1315 1690 1378 ens
1727 1321 1872 1378 tales

211 1402 706 1476 praedestinanth
745 1408 1131 1480 praeparavit,
1154 1414 1221 1467 ut
1255 1426 1443 1482 regno
1463 1411 1631 1481 digni
1653 1414 1869 1479 essent,

208 1493 577 1567 praeparavit
596 1494 800 1568 utique
812 1497 1145 1554 secundum
1160 1500 1542 1573 propositum
1559 1499 1868 1556 vocandas

209 1588 280 1639 ut
299 1582 604 1651 obediant,
640 1586 1000 1659 prteparavit
1043 1588 1485 1659 justiﬁcandos,
1519 1591 1603 1660 ut,
1626 1591 1872 1662 accepta

1988 435 2092 498 tor,
2130 437 2441 509 sapienter:
2450 457 2550 513 lue
2581 439 2800 506 vidisti,
2832 441 3124 499 veraciter
3152 443 3524 519 ﬁdenterque
3544 449 3636 505 di-

1984 521 2136 580 xisti.
2170 526 2307 583 Ideo
2334 529 2538 602 utique
2569 530 2858 604 quoniam
2909 539 3302 602 prmparatur
3354 538 3635 596 voluntas

1985 626 2020 667 α
2048 615 2295 673 Domino
2329 618 2527 690 (Prov.
2581 624 2633 684 8,
2668 636 2778 678 sec.
2814 621 2996 692 LXX),
3041 626 3095 678 et
3125 625 3187 678 ut
3217 622 3360 681 boni
3408 626 3637 700 aliquid

1984 708 2189 770 agant,
2213 708 2479 778 paternis
2512 709 3005 782 inspirationibus
3031 728 3277 768 suorum
3299 713 3426 786 ipse
3448 718 3638 788 tangit

1983 792 2166 849 corda
2195 794 2454 851 ﬁliorum
2486 814 2496 851 :
2529 804 2814 871 quotquot
2837 801 2992 855 enim
3032 800 3265 869 Spiritu
3295 803 3406 859 Dei
3438 819 3634 875 agun-

1984 884 2104 952 tur,
2137 882 2203 938 lii
2244 885 2362 953 ﬁlii
2413 894 2551 943 sunt
2583 889 2696 944 Dei
2725 888 2912 961 (Rom.
2944 891 3085 962 vin),
3122 892 3230 963 14).
3265 894 3333 948 Ut
3361 909 3472 950 nec
3500 911 3638 952 nos-

1983 971 2138 1026 trum
2168 971 2379 1028 deesse
2410 976 2740 1032 sentiamus
2770 977 3104 1047 arbitrium,
3139 980 3275 1036 etin
3304 980 3480 1038 bonis
3508 984 3638 1057 qui-

1979 1057 2214 1134 busque
2246 1063 2569 1121 voluntatis
2584 1066 2866 1123 humanae
2885 1068 3132 1138 singulis
3156 1070 3418 1128 motibus
3438 1074 3635 1146 magis

1979 1149 2135 1207 illius
2166 1152 2358 1212 valere
2379 1170 2504 1211 non
2533 1154 2880 1213 dubitemus
2902 1157 3240 1231 auxilium]

2052 1241 2086 1306 ἦν
2107 1243 2474 1315 Prosper,vir
2491 1243 3013 1319 eloquentissimus
3032 1251 3209 1321 atque
3227 1249 3633 1327 doctissimus,

1982 1329 2249 1386 scribens
2271 1333 2401 1403 jam
2431 1333 2569 1390 inde
2592 1334 2914 1392 adversum
2935 1340 2987 1393 te
3011 1338 3124 1394 sub
3146 1340 3387 1399 nomine
3409 1343 3636 1401 Cassia-

1978 1417 2061 1483 ni,
2093 1419 2421 1490 Pelagianae
2447 1423 2744 1480 heereseos
2771 1423 3099 1490 assertoris,
3125 1426 3206 1483 ita
3242 1428 3393 1487 inter
3417 1437 3635 1490 caetera

1977 1506 2213 1564 locutus
2244 1510 2602 1580 est(Coutra
2631 1512 2871 1580 Collat.,
2923 1529 3056 1583 cap.
3096 1516 3147 1571 ll
3175 1534 3188 1571 :
3222 1517 3398 1588 [Quid
3426 1521 3501 1576 de
3533 1521 3636 1578 eli-

1979 1610 2183 1652 sarum
2215 1600 2804 1669 argumentationum
2828 1602 3179 1660 ratiunculis
3208 1605 3399 1665 fracta
3428 1609 3634 1666 studes

209 1673 426 1770 gratia,
448 1676 604 1770 recte
643 1674 892 1770 credant
928 1679 986 1732 et
1023 1676 1177 1734 bene
1214 1678 1461 1747 vivant;
1511 1676 1872 1751 praeparavit
1900 1704 1940 1758 Β
1980 1700 2150 1742 arma
2176 1686 2452 1759 colligere
2477 1690 2504 1744 ?
2538 1689 2690 1755 Quid
2748 1691 2974 1749 cineres
3005 1694 3279 1752 exstincti
3331 1696 3634 1770 dogmatis

207 1762 396 1818 etiam
418 1762 955 1838 glorificandos,ut,
978 1766 1188 1825 Christi
1209 1767 1549 1825 cohaeredes
1569 1767 1871 1836 etfecti,re-

207 1868 403 1924 gnum
424 1851 715 1910 caelorum
756 1854 884 1910 sine
907 1854 1026 1911 ﬁne
1047 1856 1398 1929 possideant
1422 1874 1433 1912 :
1481 1856 1558 1913 ad
1594 1856 1763 1929 quod
1781 1872 1871 1913 re-

206 1956 401 2011 gnum
420 1939 671 1996 diversis
691 1942 1064 2014 temporibus
1085 1959 1193 2016 per
1212 1947 1609 2014 sacramenta,
1631 1960 1767 2017 quae
1790 1943 1869 2000 ad

206 2028 395 2085 ﬁdem
414 2029 842 2088 incarnationis
862 2048 985 2088 suae
1004 2032 1268 2090 Christus
1288 2032 1642 2105 instituit,illi
1662 2048 1870 2107 perve-

209 2125 610 2194 nerunt,quos
630 2122 784 2178 Deus
805 2122 1008 2193 gratis,
1031 2123 1197 2181 nullo
1231 2123 1411 2181 bona;
1432 2124 1754 2181 voluntatis
1772 2124 1868 2180 vel

212 2209 359 2267 boni
384 2210 581 2284 operis
607 2212 819 2268 merito
851 2212 1251 2286 praecedente,
1275 2212 1580 2285 salvavit.]

283 2300 318 2366 σξη
336 2300 551 2357 Beatus
574 2300 978 2370 Innocentius,
1001 2301 1345 2375 apostolicae
1389 2302 1552 2359 sedis
1593 2302 1862 2372 antistes,

207 2389 286 2449 ad
306 2390 483 2448 Afros
499 2390 818 2465 episcopos
838 2395 1045 2449 contra
1057 2391 1360 2463 Pelagium
1382 2393 1650 2450 scribens
1669 2393 1861 2465 (epist.

204 2482 317 2554 6|):
341 2480 647 2553 [Liberum
667 2481 850 2554 enim,
870 2481 1084 2556 inquit,
1107 2481 1418 2539 arbitrium
1439 2483 1583 2540 olim
1603 2483 1698 2540 ille
1718 2498 1862 2556 per-

203 2586 446 2644 pessus,
468 2570 618 2627 dum
641 2569 765 2626 suis
785 2570 1181 2628 inconsultius
1203 2572 1385 2629 utitur
1402 2571 1601 2641 bonis,
1642 2571 1865 2628 caden‘s

203 2660 266 2716 in
289 2658 805 2733 prtevaricationis
827 2658 1131 2733 profunda
1150 2660 1635 2730 demersus,nihil
1656 2676 1865 2733 quem-

206 2748 545 2805 admodum
575 2747 790 2805 exinde
821 2764 1064 2820 surgere
1101 2750 1310 2823 possit,
1354 2749 1600 2812 invenit.
1633 2765 1864 2823 suaque

202 2839 268 2895 in
299 2842 591 2895 aeternum
612 2837 883 2894 libertate
909 2837 1415 2912 deceptus,hujus
1443 2839 1619 2896 ruina
1636 2838 1863 2911 jacuis-

202 2934 298 2986 set
325 2945 673 3003 oppressus,
704 2928 819 2985 nisi
848 2944 988 2986 eum
1008 2934 1143 3003 post
1165 2930 1376 2987 Christi
1394 2946 1504 3004 pro
1543 2946 1653 2987 sua
1672 2930 1866 3001 gratia

1977 1773 2303 1832 refovendo
2331 1777 2658 1834 deficientis
2708 1778 2857 1836 fumi
2887 1781 3159 1839 nidorem
3206 1785 3267 1841 in
3297 1787 3635 1845 redivivam

1979 1862 2292 1920 ﬂammam
2324 1865 2559 1922 conaris
2590 1867 2961 1925 ascendere?
3012 1873 3138 1927 Non
3168 1877 3260 1931 est
3295 1874 3633 1946 periculum

1975 1951 2143 2009 liberi
2172 1953 2400 2011 arbitrii
2429 1970 2503 2010 ex
2534 1955 2724 2026 gratia
2754 1957 2873 2027 Dei,
2907 1973 3017 2014 nec
3046 1959 3321 2018 voluntas
3366 1963 3634 2020 aufertur

1976 2058 2115 2099 cum
2144 2043 2206 2099 in
2226 2043 2359 2117 ipsa
2379 2043 2532 2101 bene
2554 2046 2702 2103 velle
2726 2053 3069 2118 generatur.
3100 2053 3249 2107 Nam
3274 2052 3321 2108 si
3345 2051 3482 2110 ideo
3504 2067 3631 2109 non

1973 2132 2247 2205 putanda
2272 2138 2363 2190 est
2386 2135 2761 2208 nostra,quia
2782 2136 3093 2207 formatur,
3120 2140 3365 2210 regitur,
3387 2141 3630 2199 ordina-

1974 2226 2088 2285 tur,
2120 2222 2430 2294 imbuitur,
2487 2224 2821 2298 spoliantur
2867 2226 3136 2285 libertate
3192 2228 3298 2285 ﬁlii
3356 2229 3477 2300 Dei,
3527 2230 3635 2301 qui

1975 2316 2245 2382 aguntur
2270 2311 2503 2382 Spiritu
2532 2315 2642 2371 Dei
2660 2316 2850 2381 (Rom.
2874 2332 2997 2380 V111,
3028 2317 3132 2387 t4),
3162 2317 3425 2390 perdunt
3458 2318 3629 2389 vigo-

1973 2416 2101 2457 rem
2132 2401 2445 2458 rationalis
2474 2401 2681 2474 animi,
2704 2407 2762 2459 et
2786 2404 2953 2460 omni
2983 2405 3333 2462 voluntariae
3363 2405 3632 2464 devotio-

1974 2491 2066 2546 nis
2091 2490 2270 2548 laude
2301 2491 2634 2565 privantur,
2652 2492 2874 2566 quibus
2901 2494 3079 2551 datur
3106 2497 3368 2566 Spiritus
3392 2499 3630 2568 sapien-

1974 2580 2071 2636 tiw
2094 2586 2156 2638 .et
2184 2581 2543 2651 intellectus,
2577 2583 2816 2639 consilii
2835 2589 2891 2639 et
2915 2585 3318 2656 fortitmlim‘s,
3345 2587 3630 2653 scientiae,

1973 2685 2044 2727 ac
2067 2672 2330 2740 pietatis,
2363 2677 2415 2727 et
2447 2671 2677 2728 timoris
2701 2672 2946 2728 Domini
2971 2674 3031 2744 (Ι
3058 2674 3195 2730 Cor.
3236 2675 3358 2748 xu).
3381 2677 3632 2733 Prorsus

1972 2758 2077 2832 qui
2104 2758 2198 2815 his
2225 2758 2757 2817 reformationibus
2785 2777 2847 2817 se
2876 2776 3001 2819 non
3026 2766 3240 2836 putant
3262 2763 3631 2838 indigere,de

1973 2847 2185 2904 veteris
2213 2848 2413 2905 morbi
2437 2849 2870 2906 consuetudine
2900 2850 2962 2907 in
2992 2852 3341 2924 phronesim
3383 2853 3631 2910 transiev

1973 2940 2132 3004 runt;
2164 2938 2970 3010 respuunt(al.,respuentes)
2990 2940 3326 2996 remedium
3338 2940 3627 2998 clamant.

200 3017 530 3075 relevasset
558 3018 898 3089 adventus]
930 3019 964 3085 εξ·
992 3018 1270 3092 Episcopi
1300 3018 1593 3075 Africanae
1622 3019 1864 3092 provin-
1891 3065 1931 3117 Ο
1970 3024 2299 3090 insaniunt,
2326 3024 2710 3081 reluctantur.
2748 3025 2860 3082 Sed
2891 3026 2941 3081 si
2967 3027 3381 3098 promissionis
3413 3032 3552 3084 sunt
3565 3029 3631 3083 ﬁ-

202 3108 314 3166 cite
346 3108 586 3165 ducenti
625 3107 1088 3182 quatuordecim
1116 3109 1178 3165 in
1210 3108 1463 3182 epistola
1505 3108 1586 3165 ad
1614 3108 1862 3165 beatum

203 3197 840 3268 Zozimum,Romante
876 3197 1033 3254 sedis
1079 3198 1438 3271 episcopum
1464 3197 1653 3270 (apud
1684 3198 1863 3253 Pros-

203 3303 422 3357 perum
454 3292 667 3343 contra
688 3288 932 3358 Callet,
976 3292 1159 3358 caput
1214 3288 1335 3359 lO):
1389 3286 1859 3359 [Constituimus

210 3374 516 3448 inquiunt,
539 3374 599 3431 in
624 3376 923 3448 Pelagium
952 3380 1133 3450 atque
1178 3375 1521 3435 leestium
1551 3391 1659 3449 per
1686 3391 1865 3432 vene-

203 3464 467 3522 rabilem
527 3465 878 3541 episcopum
926 3466 1344 3524 Innocentium
1400 3466 1475 3523 de
1531 3465 1864 3523 beatissimi

202 3553 469 3627 apostoli
492 3555 643 3612 Petri
680 3554 823 3612 sede
859 3555 1160 3629 prolatam
1203 3570 1450 3613 manere
1483 3554 1862 3624 sententiam,

201 3643 401 3699 donec
423 3643 803 3717 apertissima
825 3644 1199 3701 confessione
1219 3645 1516 3701 fateantur
1541 3644 1735 3717 gratia
1765 3644 1865 3700 Dei

200 3748 313 3806 per
347 3734 550 3789 Jesum
582 3734 881 3791 Christum
912 3734 1235 3791 Dominum
1265 3738 1565 3802 nostrum,
1599 3749 1723 3790 non
1773 3748 1865 3789 so-

194 3822 330 3878 lum
350 3821 431 3879 ad
450 3823 957 3895 cognoscendam,
976 3839 1189 3880 verum
1215 3824 1396 3880 etiam
1421 3823 1498 3880 ad
1522 3822 1864 3881 faciendam

195 3912 496 3983 justitiam
520 3928 633 3969 nos
662 3929 771 3986 per
810 3916 976 3969 actus
1009 3912 1278 3983 singulos
1326 3913 1643 3984 adjuvari:
1673 3912 1753 3968 ita
1799 3915 1867 3967 ut

202 4001 336 4055 sine
361 4000 461 4057 illa
484 4000 634 4057 nihil
662 4018 821 4058 verm
849 4002 1150 4075 justisque
1183 4002 1308 4073 (aL,
1338 4000 1702 4073 sanctasque)
1743 3999 1867 4072 pie-

198 4089 342 4147 tatis
368 4090 613 4159 habere,
642 4091 924 4161 cogitare,
951 4092 1169 4161 dicere,
1226 4106 1401 4162 agere
1447 4089 1804 4159 valeamus]
1832 4090 1866 4155 ἦ·

202 4182 462 4236 Sanctus
489 4180 759 4237 Zozimus
785 4196 951 4254 papa
979 4180 1059 4238 ad
1108 4180 1457 4236 universum
1485 4178 1696 4235 orbem
1727 4193 1867 4234 con-

198 4273 296 4326 tra
321 4269 675 4340 Pelagianos
704 4271 1002 4327 scribens:
1030 4272 1171 4343 [Nos
1194 4275 1416 4338 tamen,
1451 4269 1550 4340 ait,
1583 4268 1865 4325 instinctu

200 4360 305 4415 Dei
327 4358 557 4427 (omnia
577 4360 738 4416 enim
761 4361 923 4416 bona
951 4360 1029 4417 ad
1058 4363 1367 4416 auctorem
1394 4374 1573 4415 suum
1600 4359 1862 4414 referen-

198 4447 283 4503 da
315 4452 475 4517 sunt,
512 4449 672 4505 unde
701 4450 1080 4520 nascuntur),
1109 4448 1187 4504 ad
1214 4449 1466 4505 fratrum
1492 4452 1549 4504 et
1565 4447 1866 4521 coepisco-

196 4551 425 4609 porum
469 4540 814 4593 nostrorum
869 4536 1298 4593 conscientiam
1350 4538 1631 4593 universa
1671 4536 1867 4593 retuli-

196 4626 387 4696 mus]
414 4626 446 4691 ’ἲ
478 4626 668 4689 Quam
715 4626 846 4698 ejus
884 4642 1160 4683 veracem
1191 4627 1547 4683 sententiam
1578 4625 1697 4682 Afri
1721 4625 1868 4698 epis-

198 4714 344 4786 copi
372 4714 819 4771 veracissimam
850 4715 1282 4789 approbantes,
1313 4715 1394 4771 ita
1436 4715 1515 4772 ad
1568 4731 1707 4771 eum
1749 4731 1870 4770 ros-

202 4802 484 4859 cribunt:
546 4803 723 4875 [Illud
755 4820 896 4860 vero
953 4804 1121 4878 quod
1160 4805 1222 4860 in
1282 4804 1487 4860 litteris
1540 4803 1676 4874 tuis,
1715 4819 1869 4875 quas

202 4889 291 4946 ad
345 4890 651 4947 universas
689 4893 1033 4964 provincias
1081 4891 1302 4947 curasti
1339 4907 1469 4947 esse
1525 4890 1868 4970 mittendas,

195 4980 409 5052 posuit
437 4980 680 5037 dicens:
732 4985 849 5037 Nos
901 4986 1106 5037 tamen
1156 4980 1441 5036 instinctu
1498 4980 1598 5036 Dei
1642 4980 1871 5050 (omnia

195 5068 367 5124 enim
392 5068 558 5126 bona
583 5069 661 5126 ad
691 5073 1002 5127 auctorem
1022 5086 1200 5126 suum
1228 5069 1545 5127 referenda
1575 5074 1735 5138 sunt,
1763 5084 1873 5125 un-

193 5158 278 5214 de
299 5160 674 5231 nascuntur),
708 5160 788 5216 ad
820 5160 1068 5216 fratrum
1088 5164 1146 5216 et
1190 5161 1686 5234 coepiscoporum
1736 5177 1870 5217 nos-

195 5252 435 5305 trorum
468 5249 899 5305 conscientiam
922 5249 1209 5307 universa
1227 5250 1569 5317 retulimus,
1596 5251 1679 5307 sic
1711 5267 1875 5307 acce-

193 5337 408 5412 pimus
438 5337 667 5394 dictum
698 5343 763 5394 ut
795 5338 948 5408 illos,
981 5338 1086 5411 qui
1134 5344 1344 5395 contra
1376 5340 1474 5395 Dei
1506 5339 1872 5410 adjutorium

196 5427 501 5485 extollunt
525 5428 776 5485 humani
807 5428 1034 5484 arbitrii
1060 5428 1419 5500 libertatem,
1455 5430 1722 5485 districto
1752 5429 1874 5500 gla‘

195 5516 308 5573 dio
360 5518 625 5573 veritatis
675 5517 837 5574 velut
880 5517 1104 5574 cursim
1155 5518 1450 5573 transiens
1488 5523 1869 5591 amputares;

197 5604 359 5679 quid
390 5606 551 5662 enim
586 5611 710 5663 tam
732 5606 922 5663 libero
980 5606 1167 5663 fecisti
1195 5606 1460 5675 arbitrio,
1492 5623 1677 5678 quam
1707 5610 1873 5681 quod

200 5695 506 5752 universa
558 5696 618 5751 in
650 5701 869 5753 nostrae
907 5695 1261 5754 humilitatis
1313 5695 1742 5755 conscientiam
1790 5714 1878 5754 re-

1969 3113 2368 3187 lii,quiescent
2382 3112 2873 3184 etsanabuntur.]
2886 3114 3094 3181 ﬁdem
3110 3115 3169 3171 in
3192 3116 3405 3172 eodem
3421 3116 3582 3188 (Ibid
3588 3158 3625 3186 .,

1973 3219 2106 3274 cap.
2140 3203 2213 3274 8).
2244 3202 2436 3275 [Falso
2467 3218 2609 3274 ergo
2642 3203 2977 3260 secundum
3004 3204 3162 3261 hanc
3215 3203 3626 3261 deﬁnitionem

1973 3296 2111 3348 ante
2139 3290 2339 3348 dixisti
2358 3306 2482 3347 non
2514 3290 2711 3348 solum
2742 3295 3010 3364 actuum,
3032 3309 3244 3350 verum
3265 3294 3445 3351 etiam
3467 3293 3627 3364 cogi-

1972 3382 2267 3440 tationum
2309 3382 2611 3439 bonarum
2660 3399 2733 3439 ex
2763 3385 2883 3440 Deo
2932 3400 3063 3440 esse
3091 3383 3474 3458 principium,
3521 3384 3630 3457 qui

1973 3476 2030 3529 et
2057 3471 2267 3545 incipit
2292 3487 2429 3544 quas
2456 3471 2622 3529 bona
2642 3476 2800 3538 sunt,
2824 3477 2878 3529 et
2898 3473 3241 3546 exsequitur
3256 3475 3313 3530 et
3340 3488 3627 3530 consum-

1971 3565 2099 3618 mat
2125 3561 2189 3617 in
2216 3560 2417 3625 nobis,
2443 3560 2549 3617 sed
2576 3562 2691 3618 hoc
2716 3561 2880 3618 nullo
2906 3562 3092 3619 modo
3132 3578 3203 3618 ex
3231 3561 3435 3635 aliqua
3458 3564 3628 3635 parte

1971 3653 2166 3724 potest
2185 3666 2312 3707 esse
2344 3650 2598 3708 falsum:
2631 3651 2775 3725 quia
2803 3650 2869 3725 [A
2882 3653 2944 3714 l.,
2976 3651 3093 3723 cui]
3122 3666 3514 3726 nequaquam
3542 3650 3631 3707 in-

1972 3740 2109 3796 ferri
2149 3739 2445 3797 contraria
2471 3739 2828 3808 debuerunt,
2855 3744 2922 3797 ut
2943 3741 3109 3813 quod
3139 3743 3295 3798 recte
3324 3740 3630 3814 professus

1974 3845 2035 3885 es
2098 3846 2171 3886 ex
2239 3830 2430 3899 gratia
2495 3829 2777 3902 incipere,
2849 3829 2911 3885 id
2981 3834 3189 3902 postea
3269 3829 3629 3885 confirmare

1973 3934 2081 3992 per
2134 3921 2366 3974 naturae
2440 3917 2672 3974 bonum
2730 3922 2787 3972 et
2839 3933 2947 3989 per
2997 3917 3253 3972 liberum
3316 3916 3629 3972 arbitrium

1972 4023 2085 4064 nos
2110 4006 2353 4063 habere.
2385 4006 2534 4062 Dicit
2562 4006 2809 4079 quidem
2828 4005 3044 4062 beatus
3072 4005 3418 4079 Apostolus:
3462 4007 3626 4062 Velle

1973 4097 2128 4154 enim
2160 4096 2398 4165 adjacet
2429 4096 2595 4163 mihi,
2621 4096 2912 4165 perﬁcere
2937 4101 3133 4152 autem
3166 4096 3382 4152 bonum
3403 4096 3629 4153 nonin-

1974 4186 2143 4243 veuio
2174 4185 2362 4258 (Rom.
2392 4200 2486 4253 vn,
2517 4188 2600 4253 t8)
2626 4203 2639 4252 ;
2664 4183 2770 4240 sed
2794 4184 2956 4240 idem
2977 4184 3145 4240 dicit:
3174 4185 3306 4243 Non
3333 4185 3477 4258 quia
3506 4185 3631 4242 ido-

1976 4276 2073 4331 nei
2101 4290 2303 4331 sumus
2325 4274 2590 4345 cogitare
2618 4274 2855 4345 aliquid
2874 4289 2910 4331 a
2927 4274 3114 4343 nobis,
3149 4276 3323 4346 quasi
3345 4289 3420 4332 ex
3439 4275 3634 4331 nobis:

1976 4365 2078 4421 sed
2098 4364 2462 4435 sufﬁcientia
2490 4368 2697 4420 ucstra
2726 4378 2800 4420 ex
2826 4365 2947 4419 Deo
2976 4370 3057 4419 est
3079 4363 3171 4433 (II
3195 4364 3332 4420 Cor.
3365 4379 3449 4434 ιιι,
3484 4364 3632 4436 5).Et

1977 4451 2137 4508 idem
2167 4452 2349 4508 dixit:
2391 4454 2545 4509 Deus
2602 4459 2685 4509 est
2739 4454 2893 4509 enim
2953 4452 3058 4524 qui
3112 4457 3397 4522 operatur
3435 4454 3500 4508 in
3529 4467 3633 4508 ηο-

1979 4541 2063 4597 bis
2102 4547 2155 4598 et
2186 4543 2338 4598 velle
2362 4547 2416 4599 et
2449 4546 2690 4612 operari
2717 4558 2829 4613 pro
2863 4543 3013 4598 bona
3046 4542 3353 4598 voluntate
3377 4540 3628 4609 (Philip.

1979 4646 2037 4697 ιι,
2076 4629 2180 4701 13).
2202 4633 2329 4687 Non
2353 4646 2494 4700 ergo
2525 4631 2846 4704 Apostolus
2874 4629 2985 4687 sibi
3012 4628 3345 4686 contrarius
3367 4632 3487 4685 est:
3524 4627 3633 4685 sed

1976 4718 2120 4791 quia
2145 4734 2283 4773 cum
2305 4718 2597 4775 donatum
2623 4718 2798 4776 nobis
2842 4718 3015 4775 fuerit
3044 4718 3275 4775 bonum
3305 4717 3476 4789 velle,
3506 4732 3632 4775 non

1977 4805 2180 4862 statim
2211 4805 2546 4863 invenimus
2563 4812 2619 4863 ot
2640 4807 2975 4879 faccro,nisi
3002 4806 3633 4880 petentibusquaeren-

1978 4896 2139 4953 tibus
2169 4901 2347 4968 atque
2378 4896 2785 4969 pulsantibus,
2815 4902 2879 4953 ut
2908 4896 3013 4969 qui
3039 4896 3204 4953 dedit
3241 4895 3628 4963 desiderium,

1978 4988 2215 5059 praestet
2243 4986 2540 5043 etfectum.
2572 4988 2695 5043 Vox
2723 5001 2987 5061 namque
3038 4987 3148 5043 ista
3179 4985 3449 5058 dicentis,
3480 4987 3633 5044 velle

1981 5077 2135 5134 enim
2167 5078 2406 5147 adjacet
2433 5077 2603 5144 mihi,
2635 5080 2921 5148 perﬁcere
2946 5084 3143 5135 autem
3172 5078 3387 5134 bonum
3405 5092 3525 5133 non
3543 5078 3633 5133 in-

1982 5166 2173 5235 venio,
2196 5165 2397 5222 vocati
2425 5170 2537 5234 est,
2562 5166 2739 5223 etiam
2787 5166 2901 5223 sub
2932 5167 3123 5237 gratia
3174 5166 3494 5229 constituti,
3526 5165 3632 5237 qui

1983 5254 2425 5312 condeloctatur
2453 5254 2697 5328 quidem
2727 5255 2843 5327 legi
2898 5256 3000 5313 Dei
3029 5256 3362 5313 secundum
3388 5253 3631 5311 interio-

1980 5360 2107 5399 rem
2137 5344 2467 5416 hominem,
2502 5344 2607 5400 sed
2660 5345 2819 5403 videt
2848 5351 2905 5402 et
2934 5348 3117 5403 aliam
3151 5347 3333 5417 legem
3365 5344 3427 5398 in
3457 5357 3633 5399 mem-

1985 5433 2103 5489 bris
2133 5436 2255 5490 suis
2286 5441 2719 5505 repugnantem
2776 5436 2895 5507 legi
2938 5437 3148 5493 mentis
3172 5450 3313 5505 suae,
3346 5439 3402 5491 et
3447 5434 3633 5502 capti-

1984 5529 2217 5580 vantem
2238 5540 2297 5580 se
2314 5525 2373 5580 in
2407 5526 2531 5595 lege
2551 5527 2784 5595 peccati
2802 5527 2992 5597 (Rom.
3012 5542 3110 5591 vn,
3133 5527 3224 5593 23)
3247 5543 3259 5593 ;
3280 5528 3337 5580 et
3351 5522 3632 5596 quamvis

1983 5612 2277 5682 acceperit
2302 5613 2610 5671 scientiam
2636 5619 2791 5670 recte
2820 5613 3075 5681 volendi,
3106 5613 3383 5668 virtutem
3428 5615 3631 5666 tamen

1985 5701 2051 5755 in
2081 5714 2142 5754 se
2171 5715 2293 5756 non
2315 5700 2757 5760 inveniteorum
2780 5718 2914 5776 quae
2936 5697 3632 5774 optatoperaudi,C10nec
