4116 6186
462 167 599 226 1075
1550 142 1606 233 s.
1639 177 2013 234 PRUDENTII
2051 173 2439 232 TRECENSIS
2479 175 2788 232 EPISOOPI
3760 170 3904 227 107s

461 309 575 368 pro
599 295 763 351 bona
806 294 1119 352 voluntate
1143 312 1332 370 quam
1364 300 1640 374 sumpsit,
1672 301 1962 357 virtutum
1994 315 2121 356 me-
2148 303 2195 357 A
2232 314 2352 367 vos,
2372 306 2425 356 et
2448 299 2628 369 posui
2656 314 2755 355 vos
2770 304 2837 354 ut
2857 298 3003 354 eatis
3025 302 3077 353 et
3093 297 3367 366 fructum
3388 294 3663 364 a/feratis
3683 295 3906 366 (ἄσσα.

466 385 675 438 reatur
706 380 1050 437 facultatem
1080 383 1369 455 invenire,
1391 403 1576 460 quam
1603 390 1813 462 quaerit
1836 390 1961 461 (aL,
1999 404 2120 444 me-
2229 405 2328 455 xv,
2359 387 2468 453 16).
2489 391 2555 443 Et
2585 392 2649 442 ut
2674 387 2859 442 vitam
2906 390 3149 457 propter
3175 383 3382 454 ﬁdem,
3412 382 3808 440 dilectionem
3840 390 3909 441 et

470 474 669 526 reatur
692 468 961 526 invenire
983 471 1088 544 qui
1118 472 1318 531 faciat.
2233 492 2417 549 opera
2438 476 2624 547 bona,
2651 476 3058 549 percipiamus
3088 471 3609 542 aeternam,gratia
3641 471 3747 528 Dei
3790 478 3909 542 est,

535 557 572 628 τί·
592 556 844 615 Sanctus
865 559 1325 631 Fulgentius,vir
1346 564 1577 639 absque
1600 569 1976 624 cunctatione
1996 583 2124 624 eru-
2231 566 2375 638 quia
2390 582 2466 623 ne
2486 581 2523 623 a
2538 565 2701 623 bono
2725 565 3039 622 deviemus
3065 563 3292 628 itinere,
3311 562 3445 634 ipso
3470 561 3627 618 duce
3650 578 3913 636 semper

466 645 800 703 ditissimus
825 664 895 706 ac
933 648 1346 720 ﬁdelissimus,
1373 653 1435 710 in
1460 655 1615 712 libro
1643 656 1718 713 de
1750 657 1890 714 Fide
1921 656 2000 715 ad
2028 660 2126 714 Pe-
2232 669 2388 727 opus
2416 654 2735 720 habemus,
2776 654 2871 711 cui
2898 652 3149 711 dicitur:
3181 651 3390 709 Deduc
3412 666 3524 719 me,
3551 653 3910 720 Domine,in

466 738 627 792 trum
647 735 972 795 diaconum
995 739 1128 811 (col.
1162 741 1286 814 360)
1312 743 1728 816 :[Firmissime
1753 749 1974 817 tene,et
1998 745 2126 802 nul-
2234 745 2334 801 via
2361 751 2487 812 tua,
2518 749 2575 801 et
2595 744 2893 802 ambulem
2912 744 2979 799 in
3005 743 3258 799 veritate
3283 745 3390 797 tua
3412 739 3535 812 (Ps.
3559 744 3907 813 Lxxxv,ll).

466 824 705 881 latenus
735 824 994 898 dubites,
1016 830 1325 888 neminem
1345 833 1442 891 hic
1470 849 1651 906 posse
1678 836 1988 894 hominem
2008 850 2127 908 poe-
2235 835 2315 889 Ac
2346 833 2397 888 si
2425 837 2628 905 aperte
2646 832 2880 889 dicatur
2905 854 2919 888 :
2944 830 3063 887 Nisi
3088 834 3143 887 te
3179 829 3332 886 duce
3353 828 3704 898 ingrediens
3734 831 3905 887 viam

468 913 781 971 nitentiam
810 931 1009 987 agere.
1040 919 1155 975 nisi
1199 936 1382 993 quem
1413 923 1566 978 Deus
1592 923 2033 983 illuminaverit.
2071 928 2129 979 et
2236 922 2518 986 veritatis,
2550 938 2735 995 quam
2776 921 2929 994 ccepi
2954 926 3174 985 tenere,
3203 934 3598 991 nequaquam
3631 918 3905 976 sufﬁcio.

471 1002 729 1071 gratuita
746 1020 859 1061 sua
870 1005 1249 1065 miseratione
1266 1012 1960 1086 converterit.Apostolus
1973 1012 2128 1069 enim
2237 1014 2317 1068 Ne
2348 1011 2409 1067 in
2428 1010 2608 1067 bonis
2629 1010 2989 1067 deﬁciamus
3021 1008 3328 1082 operibus,
3355 1006 3513 1063 illius
3533 1007 3768 1065 auxilio
3797 1009 3908 1064 de-

473 1089 651 1147 dicit:
682 1092 777 1150 Ne
798 1095 959 1164 forte
986 1097 1083 1153 det
1110 1098 1235 1155 illis
1275 1101 1436 1158 Deus
1455 1103 1875 1172 paenitentiam
1930 1103 2011 1159 ad
2039 1117 2131 1158 co-
2237 1100 2454 1156 bemus
2484 1116 2720 1173 semper
2772 1099 2962 1169 inniti,
2993 1099 3099 1172 qui
3127 1098 3228 1167 ait,
3263 1098 3438 1167 Quia,
3469 1099 3598 1155 sine
3625 1115 3722 1155 me
3746 1100 3913 1155 nihil

473 1183 873 1251 gnoscendam
898 1187 1209 1245 veritatem
1241 1194 1295 1244 et
1327 1191 1681 1260 resipiscant
1725 1207 1763 1248 a
1792 1192 2021 1248 diaboli
2045 1192 2130 1248 la-
2233 1194 2480 1262 potestis
2522 1193 2729 1263 facere
2771 1194 2968 1263 (Joan.
3019 1207 3119 1255 xv,
3147 1190 3222 1262 5).
3257 1188 3425 1245 Unde
3454 1192 3614 1246 recte
3645 1188 3908 1246 Psalmi-

475 1271 641 1342 queis
673 1272 763 1344 (II
800 1275 946 1332 Tim.
973 1291 1042 1341 ιι,
1072 1281 1183 1347 25).
1218 1278 1577 1337 Firmissime
1604 1286 1758 1348 tene,
1791 1286 1848 1338 et
1876 1281 2129 1339 nullate-
2240 1285 2349 1343 sta,
2375 1286 2440 1337 ut
2457 1281 2691 1338 initium
2720 1281 2861 1337 ﬁdei
2890 1285 2949 1337 et
2975 1280 3152 1337 bonae
3183 1278 3438 1335 actionis
3466 1294 3503 1335 a
3525 1279 3787 1337 Domino
3802 1297 3910 1338 no-

474 1374 592 1415 nus
618 1360 878 1429 dubites,
906 1380 1085 1437 posse
1132 1369 1380 1441 quidem
1429 1371 1759 1439 hominem,
1800 1388 1983 1444 quem
2020 1387 2132 1428 nec
2238 1371 2332 1428 bis
2371 1371 2503 1429 dari
2533 1371 2820 1443 signaret,
2852 1371 2967 1429 ait:
3027 1372 3205 1436 Deus,
3249 1385 3435 1433 meus,
3486 1371 3907 1430 misericordia

474 1447 816 1518 ignorantia
837 1451 1168 1513 litterarum
1188 1473 1299 1513 nec
1327 1458 1531 1531 aliqua
1554 1461 1831 1531 prohibet
1859 1459 2129 1516 imbecil-
2241 1464 2371 1532 ejus
2392 1463 2720 1531 praeveniet
2739 1476 2833 1518 me
2861 1461 2985 1530 (Ps.
3006 1459 3181 1531 Lvni).
3200 1459 3277 1514 Ut
3303 1458 3471 1515 bona
3497 1475 3636 1533 qua:
3663 1460 3907 1531 agimus

476 1535 611 1595 litas
635 1539 725 1595 vel
754 1541 1294 1610 adversitas,verba
1319 1552 1537 1605 sanctae
1565 1548 1713 1620 legis
1741 1552 1800 1605 et
1821 1548 2131 1619 Evangelii
2240 1549 2341 1607 illo
2369 1550 2696 1623 opitulante
2722 1548 3087 1622 perﬁcienda
3106 1548 3368 1618 doceret,
3393 1548 3604 1604 iterum
3625 1548 3803 1605 dicit:
3823 1551 3907 1606 Et

481 1626 601 1720 sive
624 1625 972 1720 legere,sive
983 1647 1057 1687 ex
1078 1648 1180 1689 ore
1210 1635 1573 1708 cujusquam
1597 1638 2003 1711 praedicatoris
2023 1654 2131 1694 au-
2172 1665 2214 1720 Β
2240 1640 2654 1697 misericordia
2695 1644 2799 1695 tua
2827 1638 3223 1710 subsequetur
3245 1653 3339 1693 me
3369 1638 3638 1694 omnibus
3689 1639 3905 1696 diebus

481 1711 630 1783 dire,
658 1717 764 1773 sed
801 1718 1019 1776 divinis
1045 1723 1345 1780 mandatis
1390 1725 1635 1782 obedire
1660 1727 1966 1783 neminem
1993 1742 2132 1800 pos-
2174 1711 2211 1720 ”
2244 1730 2379 1785 vita:
2408 1743 2549 1785 mea?
2571 1730 2694 1796 (Ps.
2718 1744 2863 1798 χιιι,
2894 1732 2970 1795 6).
3006 1729 3075 1783 Ut
3099 1726 3436 1782 mercedem
3466 1727 3596 1782 vita:
3623 1731 3899 1783 aeternae,

483 1819 565 1869 se,
599 1805 715 1865 nisi
734 1823 916 1881 quem
944 1810 1100 1867 Deus
1124 1812 1319 1882 gratia
1348 1830 1463 1871 sua
1488 1816 1853 1888 praevenerit.
1880 1819 1950 1873 Ut
1969 1813 2135 1889 quod
2244 1833 2380 1889 quae
2409 1816 2585 1874 bonis
2615 1816 2883 1873 redditur
2942 1814 3253 1889 operibus,
3283 1816 3452 1886 gratis
3482 1814 3654 1870 tribui
3703 1814 3889 1870 nobis

482 1893 651 1953 audit
678 1912 952 1971 corpore,
981 1901 1161 1958 corde
1191 1902 1371 1961 etiam
1402 1910 1600 1962 mente
1626 1905 1934 1980 percipiat,
1958 1910 2016 1962 et
2032 1920 2133 1962 ac-

482 1989 657 2061 cepta
684 1986 971 2047 divinitus
1001 1993 1161 2050 bona
1185 1994 1487 2053 voluntate
1507 2000 1688 2070 atque
1708 1997 1943 2065 virtute,
1966 2011 2137 2055 man-

482 2073 626 2133 data
654 2075 756 2132 Dei
780 2072 974 2135 facere
996 2085 1052 2137 et
1081 2082 1218 2139 velit
1254 2089 1310 2141 et
1341 2085 1567 2158 possit:
1591 2087 1795 2159 Neque
1836 2087 1992 2144 enim
2035 2084 2140 2157 qui

482 2163 726 2235 plantat
759 2173 843 2225 est
869 2170 1128 2242 aliquid,
1159 2188 1350 2244 neque
1371 2176 1478 2246 qui
1490 2176 1674 2247 rigat,
1705 2176 1808 2232 sed
1826 2176 1932 2248 qui
1949 2175 2138 2232 incre-

483 2263 747 2315 mentum
777 2259 904 2325 dat,
934 2262 1094 2319 Deus
1124 2267 1169 2333 (Ι
1197 2265 1334 2322 Cor.
1371 2282 1449 2331 ιιι,
1474 2268 1554 2336 7);
1587 2267 1701 2335 Qui
1728 2269 1905 2324 etiam
1931 2280 2141 2336 opera-

487 2348 590 2402 tur
610 2347 672 2405 in
712 2348 881 2405 nobis
919 2357 975 2407 et
1017 2353 1172 2409 velle
1225 2357 1469 2425 operari
1515 2356 1646 2428 [al.,
1674 2354 1981 2429 perﬁcere]
2024 2367 2139 2425 pro

486 2434 644 2493 bona
668 2438 979 2499 voluntate
1007 2441 1192 2513 (Phil.
1227 2459 1289 2507 ιι,
1316 2445 1425 2516 13].

559 2523 718 2583 Beda
745 2528 1103 2585 venerabilis
1130 2531 1444 2604 presbyter
1468 2533 1531 2591 in
1556 2533 1807 2591 homilia
1833 2531 2137 2605 Evangelii

487 2608 564 2666 de
589 2610 854 2671 adventu
881 2616 1135 2682 Domini,
1168 2634 1308 2675 cum
1325 2625 1682 2693 exponeret:
1710 2623 1831 2678 Nos
1851 2636 2048 2678 omnes
2066 2622 2140 2678 de

482 2698 865 2770 plenitudine
892 2706 1022 2773 ejus
1047 2708 1383 2777 accepimus
1406 2714 1463 2766 et
1489 2711 1752 2781 gratiam
1793 2726 1905 2779 pro
1935 2712 2137 2782 gratia

489 2788 683 2861 (Joan.
711 2805 753 2857 1,
778 2792 893 2864 l6),
921 2792 1235 2866 subjunxit
1259 2818 1273 2853 :
1304 2798 1477 2870 [Quia
1496 2814 1639 2869 ergo
1669 2799 1744 2856 de
1772 2799 2141 2873 plenitudine

491 2877 826 2936 Conditoris
854 2883 1047 2939 nostri
1075 2900 1199 2942 non
1240 2886 1512 2958 quidam,
1564 2888 1672 2945 sed
1720 2905 1933 2945 omnes
1965 2887 2141 2961 quid-

489 2967 635 3043 quid
658 2968 803 3025 boni
820 2970 1121 3029 habemus
1151 2975 1516 3049 accepimus,
1547 2978 1852 3034 curandus
1880 2993 2146 3034 summo-
2177 3018 2215 3071 C

489 3072 631 3131 pere
659 3062 749 3116 est
774 3075 852 3118 ne
877 3061 1182 3136 quispiam
1219 3065 1296 3121 de
1337 3065 1504 3124 bona
1529 3068 1760 3125 actione
1789 3067 1881 3125 vel
1926 3068 2148 3138 cogita-
2177 3053 2217 3073 υ

490 3147 652 3206 tione
679 3148 960 3209 incautus
989 3154 1255 3224 extollat,
1309 3156 1425 3214 nisi
1453 3157 1726 3229 ingratus
1757 3157 2022 3228 largitori
2059 3173 2146 3214 re-

489 3239 797 3313 manserit,
846 3242 1063 3315 perdat
1111 3243 1344 3303 bonum
1389 3247 1556 3319 quod
1584 3247 1833 3321 accepit,
1867 3263 1938 3304 ac
1966 3247 2148 3318 digne

492 3328 828 3400 apostolica
865 3330 1273 3405 increpatione
1314 3335 1691 3408 percellatur,
1738 3353 1863 3410 qua
1891 3336 2145 3393 dicitur:

495 3415 652 3489 Quid
675 3420 835 3475 enim
865 3420 1045 3478 habes
1067 3424 1229 3494 quod
1248 3440 1368 3480 non
1398 3428 1730 3496 accepisti?
1749 3428 1802 3483 si
1824 3432 2022 3483 autem
2048 3441 2148 3483 ae-

493 3505 722 3573 cepisti,
751 3507 900 3576 quid
917 3509 1208 3577 gloriaris
1227 3513 1403 3581 quasi
1421 3529 1542 3569 non
1570 3515 1866 3584 acceperis
1890 3517 1917 3572 ?
1942 3518 1986 3582 (Ι
2010 3516 2148 3571 Cor.

492 3606 572 3661 iv,
604 3592 681 3667 7).
713 3594 879 3652 Unde
890 3597 1023 3670 ipse
1051 3598 1396 3672 Apostolus,
1418 3601 1562 3674 quia
1580 3602 1993 3673 nihildignum
2015 3619 2153 3660 nos-

496 3695 559 3738 se
586 3682 683 3739 vel
712 3686 951 3757 operari
979 3690 1206 3760 posset,
1247 3688 1295 3744 si
1319 3704 1445 3746 non
1464 3690 1538 3746 de
1568 3691 1937 3764 plenitudine
1963 3690 2156 3750 Chris.

495 3771 539 3830 ti
565 3774 882 3857 acciperet,
910 3776 1053 3834 alibi
1083 3777 1397 3836 manifeste
1440 3784 1705 3848 testatur,
1738 3780 1943 3837 dicens
1976 3799 1991 3835 :
2020 3783 2153 3838 Non

495 3865 638 3939 quia
666 3866 1033 3937 sufﬁcientes
1090 3868 1273 3925 simus
1321 3870 1589 3941 cogitare
1634 3871 1868 3943 aliquid
1899 3887 1937 3929 a
1965 3870 2152 3939 nobis,

482 3956 672 4039 (quasi
699 3971 776 4014 ea:
799 3957 1099 4029 nobis,sed
1123 3958 1466 4030 sufﬁcienta
1487 3966 1695 4018 nostra
1723 3977 1800 4019 ex
1827 3964 1947 4018 Deo
1969 3966 2053 4019 est
2075 3961 2163 4032 (II

497 4041 637 4101 Cor.
668 4059 750 4112 ιιι,
776 4044 853 4118 5).
886 4047 954 4101 Et
1000 4044 1118 4102 alio
1149 4045 1321 4103 loco:
1364 4047 1446 4104 Et
1492 4050 1699 4120 gratia
1746 4052 1897 4120 ejus,
1939 4048 2153 4122 inquit,

496 4132 561 4187 in
588 4146 682 4188 me
704 4146 895 4190 vacua
924 4149 1043 4190 non
1063 4134 1202 4207 fuit,
1228 4135 1331 4193 sed
1350 4137 1495 4207 plus
1524 4137 1649 4194 illis
1691 4138 1961 4194 omnibus
1995 4138 2156 4194 labo-

497 4221 638 4281 ravi
653 4237 667 4277 :
691 4237 811 4277 non
832 4228 1029 4279 autem
1058 4237 1186 4295 ego,
1216 4225 1320 4282 sed
1334 4226 1538 4297 gratia
1565 4227 1676 4281 Dei
1695 4242 1922 4283 mecum
1948 4229 1989 4295 (l
2014 4226 2150 4283 Cor.

497 4324 594 4381 xv,
629 4310 736 4387 l0).
770 4311 943 4377 Quod
968 4311 1172 4385 ipsum
1203 4314 1328 4369 suis
1346 4312 1719 4371 auditoribus
1735 4312 2037 4370 humiliter
2056 4328 2157 4368 co-

848 4372 1095 4458 sedulus
1121 4400 1416 4470 inculcat;
1449 4401 1611 4458 unde
1641 4406 1730 4458 est
1773 4401 1958 4459 illud:
2003 4403 2154 4459 Cum
2194 4372 2236 4426 θ

497 4496 659 4549 metu
679 4496 735 4549 et
766 4496 1021 4550 tremore
1042 4496 1297 4548 vestram
1325 4492 1581 4550 salutem
1604 4494 1971 4563 operamini:
1995 4494 2156 4549 Deus

498 4588 586 4641 est
604 4584 761 4641 enim
789 4584 897 4655 qui
921 4586 1209 4654 cperatur
1234 4583 1300 4638 in
1325 4582 1487 4640 vobis
1516 4589 1569 4640 et
1613 4584 1764 4641 velle
1793 4589 1847 4641 et
1873 4585 2158 4656 perﬁcere

492 4687 610 4743 pro
640 4672 795 4731 bona
812 4673 1124 4730 voluntate
1153 4670 1397 4744 (Philip.
1425 4687 1488 4738 ιι,
1528 4677 1612 4741 l2,
1641 4672 1749 4745 13).
1776 4675 1924 4730 Cum
1953 4678 2153 4730 autem

500 4760 749 4818 dixisset
803 4760 1171 4833 evangelista
1215 4777 1328 4818 nos
1383 4777 1596 4819 omnes
1647 4761 1723 4818 de
1788 4761 2155 4835 plenitudine

502 4849 715 4907 Christi
743 4852 1065 4924 accepisse,
1098 4850 1414 4908 confestim
1458 4852 1771 4924 subjunxit
1801 4856 1858 4909 et
1882 4852 1981 4918 ait,
2012 4867 2154 4923 gra-

506 4937 651 4997 tiam
673 4952 789 5007 per
806 4941 1031 5010 gratia.
1062 4940 1376 4997 Geminam
1402 4956 1547 5012 ergo
1577 4958 1689 4997 nos
1710 4942 1965 5012 gratiam
1994 4957 2158 4999 acce-

501 5024 668 5099 pisse
696 5027 963 5098 testatur,
988 5043 1178 5085 unam
1207 5028 1481 5088 videlicet
1508 5030 1570 5087 in
1599 5030 2155 5104 prtesenti,alteram

502 5130 644 5175 vero
663 5115 729 5172 in
752 5113 952 5173 futuro
976 5133 989 5171 :
1016 5115 1079 5172 in
1105 5119 1387 5190 praesenti
1402 5119 1652 5192 quidem
1668 5119 1873 5186 ﬁdem,
1895 5133 2027 5188 quae
2043 5134 2157 5188 per

503 5205 879 5267 dilectionem
905 5209 1210 5276 operatur,
1241 5206 1304 5261 in
1325 5204 1525 5263 futuro
1555 5211 1755 5263 autem
1790 5207 1972 5262 vitam
1993 5211 2157 5263 aeter-

501 5313 668 5359 nam.
709 5294 877 5352 Fides
897 5294 1143 5367 quippe,
1167 5310 1298 5366 quae
1316 5311 1429 5365 per
1452 5296 1827 5353 dilectionem
1849 5301 2151 5364 operatur,

504 5385 695 5457 gratia
718 5383 822 5441 Dei
851 5387 963 5454 est,
986 5382 1110 5457 qui,
1164 5386 1228 5440 ut
1259 5385 1598 5455 credamus,
1633 5388 1696 5440 ut
1716 5383 2058 5453 diligamus,
2092 5388 2157 5441 ut

505 5489 827 5549 operemur
844 5474 1010 5531 bona
1036 5490 1172 5547 quae
1194 5475 1491 5540 novimus,
1516 5489 1639 5527 non
1668 5473 1799 5528 ullis
1822 5473 2155 5545 praeceden-

504 5564 667 5623 tibus
691 5563 916 5621 meritis
953 5564 1193 5635 nostris,
1243 5561 1349 5618 sed
1376 5561 1510 5636 ipso
1552 5561 1860 5632 largiente,
1901 5562 2153 5636 percipi-

502 5670 663 5727 mus,
686 5654 795 5731 qui
817 5653 994 5717 dicit:
1019 5655 1156 5714 Non
1187 5668 1287 5711 vos
1311 5668 1403 5711 me
1430 5651 1709 5725 elegistis,
1751 5652 1854 5709 sed
1871 5668 1975 5724 ego
2000 5655 2156 5723 elegi

2246 1905 2604 1973 ostenderet,
2639 1906 2757 1962 ait:
2791 1907 2907 1974 Qui
2934 1909 3185 1962 coronat
3242 1907 3369 1962 tein
3399 1904 3780 1960 miseratione
3829 1909 3889 1960 et

2246 1996 2656 2053 misericordia
2681 1996 2807 2065 (Ps.
2838 2011 2929 2063 cu,
2961 1997 3127 2061 1-).ln
3151 1992 3547 2050 misericordia
3572 1993 3815 2065 quippe
3847 1995 3907 2047 et

2248 2085 2628 2142 miseratione
2682 2101 2795 2142 nos
2848 2090 3097 2141 coronat
3141 2083 3391 2156 quando
3436 2087 3684 2156 propter
3742 2081 3905 2138 bona

2248 2190 2436 2248 opera
2486 2192 2621 2249 quin
2672 2174 2849 2232 nobis
2888 2175 3016 2248 ipse
3057 2174 3518 2230 misericorditer
3568 2172 3909 2229 exercenda

2250 2263 2516 2332 donavit,
2567 2280 2839 2337 supernas
2868 2263 3255 2320 beatitudinis
3283 2261 3540 2335 praemia
3594 2260 3903 2327 retribuit;

2254 2359 2309 2409 et
2337 2354 2453 2410 hoc
2479 2359 2572 2411 est
2599 2353 2763 2426 quod
2807 2353 3025 2409 dicitur
3044 2354 3316 2424 accipere
3353 2367 3460 2409 nos
3498 2353 3777 2423 gratiam
3803 2366 3904 2421 pro

2254 2446 2494 2514 gratia:
2527 2442 2672 2516 quia
2698 2443 2986 2499 nimirum
3014 2457 3125 2515 pro
3155 2440 3351 2511 gratia
3378 2440 3559 2497 bona;
3584 2455 3899 2496 conversa-

2256 2532 2431 2587 tionis
2458 2548 2646 2604 quam
2676 2530 2858 2597 dedit,
2887 2536 2944 2587 et
2980 2546 3056 2587 ne
3084 2529 3337 2586 deﬁcere
3404 2530 3597 2603 possit
3639 2528 3779 2604 ipse
3803 2544 3903 2585 ser-

2254 2636 2402 2676 vans
2432 2620 2700 2691 adjuvat,
2726 2619 2897 2677 dabit
2920 2619 3174 2690 gratiam
3193 2619 3386 2675 beatae
3403 2618 3889 2676 remunerationis

2254 2711 2314 2765 in
2345 2725 2467 2782 qua
2496 2709 2940 2765 misericordias
2970 2709 3099 2781 ejus
3141 2707 3202 2765 in
3233 2712 3549 2775 aeternum,
3574 2713 3893 2764 cantemus.

2258 2798 2521 2869 Denique
2543 2797 2871 2871 Apostolus
2911 2798 3105 2870 ipsam
3147 2797 3280 2853 vita:
3310 2800 3544 2853 internas
3585 2795 3902 2870 perceptio-

2253 2903 2416 2953 nem,
2455 2905 2593 2961 quae
2616 2887 2817 2961 utique
2844 2888 3070 2943 meritis
3093 2886 3577 2960 praecedentibus
3618 2886 3903 2957 redditur,

2256 2977 2509 3047 gratiam
2536 2992 2754 3034 vocare
2785 2992 2909 3032 non
2937 2976 3267 3033 dubitavit:
3298 2976 3571 3048 quicum
3591 2975 3908 3049 praemisis-

2256 3070 2345 3123 set
2371 3066 2729 3136 stipendium
2758 3067 2993 3136 peccati
3014 3081 3144 3121 esse
3191 3068 3447 3120 mortem
3487 3065 3675 3136 (Rom.
3709 3080 3763 3129 v,
3798 3063 3897 3134 l3),

2256 3155 2446 3211 noluit
2488 3154 2822 3212 ccontrario
2848 3154 3047 3211 dicere
3078 3153 3442 3227 stipendium
3497 3153 3736 3225 justiﬁes
3771 3166 3897 3207 esse

2256 3245 2443 3302 vitam
2485 3250 2794 3312 aeternam,
2855 3244 2963 3300 sed
3012 3243 3112 3311 ait,
3144 3244 3350 3315 gratia
3405 3248 3609 3300 autem
3640 3244 3749 3299 Dei
3783 3244 3908 3298 vita

2258 3342 2482 3392 aeterna
2508 3336 2570 3392 in
2596 3335 2835 3392 Christo
2855 3335 2993 3391 Jesu
3018 3335 3271 3391 Domino
3297 3339 3506 3390 nostro
3542 3334 3768 3405 (Ibid);
3792 3347 3914 3389 non

2258 3422 2403 3495 quia
2430 3438 2554 3479 non
2570 3424 2732 3495 juste
2762 3423 2989 3479 meritis
3022 3423 3198 3479 bonis
3238 3438 3275 3479 a
3298 3422 3463 3493 justo
3482 3421 3692 3493 judice
3718 3422 3913 3483 datur.

2260 3511 2364 3567 sed
2401 3512 2545 3585 quia
2568 3512 2704 3586 ipsa
2732 3513 2947 3569 merita
2975 3511 3203 3585 quibus
3258 3510 3498 3579 dantur,
3531 3511 3736 3583 primo
3782 3515 3921 3567 sunt

2261 3601 2444 3671 gratis
2465 3616 2502 3657 a
2530 3601 2630 3674 pio
2660 3601 2963 3659 Salvatore
2987 3601 3255 3674 donata.]

2331 3691 2367 3758 ῒ
2387 3692 2700 3762 Gregorius
2729 3693 2789 3748 in
2820 3691 3163 3760 Moralibus,
3194 3691 3436 3748 lib.xxu
3466 3690 3624 3763 (cap.
3648 3690 3733 3762 5):
3753 3689 3924 3761 [San-

2263 3780 2341 3836 cti
2361 3784 2559 3837 autem
2592 3780 2704 3837 viri
2734 3781 2930 3838 sciunt
2957 3784 3096 3852 post
3124 3779 3304 3853 primi
3359 3779 3629 3853 parentis
3674 3778 3923 3853 lapsum

2264 3869 2337 3925 de
2370 3868 2741 3942 corruptibili
2794 3869 2976 3941 stirpe
3009 3885 3071 3925 se
3115 3868 3406 3935 conditos,
3440 3873 3498 3924 et
3536 3883 3662 3923 non
3704 3866 3928 3922 virtute

2264 3958 2531 4032 propria,
2563 3958 2671 4014 sed
2699 3957 3096 4030 praeveniente
3126 3972 3390 4031 superna
3420 3957 3615 4027 gratia
3671 3956 3751 4012 ad
3800 3973 3928 4012 me-

2264 4047 2416 4104 liora
2445 4063 2507 4104 se
2538 4053 2680 4104 vota
2698 4046 2793 4103 vel
2826 4062 3013 4119 opera
3042 4050 3479 4103 commutatos:
3513 4049 3573 4102 et
3617 4043 3931 4118 quidquid

2266 4136 2381 4192 sibi
2401 4134 2546 4191 mali
2573 4128 2768 4192 inesse
2789 4139 3182 4205 cognoscunt,
3210 4134 3286 4191 de
3326 4132 3566 4190 mortali
3631 4133 3930 4206 propagi-

2268 4239 2341 4279 ne
2373 4224 2632 4279 sentiunt
2673 4224 2990 4292 meritum;
3043 4222 3343 4296 quidquid
3389 4238 3532 4279 vero
3568 4222 3629 4278 in
3680 4235 3741 4276 se
3776 4220 3933 4277 boni

2268 4312 2616 4385 inspiciunt,
2643 4312 3000 4370 immortalis
3027 4312 3233 4383 gratias
3267 4316 3639 4382 cognoscunt
3660 4309 3932 4375 donum,

2268 4400 2442 4473 eique
2473 4399 2549 4456 de
2577 4404 2823 4472 accepto
2870 4417 3120 4457 munere
3165 4399 3463 4457 debitores
3506 4398 3675 4463 ﬁunt,
3725 4397 3848 4469 qui
3882 4402 3936 4452 et

2264 4488 2687 4562 praeveniendo
2714 4487 2878 4545 dedit
2913 4489 2998 4546 eis
3022 4489 3253 4546 bonum
3312 4487 3454 4544 velle
3503 4485 3664 4560 quod
3710 4485 3937 4542 nolue-

2263 4583 2416 4651 rant,
2448 4583 2505 4635 et
2531 4578 2956 4652 subsequendo
2983 4577 3278 4635 concessit
3293 4577 3525 4634 bonum
3551 4589 3726 4649 posse
3745 4575 3932 4646 quod

2264 4669 2517 4741 volunt.]
2549 4669 2583 4735 ’ῒ
2605 4669 2742 4725 Haec
2774 4673 2858 4726 tot
2886 4673 3311 4742 tantorumque
3342 4665 3658 4723 doctorum
3699 4669 3935 4733 agente

2265 4759 2325 4815 in
2356 4759 2440 4815 eis
2477 4758 2888 4816 incunctanter
2918 4757 3134 4832 Spiritu
3182 4760 3389 4813 sancto
3446 4752 3935 4811 concordissima

2263 4849 2482 4905 veritas
2513 4848 3019 4921 veracissimaque
3049 4845 3376 4903 concordia
3404 4843 3814 4900 conﬁrmatur
3848 4842 3934 4899 ni-

2263 4937 2585 4994 hilominus
2612 4938 2792 4994 totius
2812 4940 3034 4994 sanctae
3066 4936 3376 4994 catholicis
3408 4932 3681 4991 Ecclesia:
3699 4932 3935 4991 humil-

2261 5026 2407 5084 lima
2435 5026 2905 5100 ﬁdelissimaque
2938 5042 3008 5083 ac
3042 5026 3172 5096 jugi
3204 5024 3509 5098 petitione,
3539 5039 3674 5096 quae
3703 5021 3772 5077 in
3805 5038 3937 5096 pre-

2263 5117 2434 5173 cibus
2467 5118 2719 5174 Domino
2750 5132 2873 5173 non
2898 5120 3097 5173 cessat
3133 5115 3420 5173 continuo
3451 5112 3801 5186 supplicare
3856 5112 3937 5169 di-

2264 5221 2442 5262 cens:
2473 5229 2501 5254 «
2533 5207 2707 5272 Deus,
2729 5207 2832 5278 qui
2863 5221 3075 5262 omnes
3097 5204 3160 5261 in
3191 5204 3419 5261 Christo
3448 5206 3688 5260 renatos
3727 5215 3935 5269 genus

2263 5295 2493 5365 regium
2546 5300 2604 5351 et
2636 5294 3001 5351 sacerdotale
3052 5293 3261 5364 fecisti,
3307 5294 3386 5350 da
3445 5291 3618 5348 nobis
3656 5289 3823 5347 velle
3882 5294 3935 5346 et

2262 5400 2443 5456 posse
2472 5399 2606 5455 qum
2638 5383 2932 5454 praecipis,
2952 5387 3015 5438 ut
3034 5382 3263 5456 populo
3290 5381 3368 5438 ad
3399 5380 3793 5437 aeternitatem
3831 5395 3931 5435 vo-

2264 5478 2398 5528 cato
2424 5490 2545 5529 una
2578 5474 2647 5529 sit
2678 5474 2827 5529 ﬁdes
2886 5473 3161 5530 sordium
3201 5478 3258 5529 et
3295 5472 3484 5545 pietas
3529 5471 3870 5527 actionum.
3902 5494 3925 5517 με

2264 5562 2334 5617 Et
2357 5562 2540 5618 item:
2598 5590 2624 5612 «ς
2680 5564 2917 5633 Largire
2974 5563 3168 5631 nobis,
3218 5562 3488 5623 Domine.
3541 5576 3924 5633 quaesumus,

2265 5667 2504 5723 semper
2541 5651 2815 5725 spiritum
2844 5651 3145 5722 cogitandi
3174 5668 3313 5725 quae
3357 5654 3516 5709 recta
3541 5652 3682 5706 sunt
3719 5647 3928 5721 propi-
