4112 6184
256 180 278 231 1
295 174 402 231 077

1195 183 1278 236 EE
1319 177 1991 237 PRAEDESTINATIONE
2033 177 2310 233 CONTRA
2348 179 2399 233 J.
2441 177 2735 235 SCOTUM.

3491 250 3501 262 χ
3531 179 3668 236 107s

250 300 367 354 tius
396 302 450 354 et
491 299 729 365 agendi,
767 303 828 356 ut
859 302 962 373 qui
990 301 1117 357 sine
1159 307 1212 358 te
1243 319 1372 359 esse
1404 319 1528 360 non
1560 320 1904 377 possumus,
1937 308 1979 358 A
2013 299 2399 372 impudentiae
2432 305 2730 375 portenta,
2771 302 3020 371 juvante
3079 299 3356 372 Domino,
3412 300 3677 360 videnda

245 387 583 443 secundum
613 392 667 444 te
691 390 882 446 vivere
897 391 1229 448 valeamus.
1267 417 1294 441 »
1321 399 1461 449 Item
1488 411 1500 448 :
1537 417 1562 442 ‹‹
1595 395 1771 460 Deus,
1805 393 1909 465 qui

240 476 543 532 hodierna
568 477 662 533 die
689 494 796 551 per
828 479 1204 550 Unigenitum
1230 487 1400 538 tuum
1428 483 1768 540 aeternitatis
1799 497 1907 536 no-

238 566 338 622 bis
354 566 586 623 aditum
603 568 833 625 devicta
851 573 1039 627 morte
1055 573 1352 641 reserasti,
1373 578 1512 630 vota
1526 579 1753 642 nostra,
1773 587 1907 645 quae

241 655 594 728 praeviendo
623 658 873 731 aspiras,
903 659 1081 716 etiam
1106 661 1456 734 adjuvando
1486 677 1905 736 prosequere.»

239 746 407 802 Unde
429 751 748 803 etsanctus
771 749 1154 807 Innocentius
1185 753 1265 809 ad
1289 752 1463 808 Afros
1497 753 1814 826 episcopos
1846 752 1906 806 in

237 837 811 893 condemnationem
866 838 1165 910 Pelagiani
1204 843 1417 896 erroris
1453 842 1738 909 scribens,
1772 857 1905 913 pre-

237 943 341 982 ces
374 929 659 983 Romana:
696 929 968 986 Ecclesiae
1021 931 1276 1000 gratiam
1324 933 1426 988 Dei
1475 948 1690 988 sonare
1743 931 1901 987 dicit.

239 1021 552 1087 Consurge
581 1033 744 1074 nunc
778 1020 1086 1076 Lernazum
1133 1026 1493 1084 monstrum,
1549 1026 1606 1076 et
1626 1026 1728 1077 tuo
1753 1035 1903 1093 qua-

235 1105 452 1162 druvio
479 1106 663 1162 ﬁdem
687 1111 865 1180 atque
896 1108 1295 1166 humilitatem
1329 1111 1506 1166 totius
1555 1110 1717 1166 orbis
1769 1109 1904 1164 des-

236 1199 390 1264 true,
423 1195 708 1250 utnullus
742 1201 796 1252 te
824 1197 1178 1269 prohibente
1209 1199 1428 1255 audeat
1472 1199 1709 1254 credere
1741 1197 1904 1270 quod

234 1284 401 1358 petit,
435 1289 539 1340 aut
568 1284 870 1342 humiliter
915 1292 1114 1360 petere
1144 1288 1309 1362 quod
1369 1290 1651 1346 veraciter
1697 1289 1902 1344 credit.

235 1373 388 1430 Inﬂa
418 1378 609 1430 utrem
635 1375 719 1432 tui
746 1376 994 1446 arbitrii,
1028 1383 1091 1434 ut
1115 1395 1365 1435 evacues
1388 1380 1642 1449 gratiam
1663 1377 1902 1436 Christi,

228 1481 418 1538 quem
443 1463 788 1538 impugnas,
811 1483 994 1540 quem
1015 1469 1410 1542 persequeris,
1445 1469 1616 1540 cujus
1644 1469 1899 1539 gratiam

229 1559 497 1610 evertere
530 1556 788 1611 conaris.
852 1561 1074 1629 Nempe
1117 1557 1273 1613 illius
1315 1560 1416 1632 qui
1465 1559 1643 1615 Saulo
1691 1559 1892 1614 adhuc

2021 396 2412 448 transeamus.

2694 517 2928 574 CAPUT
2966 519 3011 569 V

2015 661 2101 716 De
2129 675 2192 716 eo
2239 661 2397 731 quod
2443 661 2826 730 prtescientia
2873 665 2927 716 et
2978 659 3514 730 prmdestinatione
3563 661 3674 718 Dei

2123 765 2290 804 nemo
2317 751 2698 819 compellitur
2725 765 2824 806 seu
2855 751 2996 806 bene
3019 764 3120 804 seu
3150 751 3308 805 male
3332 750 3553 818 facere.

2087 840 2222 893 Post
2245 837 2373 893 haec
2421 839 2631 910 quinto
2670 839 3188 912 blasphemiarum
3217 842 3458 894 tuarum
3508 842 3673 895 torno

2012 927 2219 982 iterata
2248 926 2486 999 repetis,
2518 931 2575 982 et
2621 929 2868 1000 repetita
2896 927 3259 983 fastidiosius
3308 927 3518 983 iterare
3549 945 3671 999 non

2013 1015 2256 1086 desinis,
2290 1032 2454 1072 more
2483 1017 2771 1072 nimirum
2795 1016 2953 1072 illius
2969 1017 3073 1089 qui
3103 1016 3248 1082 Elin,
3275 1019 3379 1089 qui
3406 1018 3672 1090 nonipse

2013 1104 2257 1176 quidem
2283 1110 2543 1160 meretur
2569 1121 2603 1160 a
2662 1105 2915 1161 Domino
2964 1105 3155 1176 argui,
3191 1106 3297 1161 sed
3354 1105 3428 1162 de
3487 1123 3558 1162 eo
3592 1107 3668 1163 ad

2014 1193 2260 1250 beatum
2291 1195 2406 1249 Job
2435 1194 2650 1251 dicitur
2682 1214 2693 1251 :
2727 1196 2868 1262 Quis
2886 1201 2970 1251 est
2987 1196 3090 1251 ille
3118 1197 3424 1252 involvens
3445 1203 3672 1253 senten-

2014 1285 2128 1339 tias
2155 1285 2521 1340 sermonibus
2546 1286 2836 1354 imperitis
2895 1285 3048 1355 (Job.
3090 1300 3327 1352 xxxvm,
3369 1289 3450 1353 2.)
3497 1286 3671 1352 Quod

2012 1387 2151 1427 cum
2199 1388 2410 1428 cavere
2457 1374 2915 1445 pernecessario
2981 1373 3324 1441 debuisses,
3405 1375 3671 1430 maluisti

2011 1461 2382 1534 multiloquis
2443 1469 2822 1532 arrogantius
2866 1461 3155 1518 incubare
3202 1478 3389 1535 quam
3437 1463 3667 1520 veritati

2008 1551 2342 1624 purissima
2390 1552 2656 1607 tenacius
2704 1552 3007 1608 inhaerere.
3069 1552 3222 1606 Dicis
3269 1553 3430 1608 enim
3491 1568 3668 1622 argu-

228 1643 595 1716 praetumido
671 1645 891 1702 caelesti
955 1647 1215 1702 tonitrua
1275 1647 1660 1720 increpitans,
1707 1647 1894 1703 dixit;
1931 1671 1970 1724 Β
2011 1643 2212 1696 mento
2272 1641 2646 1713 praescientia
2678 1641 2774 1697 Dei
2825 1639 3348 1714 praedestinatione
3379 1641 3507 1712 ejus
3535 1656 3669 1714 pec-

227 1733 367 1804 Ego
385 1749 511 1789 sum
522 1734 689 1790 Jesus
701 1736 1248 1808 Nazarenus,quem
1269 1743 1333 1793 tu
1363 1739 1754 1809 persequeris.
1767 1739 1891 1793 Du-

227 1837 372 1878 rum
420 1828 501 1879 est
560 1823 671 1880 tibi
706 1831 920 1882 contra
977 1827 1287 1882 stimulum
1345 1828 1668 1884 calcitrare
1724 1829 1877 1897 (Act.

234 1925 318 1979 ut,
350 1912 427 1978 5).

305 2017 588 2077 Finxeras
618 2021 784 2078 initio
812 2021 996 2094 hujus
1024 2023 1434 2080 venenivomae
1456 2028 1572 2080 tuae
1585 2023 1895 2098 perioches

235 2110 391 2180 (cap.
423 2111 478 2176 4,
506 2127 566 2166 n.
591 2115 678 2168 29.
703 2117 841 2169 sect.
879 2113 923 2170 l)
955 2111 1132 2168 trium
1171 2113 1477 2169 haereseon
1499 2113 1892 2181 diversitates,

237 2213 494 2270 quarum
525 2199 786 2272 primam
823 2201 1224 2272 Pelagianam,
1279 2203 1617 2260 secundam
1667 2206 1894 2260 Gottes-

230 2283 586 2344 chalcanam
611 2305 1097 2363 nuncupaveras,
1135 2292 1365 2347 tertiam
1393 2291 1622 2366 absque
1653 2297 1893 2348 auctore

228 2378 287 2431 et
307 2376 553 2434 nomine
583 2379 991 2452 interponens,
1043 2397 1230 2454 quam
1259 2381 1348 2437 vel
1379 2383 1642 2437 maxime
1672 2383 1732 2437 in
1755 2397 1893 2454 pro-

225 2479 403 2520 cessu
431 2465 621 2539 ipsius
649 2483 1002 2540 oppugnare
1031 2471 1418 2542 pervicaciter
1448 2487 1571 2526 non
1593 2469 1890 2552 destitisti,

222 2571 415 2629 quam
445 2571 556 2612 nos
591 2572 982 2631 nequaquam
1013 2559 1308 2628 haeresim,
1345 2563 1450 2616 sed
1478 2560 1662 2616 ﬁdem
1691 2559 1892 2616 catho-

219 2642 403 2701 licam
433 2647 490 2702 et
517 2647 843 2703 asserimus
867 2652 927 2704 at
955 2648 1316 2722 probamus,
1357 2650 1607 2706 fatentes
1638 2649 1892 2705 veracis-

224 2733 376 2790 sime
406 2741 462 2792 et
487 2737 964 2794 constantissime
995 2738 1280 2796 divinitus
1303 2740 1479 2796 nobis
1510 2739 1887 2796 voluntatem

221 2821 371 2880 boni
421 2825 623 2898 gratis,
677 2823 739 2881 id
771 2830 858 2883 est
897 2843 1021 2883 non
1051 2829 1420 2885 merentibus
1449 2845 1557 2884 nec
1591 2827 1887 2884 ullatenus

221 2911 606 2981 habentibus,
655 2913 806 2978 dari,
862 2917 1231 2989 perindeque
1285 2917 1564 2990 adjuvari
1613 2921 1678 2973 ut
1721 2915 1888 2990 quod

222 3001 355 3072 ejus
388 3002 775 3076 inspiratione
826 3005 981 3061 bene
1031 3006 1306 3062 volumus
1355 3007 1540 3079 ipsius
1587 3005 1886 3076 adjutorio
1926 3037 1965 3091 (η
1996 3001 2332 3073 δυξ¹¹¹ξ⁷¹¹ἦ⁸ι⁰
2366 3001 2545 3073 υξ¹ἷ³δ¹
2576 3001 2710 3030 ’(⁸⁵ίύ
2732 3001 3179 3046 αωιίωδιίυαω
3217 3001 3656 3070 ιδω,“⁶¹¹¹⁶¹“¹³

231 3090 385 3135 bene
417 3108 738 3135 nnprnmnr
796 3095 1066 3135 hnnannn
1097 3096 1479 3135 norﬁninmnc
1543 3111 1661 3135 nnn
1697 3112 1766 3135 ργ
1796 3097 1884 3135 vi-
1953 3073 1966 3092 ⁴
1993 3079 2177 3120 θ’ΠῙῘΠῙ
2210 3067 2302 3130 Slt,
2331 3079 2436 3135 qm
2461 3063 2522 3118 1d
2548 3078 2769 3132 negare
2795 3067 3145 3134 pr$sumatr
3175 3067 3281 3118 aut
3309 3061 3495 3116 libros
3525 3077 3656 3116 me“

2288 3105 2302 3130 ν
2331 3105 2436 3131 ‘iu‘
2461 3105 2522 3118 “"
2548 3105 2769 3131 ““D‘u'v
2796 3105 3145 3131 Y‘w"“"‘“',

228 3090 385 3147 bene
417 3108 758 3164 operemur,
792 3095 1068 3169 beneque
1097 3096 1500 3168 perﬁciamus,
1542 3111 1664 3152 non
1697 3112 1769 3151 ex
1796 3097 1884 3151 vi-

221 3179 378 3236 tiatas
409 3186 635 3238 natura;
657 3183 819 3239 bono
850 3184 912 3240 id
941 3185 1338 3258 possidentes,
1374 3185 1479 3242 sed
1509 3201 1580 3241 ex
1604 3184 1883 3240 indebita;

227 3269 432 3338 gratia:
462 3269 620 3327 dono
651 3278 1102 3347 consequentes.
1137 3274 1539 3330 Praevenimur
1567 3273 1729 3330 enim
1780 3275 1882 3330 Dei

230 3357 443 3424 gratia,
479 3362 537 3415 ut
566 3359 713 3417 bene
763 3362 1036 3432 velimus,
1089 3363 1522 3437 subsequimur
1551 3378 1626 3418 ne
1656 3362 1880 3418 frustra

226 3444 479 3502 velimus
513 3466 525 3503 :
560 3455 838 3508 canentes
864 3453 1118 3510 Domino
1137 3469 1277 3509 cum
1329 3452 1648 3509 Psalmista
1676 3469 1688 3506 :
1720 3453 1876 3508 Deus

216 3553 403 3604 meus,
425 3540 833 3597 misericordia
853 3545 981 3611 ejus
1005 3545 1324 3612 praeveniet
1349 3559 1436 3600 me
1459 3544 1739 3614 (Ps.Lvm
1753 3542 1795 3606 ,l
1813 3541 1881 3612 l),

217 3629 696 3686 etmisericordia
713 3642 815 3687 tua
834 3633 1224 3704 subsequetur
1242 3650 1332 3690 me
1351 3633 1664 3690 omnnibus
1681 3633 1884 3689 diebus

218 3717 354 3772 vita?
382 3733 524 3774 mea:
554 3719 676 3791 (Ps.
712 3737 854 3788 xxu,
889 3725 963 3792 6).
1004 3721 1118 3777 Nisi
1152 3721 1297 3778 forte
1326 3729 1387 3778 tu
1417 3723 1582 3778 solus
1627 3722 1884 3778 auctori-

215 3812 398 3862 tatem
454 3809 800 3881 apostolicze
861 3811 1019 3867 sedis
1089 3828 1408 3879 evacuans,
1498 3811 1884 3868 concordiam

218 3895 396 3952 totius
454 3899 670 3954 mundi
727 3901 1004 3972 pestifere
1054 3901 1376 3974 dissipans,
1430 3915 1643 3956 omnes
1692 3916 1886 3956 sacra-

218 3992 557 4042 mentorum
591 3988 827 4044 codices
849 3994 952 4046 aut
976 3990 1142 4046 eradi
1173 3996 1277 4046 aut
1305 3989 1650 4057 oblitterari,
1675 4004 1888 4044 censor

213 4075 687 4147 potentissimus,
707 4078 1027 4149 judicabis,
1056 4084 1269 4135 etcum
1292 4078 1647 4133 Antichristo
1677 4081 1887 4133 contra

215 4165 405 4219 Deum
432 4163 686 4221 deorum
716 4166 1072 4239 loquens,in
1103 4166 1324 4239 templo
1350 4168 1446 4221 Dei
1469 4165 1675 4222 sedere
1706 4181 1887 4222 cona-

210 4251 371 4307 beris
400 4256 691 4326 tanquam
715 4255 960 4311 sitDeus
991 4257 1080 4323 ([1
1114 4257 1310 4312 Thess.
1343 4272 1402 4316 ιι,
1436 4257 1512 4322 4).
1549 4253 1702 4322 Quid
1724 4254 1885 4310 enim

215 4345 334 4398 Deo
363 4341 673 4415 relinquis,
708 4345 818 4418 qui
855 4345 957 4401 tibi
990 4361 1024 4402 a
1053 4349 1106 4402 te
1129 4346 1280 4402 velle
1316 4345 1609 4416 contingis
1634 4345 1664 4401 τ
1689 4345 1801 4402 Sed
1823 4349 1886 4401 tu

215 4431 512 4487 miriﬁcus
560 4432 982 4490 haereticorum
1033 4435 1384 4503 debellator,
1420 4437 1499 4491 ita
1538 4433 1886 4504 Pelagianos

215 4522 509 4590 confutas,
545 4527 608 4578 ut
639 4529 838 4580 tamen
869 4525 996 4597 ipse
1029 4525 1380 4595 Pelagianos
1402 4539 1530 4581 esse
1561 4524 1882 4580 convinca-

215 4609 320 4666 ris.
356 4611 465 4676 Qui
488 4611 570 4667 sic
603 4628 788 4669 unam
815 4619 1048 4686 partem
1072 4614 1529 4684 Pelagianorum
1550 4613 1882 4693 detestaris,

219 4703 284 4753 ut
315 4699 564 4756 alteram
595 4703 954 4758 conﬁrmare
991 4702 1188 4759 modis
1219 4703 1504 4758 omnibus
1527 4700 1885 4772 comprobe-

220 4787 336 4841 ris:
370 4805 507 4845 nam
535 4789 795 4846 dicendo
825 4807 938 4848 nos
968 4793 1200 4865 absque
1231 4792 1332 4847 Dei
1364 4790 1559 4862 gratia
1610 4790 1774 4845 bona
1802 4791 1889 4852 in-

216 4877 454 4946 choare,
490 4880 576 4936 vel
607 4897 805 4952 agere,
833 4882 926 4938 vel
980 4883 1263 4956 perﬁcere
1294 4881 1638 4937 nullatenus
1681 4896 1882 4952 posse,

210 4966 530 5024 nobiscum
564 4969 915 5039 PelagianOS
943 4969 1159 5027 refellis
1192 4986 1260 5026 ac
1295 4969 1549 5042 proteris
1576 4988 1587 5025 :
1623 4967 1882 5026 dicendo

210 5071 354 5112 vero
410 5057 559 5114 velle
615 5058 795 5114 nobis
853 5060 1175 5116 essentiam
1228 5074 1376 5124 esse,
1428 5057 1639 5132 procul
1693 5059 1880 5115 dubio

210 5144 562 5216 Pelagianos
610 5147 795 5216 foves,
831 5149 960 5222 quis
990 5150 1049 5205 in
1077 5153 1308 5206 tantum
1355 5150 1428 5206 de
1457 5155 1687 5207 naturae
1712 5151 1877 5207 bono

210 5235 640 5304 intumuerant,
676 5241 740 5293 ut
765 5243 824 5294 et
847 5237 996 5294 velle
1022 5244 1079 5294 et
1101 5255 1278 5311 posse
1311 5237 1424 5294 sibi
1449 5255 1693 5312 suaeque
1713 5242 1873 5311 pote-

211 5324 344 5382 stati
372 5326 758 5396 ascriberent,
781 5341 978 5398 neque
999 5344 1071 5382 ex
1093 5330 1360 5400 gratuitae
1383 5329 1580 5399 gratiae
1602 5327 1872 5396 largitate

210 5413 270 5468 id
291 5430 353 5470 se
379 5414 668 5488 consequi
692 5415 1138 5484 conﬁrmarent,
1169 5417 1390 5489 quibus
1413 5422 1466 5472 te
1495 5415 1873 5488 pertinaciter

211 5505 485 5561 assentiri
517 5505 716 5561 nullus
748 5505 852 5578 qui
875 5521 944 5562 ea
961 5523 1096 5579 qua:
1119 5506 1428 5579 praemissa
1460 5509 1598 5561 sunt
1622 5505 1872 5561 ﬁdeliter

210 5595 726 5670 intelligenterque
751 5598 912 5670 legit,
933 5597 1149 5671 poterit
1163 5598 1460 5666 ignorare.
1488 5597 1707 5652 Verum
1729 5595 1873 5668 quia

213 5684 400 5741 dehis
425 5685 568 5744 satis
599 5701 732 5744 esse
752 5690 1063 5760 putamus,
1096 5686 1172 5744 ad
1204 5689 1413 5743 caetera
1457 5699 1579 5742 non
1623 5685 1869 5742 minoris

2009 1733 2142 1785 cata
2170 1745 2288 1785 non
2322 1729 2496 1799 efﬁci,
2540 1729 2812 1786 videlicet
2833 1734 2898 1786 ut
2944 1729 3467 1803 quemadmodum
3519 1746 3668 1803 pras-

2007 1818 2251 1874 scientia
2281 1818 2380 1873 Dei
2410 1823 2657 1891 peccata
2685 1834 2821 1890 quae
2859 1819 3143 1890 praeserit,
3172 1818 3302 1874 ﬁeri
3328 1834 3452 1874 non
3484 1819 3665 1889 cogit,

2001 1907 2083 1963 ita
2111 1907 2241 1978 ejus
2270 1906 2710 1980 praedestinatio
2731 1911 2979 1979 peccata
3005 1923 3141 1980 quae
3171 1923 3486 1980 nunquam
3515 1924 3667 1980 pras-

2002 1995 2280 2062 destinat,
2303 1995 2429 2052 ﬁeri
2458 2011 2581 2052 non
2600 1995 2836 2064 efﬁciat,

2565 2136 2820 2176 JOANNES
2887 2136 3090 2177 SCOTUS

2073 2227 2239 2300 (Cap.
2266 2231 2320 2295 tt,
2352 2242 2519 2282 num.
2554 2227 2600 2297 ι,
2636 2232 2757 2284 sect
2789 2230 2864 2298 1.)
2888 2232 2928 2280 Θ
2948 2227 3018 2284 Si
3045 2228 3225 2295 enim,
3259 2225 3480 2298 inquis,
3506 2238 3664 2295 prat-

1999 2319 2229 2372 scentia
2260 2332 2377 2372 non
2413 2317 2614 2372 omnia
2636 2332 2766 2388 qua:
2791 2317 3116 2387 praesciuit,
3145 2317 3318 2386 facit,
3344 2330 3460 2386 quo
3482 2319 3664 2384 pacto

1997 2405 2451 2475 prcedestinalio
2481 2407 2681 2461 omnia
2711 2421 2843 2476 quae
2872 2421 2992 2460 non
3025 2405 3501 2474 praedestinavit,
3533 2404 3666 2472 efﬁ-

1999 2495 2126 2550 cit?
2151 2495 2539 2551 Prsesctentia
2556 2509 2668 2550 sua
2696 2497 2853 2551 Deus
2880 2495 3209 2564 malefacta
3237 2494 3542 2549 hominum
3567 2494 3668 2561 fu-

1999 2598 2138 2654 tura
2180 2584 2446 2640 creditur
2496 2599 2615 2640 non
2643 2584 3102 2653 praedestinasse
3128 2599 3153 2640 .'
3195 2581 3490 2654 quomodo
3520 2597 3662 2652 ergo

1990 2678 2254 2742 putatur
2276 2673 2480 2742 facere
2495 2677 2524 2728 ?

2673 2795 2984 2836 OORBECTIO
2993 2821 3006 2835 ο

2067 2886 2102 2952 1'
2129 2889 2193 2942 Et
2231 2891 2465 2955 cratera,
2523 2902 2658 2958 quae
2690 2887 2869 2942 etiam
2902 2866 2973 2941 B.’
3012 2885 3328 2957 Augustini
3365 2884 3660 2942 sententia

1996 2974 2332 3030 conﬁrmat.
2366 2975 2545 3040 Quasi
2572 2991 2710 3030 vero
2732 2979 2836 3029 aut
2854 2974 3179 3046 quisquam
3215 2979 3336 3030 tam
3364 2973 3661 3028 dementis

1995 3151 2304 3208 morabilis
2329 3152 2645 3222 Augustini
2675 3155 2887 3224 praeter
2935 3155 2989 3206 te
3036 3151 3235 3206 nullus
3289 3154 3393 3207 aut
3445 3149 3653 3221 legerit

1993 3247 2097 3299 aut
2120 3240 2470 3298 intellexerit
2504 3259 2517 3309 ;
2550 3240 2860 3297 concludis
2878 3255 3022 3311 ergo
3053 3245 3110 3297 et
3137 3239 3306 3296 dicis.

2560 3384 2810 3425 JOANNES
2852 3383 3084 3425 SCOTUS.

2067 3478 2228 3548 (Cap.
2254 3480 2307 3543 5,
2349 3491 2516 3531 num»
2561 3479 2614 3543 2,
2649 3479 2790 3534 sect.
2823 3478 2901 3549 3.)
2934 3481 2972 3531 Θ
2997 3475 3293 3544 Quocirca
3317 3473 3658 3543 ﬁrmissime

1988 3564 2304 3633 fatendum
2337 3571 2420 3620 est
2476 3566 2658 3621 simul
2704 3567 2840 3635 ﬁeri
2884 3583 3004 3622 non
3050 3569 3461 3636 peccatorum,
3519 3577 3654 3634 quae

1991 3656 2148 3711 Deus
2174 3655 2237 3709 in
2261 3659 2543 3711 creatura
2573 3669 2682 3711 sua
2709 3655 3468 3726 permittit,pr:escientiam
3501 3655 3653 3723 ejus,

1992 3760 2112 3816 qua
2142 3761 2211 3801 ea
2257 3745 2585 3814 przescivit,
2640 3760 2881 3802 causam
2924 3762 3042 3801 non
3075 3761 3227 3802 esse:
3261 3744 3660 3814 przedestina-

1995 3834 2208 3889 tionem
2243 3849 2379 3890 vero
2411 3835 2558 3903 ejus,
2592 3847 2713 3903 qua
2741 3849 2811 3889 ea
2836 3849 2956 3889 non
2984 3833 3458 3902 praedestinavit,
3518 3846 3658 3887 cau-

1991 3937 2120 3978 sam
2149 3937 2286 3978 esse.

2066 4012 2101 4076 οξ·
2127 4011 2250 4065 Hoc
2273 4014 2330 4064 et
2351 4025 2462 4065 nos
2492 4008 2773 4078 dicimus,
2805 4008 3026 4064 Deinde
3053 4009 3334 4081 adjungis
3367 4026 3381 4064 :

2069 4101 2259 4169 (Num.
2286 4102 2363 4166 3.)
2389 4103 2428 4150 Θ
2462 4097 2766 4168 Quidquid
2789 4103 2987 4156 autem
3005 4098 3078 4154 de
3091 4104 3337 4168 peccato
3362 4099 3457 4154 vel
3483 4111 3652 4168 gene-

1996 4189 2118 4244 rali
2147 4188 2240 4243 vel
2257 4187 2508 4256 speciali
2537 4187 2874 4257 conﬁcitur,
2905 4201 3136 4244 necesse
3155 4188 3314 4243 estde
3346 4188 3476 4257 ejus
3505 4201 3648 4257 quo-

1994 4292 2109 4349 que
2131 4291 2310 4347 plena
2336 4277 2652 4333 sentiatur.

2668 4417 2971 4458 CORRECTIO
2980 4444 2992 4457 .

2068 4511 2104 4575 ἦ·
2135 4509 2307 4575 Quod
2354 4510 2401 4565 si
2431 4510 2643 4566 eodem
2683 4510 2867 4566 modo
2912 4509 3060 4565 dicis
3102 4511 3166 4564 ut
3195 4506 3567 4580 praescientia
3594 4511 3650 4563 et

1991 4599 2438 4673 praedestinatio
2473 4599 2593 4668 Dei,
2617 4599 2770 4655 sicut
2795 4615 2917 4655 non
2939 4602 3028 4655 est
3055 4613 3239 4654 causa
3287 4596 3536 4669 peccati,
3568 4597 3651 4652 ita

1995 4704 2119 4744 non
2151 4688 2226 4743 sit
2269 4703 2453 4744 causa
2488 4703 2682 4760 poenae
2723 4689 2974 4760 peccati,
3007 4703 3130 4744 non
3164 4702 3327 4743 erras
3361 4704 3374 4741 :
3411 4684 3459 4740 si
3507 4700 3650 4742 vero

1995 4778 2076 4833 ita
2107 4779 2169 4830 ut
2191 4776 2290 4830 Dei
2347 4775 2790 4847 prtescientiam
2821 4782 2878 4832 et
2910 4775 3501 4850 praedestinationem
3527 4791 3651 4831 non

1995 4863 2258 4939 peccatis
2285 4863 2658 4937 disposuisse
2705 4870 2762 4922 et
2816 4866 3112 4937 irrogasse
3143 4865 3352 4923 merito
3404 4880 3652 4937 poenam

1994 4953 2236 5024 sentias,
2267 4952 2525 5010 multum
2556 4971 2748 5024 erras;
2777 4958 3183 5030 continuoque
3214 4953 3519 5014 subnectis
3555 4974 3566 5011 :

2551 5096 2802 5135 JOANNBS
2841 5097 3063 5136 SOOTUB.

2059 5190 2254 5254 (Num.
2297 5187 2374 5259 4.)
2400 5191 2439 5240 Θ
2489 5188 2691 5244 Poena
2728 5188 2963 5258 peccati
2997 5204 3156 5244 mors
3191 5194 3276 5245 est
3306 5203 3326 5243 :
3357 5189 3652 5260 quidquid

1985 5292 2124 5348 ergo
2145 5277 2218 5333 de
2235 5277 2474 5346 peccato
2492 5276 2738 5343 dicitur,
2753 5293 2986 5335 necesse
3001 5284 3082 5335 est
3097 5278 3169 5336 de
3184 5282 3374 5334 morte
3385 5279 3648 5334 dicatur.

2623 5419 2958 5459 CORRIOTIO.

2053 5510 2086 5573 ἦ
2111 5511 2175 5563 Et
2200 5508 2260 5563 in
2291 5508 2406 5564 hoc
2425 5509 2471 5563 si
2497 5509 2597 5564 Dei
2623 5510 3058 5582 praescientiam
3088 5514 3144 5566 et
3173 5509 3649 5583 praedestinatio-

1978 5613 2121 5652 nem
2149 5611 2400 5653 causam
2453 5614 2574 5654 non
2605 5615 2734 5656 esse
2761 5600 2972 5656 mortis
2997 5599 3183 5666 dicas,
3225 5603 3281 5654 et
3313 5614 3425 5652 nos
3452 5597 3648 5667 sequi-

1984 5699 2142 5741 mur.
2166 5684 2224 5740 Si
2248 5700 2391 5741 vero
2417 5688 3000 5760 prcedestinatorem,
3029 5687 3474 5759 dispositorem,
3508 5685 3651 5739 irro-
