4116 6186
221 208 350 260 1081

1141 196 1231 254 DE
1271 189 1943 254 PREDESTINATIONE
1983 192 2258 253 CONTRA
2297 199 2347 253 J.
2391 199 2687 257 SCOTUM.

3506 201 3644 255 1082

219 329 452 386 videtur
475 324 523 381 si
550 327 751 382 tecum
781 320 1101 396 paululum
1146 322 1541 397 desipiamus,
1572 322 1631 376 et
1666 332 1740 374 ex
1783 331 1880 371 su-
1911 320 1955 372 Α
1994 332 2055 374 se
2086 321 2301 396 corripi
2324 324 2607 398 postulat,
2637 324 2926 380 nimirum
2949 338 3075 381 non
3102 322 3164 379 in
3186 321 3492 380 voluntate
3513 336 3649 395 pro-

216 416 447 492 perlluo
472 413 689 471 eadem
715 415 1085 486 repetamus.
1121 412 1294 479 Quod
1315 428 1458 483 ergo
1486 411 1608 467 ais:
1631 408 1881 465 Nullius

217 505 552 565 voluntatis
581 518 702 561 esse
730 516 933 560 veram
989 502 1323 559 libertatem
1380 502 1436 558 si
1459 502 1669 573 aliqua
1697 511 1881 555 causa

219 612 349 653 eam
385 592 663 665 coegerit,
692 589 930 648 conaris
961 594 1225 647 astruere
1270 589 1639 647 voluntatem
1669 587 1884 644 huma-

220 701 367 741 nam
397 682 563 740 nullo
592 681 808 739 divinae
838 680 1248 754 inspirationis
1269 696 1518 737 munere
1540 674 1878 753 przeveniri,

222 773 369 848 quia
396 771 646 830 invitam
691 770 770 828 ad
797 770 1031 827 bonum
1080 770 1327 844 aliquod
1356 785 1481 826 non
1509 768 1601 825 vis
1631 764 1877 839 impelli.

225 864 353 926 Qua
382 860 455 917 de
495 875 559 917 re
603 876 743 915 cum
774 857 1399 930 argumentationibus
1429 856 1601 915 vanis
1644 860 1880 927 tempus

226 947 642 1024 insumpseris,
659 963 856 1020 operte
880 946 1139 1020 pretium
1164 946 1357 1003 fuerat
1382 949 1435 1002 te
1457 943 1768 1002 consulere
1785 958 1881 999 ve-

226 1039 479 1108 ritatem,
513 1041 570 1093 et
595 1035 891 1110 quidquid
938 1035 1260 1093 auctoritas
1298 1034 1576 1091 suaderet
1625 1033 1876 1089 edicere.

227 1127 381 1195 Quid
408 1131 515 1197 est,
548 1142 753 1201 quaeso
779 1129 854 1194 te,
886 1124 1056 1199 quod
1083 1124 1400 1199 postulans
1424 1123 1724 1197 Propheta
1752 1137 1881 1195 prc-

222 1221 428 1274 catur:
462 1217 745 1274 Converte
764 1231 891 1285 nos,
914 1216 1185 1279 Domine,
1205 1221 1259 1272 et
1292 1220 1706 1272 convcrlemur
1724 1212 1806 1269 ad
1825 1216 1880 1268 te

219 1305 468 1379 (Thren.
492 1306 658 1378 v,21)
680 1308 708 1363 ?
740 1306 1057 1372 Quomodo
1087 1305 1248 1361 enim
1280 1303 1569 1361 convertit
1596 1302 1875 1371 nos,nisi,

219 1395 622 1471 praeveniente
653 1395 867 1466 gratia,
892 1394 1265 1452 voluntatem
1296 1392 1684 1451 convertendi
1707 1391 1882 1449 mise-

218 1485 529 1542 ricorditer
555 1482 933 1541 infundendo
954 1484 983 1539 ?
1028 1487 1159 1557 Ipse
1191 1484 1349 1540 enim
1377 1482 1540 1556 prior
1568 1480 1876 1549 convertit,

218 1575 364 1649 quia
384 1573 757 1631 voluntatem
783 1573 863 1630 ad
889 1589 951 1629 se
978 1572 1366 1630 convertendi
1384 1571 1663 1646 inspirat;
1692 1573 1749 1628 et
1768 1586 1879 1626 nos

1991 408 2121 481 pria
2145 415 2572 471 correctionem
2598 430 2795 487 suam,
2820 413 2926 470 sed
2951 413 3012 469 in
3032 413 3136 469 Dei
3157 411 3489 468 miserentis
3516 426 3647 468 cor-

1989 500 2256 572 reptione
2276 503 2673 560 saluberrima
2700 503 3021 560 consistere
3038 499 3577 559 manifestatllnde
3593 504 3651 559 et

1990 586 2139 645 alias
2162 591 2498 650 admonens
2539 596 2793 667 paterno
2816 592 3034 650 affectu
3066 592 3257 648 ﬁlium
3282 590 3538 659 instruit,
3570 589 3649 646 di'

1990 694 2130 735 cens
2155 698 2167 737 :
2202 683 2326 739 Fili
2341 685 2444 745 mi.
2462 684 2786 755 nedeﬁcias
2803 699 2839 741 a
2856 683 3177 754 disciplina
3200 681 3650 753 Domini,neque

1988 769 2265 839 [aligeris
2276 772 2417 828 dum
2436 772 2510 829 ab
2522 788 2586 830 eo
2603 774 2876 844 argueris
2888 787 3089 844 .°qucm
3109 772 3261 828 enim
3281 770 3477 841 diligit
3493 770 3648 826 Deus

1989 858 2539 931 corripit,/lagellat
2559 866 2757 918 autem
2782 877 3010 918 omnem
3028 861 3223 930 ﬁlium
3242 874 3411 932 quem
3434 858 3647 929 recipit

1992 944 2191 1016 (Prov.
2241 963 2321 1017 ιιι,
2348 952 2441 1017 11;
2490 949 2674 1005 Hebr.
2703 966 2813 1013 xu,
2856 954 2909 1017 ὅ,
2934 950 3008 1018 6).
3051 951 3119 1005 Et
3157 949 3373 1005 iterum
3413 951 3648 1021 patrem

1990 1039 2371 1092 commonet:
2408 1038 2613 1094 Tunde
2643 1039 2839 1095 latera
2881 1038 3000 1105 ﬁlii
3026 1039 3117 1093 tui
3156 1039 3297 1094 dum
3327 1038 3532 1109 infans
3563 1042 3649 1093 est

1988 1123 2334 1196 (Eccli.xxx,
2346 1125 2603 1197 12).Noli
2614 1125 2966 1183 subtrahere
2986 1141 3023 1183 a
3037 1141 3223 1195 puero
3240 1127 3643 1197 disciplinam:

1987 1213 2042 1268 si
2051 1213 2202 1269 enim
2208 1216 2575 1284 percusseris
2592 1230 2722 1272 eum
2738 1217 3057 1286 virga,non
3071 1217 3377 1271 morietur.
3394 1216 3477 1271 Tu
3490 1216 3644 1273 enim

1990 1302 2162 1372 virga
2176 1306 2437 1373 percutis
2450 1320 2579 1361 eum
2589 1311 2661 1373 ,et
2676 1306 2937 1362 animum
2951 1306 3078 1374 ejus
3091 1304 3163 1360 de
3174 1305 3413 1374 inferno
3431 1305 3646 1361 liberas

1988 1394 2191 1458 (Prov.
2212 1410 2375 1458 xxm,
2396 1395 2611 1463 t3,1~i).
2630 1396 2695 1451 Et
2710 1392 3030 1467 Apostolus
3057 1410 3069 1449 :
3098 1393 3298 1450 Omnis
3320 1394 3647 1464 disciplina

1990 1482 2053 1537 in
2082 1484 2368 1551 praesenti
2397 1484 2632 1540 videtur
2659 1500 2780 1539 non
2812 1499 2932 1539 esse
2957 1482 3189 1552 gaudii,
3210 1482 3312 1539 sed
3334 1484 3599 1539 maeroris
3623 1495 3646 1555 ,'

1985 1574 2191 1640 postea
2221 1571 2418 1627 autem
2443 1573 2715 1642 fructum
2741 1571 3197 1642 pacatissimam
3236 1571 3442 1626 reddet
3462 1572 3646 1640 justi-

218 1664 628 1721 convertimur
655 1663 735 1721 ad
760 1679 921 1731 eum,
951 1662 1098 1736 quia
1138 1662 1406 1718 vocantis
1452 1661 1707 1733 gratiam
1748 1661 1879 1733 ipso
1913 1676 1952 1729 Β
1992 1662 2090 1717 tiae
2112 1663 2452 1719 exercitatis
2474 1662 2679 1733 (Hebr.
2697 1661 2928 1732 xn,ll).
2949 1661 3206 1718 Etitem:
3236 1660 3307 1716 In
3326 1660 3648 1730 disciplina

218 1753 318 1824 adj
328 1757 496 1810 utorc
509 1751 812 1809 humiliter
827 1752 1154 1826 sequimur.
1177 1750 1461 1825 Nunquid
1481 1750 1720 1806 dicendi
1743 1752 1882 1806 sunt

218 1842 407 1899 corda
433 1857 558 1898 non
587 1841 895 1911 habuisse,
925 1840 1149 1916 quibus
1188 1840 1492 1897 secundus
1516 1839 1883 1898 Machabzeo-

217 1947 356 1988 rum
385 1929 536 1987 liber
560 1930 713 1988 inter
737 1931 1039 1987 orandum
1066 1930 1351 1988 fratribus
1372 1929 1692 2004 imprecari
1707 1929 1876 1985 dicit:

223 2020 325 2076 Det
356 2019 515 2075 vobis
545 2034 648 2075 cor
675 2020 967 2087 omnibus,
1000 2025 1067 2074 ut
1100 2020 1310 2076 colatis
1359 2035 1488 2075 eum
1533 2025 1589 2075 et
1630 2018 1881 2090 faciatis

223 2109 353 2176 ejus
385 2108 749 2165 voluntatem
780 2109 871 2178 (II
894 2108 1098 2165 Mach.
1126 2125 1164 2177 ι,
1198 2108 1295 2175 3)?
1346 2107 1402 2165 Si
1432 2108 1592 2165 enim
1638 2123 1740 2164 cor
1773 2123 1878 2163 eos

226 2194 515 2251 habuisse
544 2195 796 2252 dubium
825 2212 952 2252 non
981 2201 1089 2262 est,
1116 2196 1263 2269 quid
1289 2213 1530 2254 necesse
1561 2198 1753 2255 fuerat
1779 2213 1882 2270 pe-

229 2287 350 2341 tere
381 2283 464 2341 cis
492 2283 621 2341 dari
647 2284 814 2358 quod
840 2284 1167 2354 habebant,
1200 2285 1316 2342 nisi
1362 2285 1507 2359 quia
1550 2284 1745 2342 cordis
1774 2302 1881 2343 no-

222 2372 391 2430 mine
417 2372 787 2431 voluntatem
834 2373 1086 2438 bonam,
1111 2374 1386 2431 videlicet
1429 2373 1665 2431 colendi
1693 2376 1881 2432 Deum

222 2465 282 2519 et
332 2461 593 2519 faciendi
644 2464 775 2535 ejus
825 2462 1217 2528 voluntatem,
1269 2463 1555 2521 volebant
1613 2463 1878 2535 intelligi.

220 2550 486 2607 Dicendo
534 2567 696 2622 ergo,
726 2553 839 2610 Det
886 2552 1047 2609 vobis
1090 2569 1193 2610 cor
1235 2553 1530 2625 omnibus,
1560 2558 1629 2609 ut
1669 2554 1880 2611 colatis

217 2656 354 2697 eum
384 2646 442 2698 et
461 2641 712 2711 faciatis
735 2644 862 2712 ejus
885 2642 1274 2713 voluntatem,
1301 2641 1450 2699 nihil
1476 2641 1639 2698 aliud
1668 2658 1877 2716 quam,

218 2728 325 2787 det
357 2728 524 2787 vobis
570 2730 966 2802 voluntatem,
998 2735 1064 2788 ut
1109 2731 1318 2788 celatis
1361 2748 1500 2789 eum
1544 2735 1603 2789 et
1648 2731 1879 2791 faciatis

218 2818 352 2891 ejus
376 2819 767 2889 voluntatem,
800 2820 980 2878 debet
1006 2820 1227 2878 sentiri.

291 2908 351 2964 Si
379 2912 580 2965 autem
604 2908 684 2966 ad
710 2910 1046 2967 amandum
1073 2909 1507 2984 timendunque
1539 2913 1728 2968 Deum
1751 2911 1877 2968 nul-

214 2998 316 3054 lus
328 2997 600 3072 compelli
610 2998 872 3072 tur,quid
893 3002 981 3056 est
998 2998 1167 3073 quod
1187 2998 1479 3056 Dominus
1494 3014 1603 3072 per
1616 3000 1875 3073 Prophe-
1909 3030 1951 3087 ο

215 3092 347 3144 tam
370 3087 513 3145 dicit
536 3104 549 3143 :
570 3089 815 3145 Faciam
833 3095 900 3145 ut
916 3091 979 3145 in
995 3090 1314 3159 praeceptis
1328 3088 1473 3145 meis
1492 3088 1807 3146 ambuletis
1823 3095 1879 3146 et

205 3176 453 3248 judicia
495 3192 628 3234 mea
672 3177 1022 3234 custodiatis
1051 3176 1291 3249 (Ezech.
1322 3193 1405 3243 xx,
1437 3178 1524 3250 20)
1548 3177 1576 3232 ‘l
1613 3177 1765 3244 Quid
1794 3181 1883 3235 est

219 3269 373 3338 quot
414 3268 504 3321 tot
547 3265 1121 3322 comminationibus
1164 3266 1226 3321 in
1253 3265 1619 3340 propheticis
1649 3266 1881 3341 scriptis

223 3367 493 3426 superna
508 3352 808 3410 miseratio
820 3368 964 3423 erga
973 3357 1316 3427 peccatores
1329 3355 1411 3411 uti
1422 3353 1881 3429 legitur,quibus

220 3457 330 3498 eos
350 3440 430 3498 ab
446 3457 643 3499 errore
659 3443 1070 3499 converteret?
1091 3446 1241 3513 Lege
1259 3443 1582 3517 prophetas
1597 3448 1880 3502 eteorum

216 3529 682 3609 veracissimum
695 3531 1143 3605 explanatorem
1162 3532 1588 3605 Hieronymum
1593 3533 1881 3607 ,etibipa-

215 3624 411 3680 tenter
438 3620 708 3677 invenies
738 3621 881 3695 quia
907 3624 1060 3678 Deus
1090 3621 1293 3679 multis
1327 3628 1619 3680 terrorum
1651 3623 1880 3695 generi-

214 3711 358 3777 bus,
377 3714 434 3766 et
450 3713 591 3767 tunc
611 3726 757 3766 usus
779 3710 1037 3778 fuerit,et
1056 3727 1219 3768 nunc
1239 3712 1324 3768 uti
1346 3728 1469 3769 non
1490 3711 1881 3787 desinat,qui-

211 3800 337 3857 bus
354 3802 674 3872 peccantes
694 3799 773 3855 ad
784 3799 1216 3873 paenitentiam,
1239 3799 1303 3857 id
1320 3804 1407 3858 est
1425 3800 1654 3858 bonam
1676 3802 1880 3859 volun-

210 3892 426 3961 tatem,
449 3893 777 3950 convertat.
795 3890 873 3947 ad
893 3906 1078 3963 quam
1108 3891 1356 3948 minime
1381 3895 1746 3949 verterentur
1764 3891 1879 3948 nisi

212 3976 697 4036 aversifuissent.
719 3978 867 4034 Cum
893 3983 1096 4035 autem
1117 3979 1402 4036 divinitus
1428 3984 1877 4050 convertuntur,

209 4065 524 4126 humiliter
549 4067 829 4140 prostrati
858 4067 1163 4141 postulare
1192 4084 1317 4125 non
1346 4067 1643 4124 desistunt
1667 4085 1680 4124 :
1714 4068 1881 4142 quod

208 4156 575 4233 poposcisse
602 4157 809 4229 legunt
836 4174 975 4214 eum
1006 4159 1113 4231 qui
1151 4157 1446 4216 adulterio
1478 4157 1738 4215 foedatus
1770 4159 1881 4216 ho-

210 4246 585 4319 micidioque
624 4250 920 4320 turpatus,
952 4248 1321 4321 tandemque
1363 4263 1400 4304 a
1426 4248 1740 4321 propheta,
1771 4251 1884 4305 Do-

1985 1756 2377 1821 perseverate.
2393 1753 2701 1826 Tanquam
2715 1753 2861 1821 ﬁliis
2874 1751 3035 1809 vobis
3048 1752 3220 1822 o/l‘ert
3233 1765 3294 1806 se
3310 1751 3463 1806 Deus
3479 1766 3499 1804 :
3516 1750 3648 1821 quis

1988 1841 2143 1897 enim
2158 1842 2344 1910 ﬁlius,
2362 1857 2534 1914 quem
2550 1857 2670 1897 non
2688 1842 2938 1912 corripit
2946 1847 3122 1911 pater
3134 1845 3161 1896 ?
3174 1840 3244 1896 Si
3254 1845 3450 1896 autem
3473 1846 3647 1895 extra

1989 1930 2372 2000 disciplinam
2405 1931 2562 1994 estis,
2596 1930 2788 1988 videte
2833 1931 3006 2001 cujus
3042 1930 3163 1999 ﬁlii
3199 1930 3332 1985 estis
3364 1928 3558 2001 (Ibid,
3589 1933 3645 1997 7,

1987 2019 2064 2091 8).
2098 2022 2165 2076 Et
2183 2019 2397 2076 iterum
2426 2038 2439 2076 :
2476 2019 2775 2091 Corripite
2813 2020 3106 2092 inquietos
3137 2018 3191 2091 (Ι
3215 2018 3413 2075 Thess.
3446 2034 3506 2086 v,
3536 2017 3643 2090 14).

1990 2112 2058 2166 Et
2083 2126 2324 2165 rursum
2348 2126 2361 2165 :
2387 2111 2710 2168 Peccantes
2736 2126 2938 2167 coram
2965 2109 3234 2166 omnibus
3264 2124 3476 2181 argue,
3500 2114 3563 2163 ut
3591 2113 3645 2165 et

1990 2200 2191 2257 caeteri
2211 2201 2479 2257 timorem
2503 2200 2764 2257 habeant
2792 2200 2850 2272 (Ι
2871 2200 3018 2256 Tim.
3043 2216 3103 2256 v.
3124 2199 3236 2272 20).
3260 2200 3339 2254 Et
3357 2199 3521 2255 item:
3541 2198 3647 2253 Ar-

1986 2305 2122 2360 gue,
2153 2289 2414 2353 obsecra,
2449 2290 2717 2360 increpa,
2749 2306 2884 2347 cum
2914 2289 3079 2347 omni
3104 2290 3353 2360 imperio
3384 2288 3470 2362 (II
3495 2288 3641 2345 Tim.

1986 2394 2067 2444 ιν,
2114 2378 2191 2450 2).
2225 2381 2381 2434 Deus
2429 2395 2696 2452 quoque,
2749 2378 2900 2435 sicut
2949 2378 3011 2435 in
3060 2377 3378 2448 Evangelio
3433 2376 3648 2433 dicitur

1986 2467 2187 2539 (Joan.
2213 2484 2281 2536 ιι,
2326 2468 2435 2540 15),
2464 2484 2603 2524 cum
2650 2468 2886 2525 fecisset
2915 2467 3092 2542 quasi
3119 2465 3425 2537 ﬂagellum
3456 2466 3531 2523 de
3560 2465 3648 2522 fu-

1986 2556 2220 2621 niculis,
2235 2572 2434 2614 omnes
2456 2558 2625 2628 ejecit
2657 2558 2729 2615 de
2761 2558 2999 2629 templo.
3015 2556 3125 2624 Qui
3139 2557 3317 2614 etiam
3338 2555 3399 2612 in
3419 2560 3646 2628 Apoca-

1985 2646 2148 2721 lypsi
2195 2646 2495 2720 loquitur:
2544 2648 2675 2720 Ego
2720 2663 2863 2720 quos
2910 2662 3065 2716 amo,
3098 2662 3289 2719 arguo
3328 2651 3382 2703 et
3421 2645 3646 2716 castigo

1988 2735 2193 2807 (Apoc.
2225 2750 2306 2800 ιιι,
2334 2735 2441 2808 19).
2465 2735 2581 2792 Cur
2609 2738 2668 2791 et
2693 2735 2994 2810 Propheta
3023 2731 3501 2806 gratulabundus
3530 2730 3648 2789 aie-

1982 2823 2128 2881 bat:
2166 2824 2490 2894 Castigasti
2514 2840 2626 2895 me,
2646 2825 2917 2890 Domine,
2940 2830 2995 2882 et
3024 2825 3294 2882 eruditus
3322 2839 3451 2880 sum
3474 2829 3654 2896 quasi

1982 2913 2346 2983 juveni-alus
2363 2912 3002 2970 indomitus.Converte
3020 2928 3112 2969 me
3131 2919 3187 2970 et
3206 2912 3647 2983 revertar,quia

1994 3008 2060 3058 tu
2087 3002 2377 3058 Dominus
2397 3003 2554 3058 Deus
2576 3016 2757 3058 meus.
2772 3002 3095 3074 Postquam
3120 3002 3274 3059 enim
3304 3000 3652 3057 convertiin

1992 3108 2101 3161 me,
2135 3093 2230 3164 egi
2245 3093 2683 3163 paenitentiam,
2717 3097 2772 3148 et
2797 3097 3110 3165 postquam
3142 3090 3453 3148 ostendisti
3475 3090 3646 3159 mihi,

1982 3182 2258 3251 percussi
2308 3182 2511 3252 femur
2551 3196 2766 3238 meum.
2801 3179 3103 3251 Confusus
3132 3196 3264 3236 sum
3319 3183 3372 3235 et
3411 3179 3645 3247 erubui,

1989 3270 2273 3340 quoniam
2313 3268 2574 3325 sustinui
2617 3268 3005 3339 opprobrium
3049 3267 3464 3325 adolescentiw
3504 3281 3647 3323 mew

1970 3359 2137 3426 .(Jer.
2170 3374 2334 3428 xxxn,
2370 3361 2453 3427 t8,
2488 3359 2593 3432 l9).
2624 3360 2690 3415 Et
2720 3357 2872 3415 alius
2920 3357 3207 3430 gloriatur
3249 3357 3492 3414 dicens:
3538 3358 3647 3415 Ca-

1988 3449 2218 3519 stigans
2237 3450 2556 3521 castigavit
2582 3464 2672 3507 me
2691 3449 3004 3522 Dominus,
3026 3455 3080 3508 et
3111 3450 3294 3507 morti
3315 3464 3434 3507 non
3461 3449 3649 3506 tradi-

1989 3538 2080 3595 dit
2108 3553 2201 3595 me
2227 3537 2351 3610 (Ps.
2379 3555 2552 3608 cxvn,
2593 3541 2713 3612 18);
2757 3542 2815 3597 et
2841 3539 3031 3599 multa
3060 3539 3197 3610 alia,
3226 3556 3362 3614 quae
3393 3538 3647 3615 longum

1990 3630 2047 3684 et
2073 3643 2197 3685 non
2235 3629 2645 3688 necessarium
2674 3633 2762 3688 est
2785 3630 3088 3706 persequi,
3121 3629 3414 3705 quoniam
3442 3628 3645 3701 legen-

1988 3716 2146 3774 tibus
2175 3716 2237 3774 in
2264 3719 2584 3792 propatulo
2610 3724 2766 3777 sunt.
3474 3768 3475 3771 η

2063 3809 2276 3864 Verum
2319 3808 2464 3881 quia
2491 3808 2553 3864 in
2582 3809 2697 3865 hac
2735 3812 2848 3865 tua:
2877 3808 3283 3881 perversitatis
3316 3808 3646 3865 assertione

1991 3898 2143 3968 (cap.
2191 3902 2244 3967 5,
2291 3914 2454 3953 num.
2510 3898 2596 3968 tO,
2650 3903 2788 3953 sect.
2832 3898 2885 3967 5)
2932 3898 3430 3969 compulsativam
3480 3901 3646 3951 tuam

1989 4000 2239 4042 causam
2292 3985 2632 4056 frequenter
2675 3983 2977 4051 nominas,
3008 3983 3270 4056 petenda
3309 3982 3649 4039 necessaria

1989 4072 2166 4130 nobis
2212 4076 2300 4130 est
2350 4071 2727 4145 sempiternis
2773 4071 3078 4145 sapientia:
3125 4072 3338 4142 gratia,
3367 4074 3432 4128 ut
3468 4069 3646 4127 nobis

1992 4162 2222 4237 aperire
2266 4162 2544 4235 dignetur
2592 4161 2753 4219 idem
2801 4160 3171 4219 vocabulum
3219 4162 3301 4220 ita
3354 4161 3417 4219 in
3465 4160 3649 4218 sacris

1994 4251 2246 4327 eloquiis
2277 4252 2563 4327 positum,
2593 4268 2717 4326 quo
2761 4256 2863 4310 tua
2909 4254 3149 4309 mortua
3172 4251 3464 4323 jactantia
3490 4267 3651 4308 com-

212 4336 390 4395 mino
415 4336 685 4440 jubente,
717 4341 1214 4439 correptus,-post
1241 4337 1540 4437 prolatam
1578 4338 1640 4395 in
1670 4339 1882 4440 hujus-
1910 4386 1955 4440 Β
1991 4342 2305 4416 primatur.
2337 4341 2531 4399 Refert
2572 4345 2831 4399 sanctus'
2863 4340 3230 4413 evangelista
3270 4343 3480 4414 Lucas,
3510 4356 3650 4440 cum

214 4425 495 4484 scemodi
520 4442 557 4483 a
572 4426 773 4500 seipso
789 4428 997 4484 mortis
1012 4427 1389 4496 sententiam,
1409 4444 1548 4485 cum
1570 4428 1802 4488 audiret
1819 4447 1881 4488 se

213 4517 427 4589 ipsum
454 4531 583 4572 esse
609 4515 713 4589 qui
733 4515 928 4573 eidem
960 4516 1266 4574 sententiae
1297 4517 1654 4590 subjaeeret,
1677 4519 1881 4577 dicen-

215 4605 304 4662 do
326 4606 602 4678 (mortem
623 4606 908 4663 continuo
929 4606 1399 4679 subsequentem
1418 4610 1707 4683 metuens)
1718 4612 1883 4680 ,Pec-

218 4695 363 4752 cavi
387 4695 479 4762 (ΙΙ
498 4696 642 4766 Reg.
671 4711 775 4765 xu,
805 4700 861 4765 7,
898 4694 1060 4767 etc.,)
1090 4695 1482 4769 postmodum
1512 4696 1663 4754 inter
1710 4699 1884 4755 ﬂetus

222 4786 286 4839 et
328 4782 631 4856 lacrymas
675 4784 1022 4858 suppliciter
1063 4784 1422 4858 precabatur
1468 4786 1710 4844 dicens:
1764 4789 1885 4844 Cor

223 4872 515 4930 mundum
542 4888 683 4933 crea
713 4874 775 4929 in
812 4889 924 4945 me,
954 4875 1133 4940 Deus,
1165 4877 1277 4932 etc.
1317 4874 1507 4946 (Psal.
1544 4892 1594 4944 L,
1635 4876 1737 4948 t2).
1773 4876 1883 4942 Qui

220 4961 431 5035 utique
456 4978 558 5019 cor
586 4962 874 5028 habebat,
896 4962 1003 5019 sed
1022 4963 1433 5038 immundum,
1464 4965 1690 5040 quique
1716 4966 1885 5041 quod

218 5069 260 5111 a
284 5068 349 5108 se
381 5051 498 5109 sibi
540 5067 739 5126 neque
769 5068 921 5122 esse,
955 5068 1153 5128 neque
1194 5053 1323 5111 fieri
1352 5069 1530 5128 posse
1560 5056 1883 5115 certissime

219 5140 470 5210 sciebat,
528 5158 566 5200 a
604 5142 859 5200 Domino
906 5143 1095 5201 creari
1139 5143 1443 5202 humiliter
1497 5146 1882 5220 deposcebat.

222 5228 757 5297 Quemadmodum
802 5235 861 5289 et
900 5231 1054 5289 alius
1090 5234 1386 5307 propheta
1411 5234 1667 5291 Domino
1697 5235 1884 5291 conti—

218 5322 377 5389 tens,
408 5317 609 5377 aiebat
635 5333 649 5375 :
680 5320 837 5388 Scio,
867 5321 1138 5395 Domine,
1165 5324 1308 5395 quia
1340 5338 1460 5380 non
1498 5327 1581 5380 est
1632 5323 1886 5379 hominis

221 5410 326 5465 via
370 5410 519 5478 ejus,
551 5423 659 5466 nec
711 5410 829 5467 viri
885 5416 967 5467 est
1017 5417 1085 5468 ut
1138 5413 1403 5469 ambulet
1456 5417 1509 5468 et
1556 5411 1783 5481 dirigat
1831 5417 1885 5469 et

223 5498 496 5569 corrigat
532 5514 768 5569 gressus
814 5515 971 5557 suos.
1005 5501 1260 5570 Corripe
1308 5516 1419 5571 me,
1459 5500 1739 5559 Domine:
1790 5517 1885 5560 ve-

221 5592 570 5643 rumtamen
585 5589 908 5661 znjudicio,
925 5594 979 5645 et
1008 5604 1128 5645 non
1159 5590 1222 5645 in
1247 5589 1463 5659 furore
1483 5595 1605 5661 tuo,
1637 5605 1712 5648 ne
1728 5591 1888 5662 forte

224 5675 311 5740 qd
340 5676 601 5737 nihilum
648 5679 888 5752 redigas
934 5693 1026 5735 me
1058 5677 1198 5749 (Jer.
1233 5694 1291 5749 Χ,
1331 5682 1421 5744 23,
1451 5678 1560 5751 24).
1605 5680 1709 5746 Qui
1737 5680 1883 5737 dum

1992 4432 2349 4506 parabolam
2364 4431 2628 4488 hominis
2644 4448 2881 4489 coenam
2907 4445 3195 4501 magnam
3211 4429 3480 4486 facientis
3500 4428 3653 4486 mul-

1993 4526 2205 4594 tosque
2224 4521 2497 4579 vocantis
2524 4520 2908 4585 describeret,
2936 4519 3159 4576 dixisse
3188 4518 3503 4575 dominum
3534 4531 3651 4571 scr-

1990 4626 2107 4667 vo:
2157 4611 2284 4667 Exi
2327 4611 2393 4665 in
2424 4611 2551 4667 vias
2581 4614 2635 4666 et
2664 4624 2846 4680 sepes,
2877 4615 2933 4666 et
2986 4608 3272 4678 compelle
3300 4606 3552 4671 intrare,
3586 4608 3650 4661 ut

1991 4699 2319 4769 impleatur
2347 4698 2556 4755 domus
2580 4711 2712 4753 mea
2739 4699 2905 4763 (Luc.
2934 4713 3058 4764 xxv,
3082 4696 3171 4769 23)
3199 4714 3212 4765 ;
3235 4692 3397 4751 unde
3427 4696 3484 4750 et
3504 4691 3650 4749 bea-

1992 4791 2088 4844 tus
2138 4786 2455 4856 Gregorius
2483 4786 2546 4842 in
2573 4785 2823 4843 homilia
2854 4784 3127 4857 ejusdem
3163 4783 3433 4842 lectionis
3466 4783 3646 4856 (hom.

1994 4881 2083 4945 36,
2117 4877 2180 4932 in
2205 4874 2466 4946 Evang.)
2494 4875 2575 4931 ait
2602 4892 2614 4930 :

2066 4963 2431 5038 [Notandum
2446 4980 2586 5021 vero
2600 4963 2769 5036 quod
2783 4964 2846 5021 in
2859 4965 2974 5023 hac
2990 4965 3337 5024 invitatione
3348 4965 3518 5024 tertia
3528 4981 3652 5023 non

1993 5054 2206 5113 dicitur
2242 5052 2447 5125 Invita,
2481 5053 2589 5110 sed
2617 5054 2914 5126 Compelle
2946 5056 3197 5114 intrare.
3230 5055 3341 5112 Alii
3366 5055 3527 5114 enim
3550 5072 3652 5112 vo-

1994 5148 2224 5213 cantur,
2257 5147 2316 5200 et
2338 5142 2536 5200 venire
2561 5145 2995 5215 contemnunt;
3028 5145 3127 5203 alii
3156 5150 3447 5204 vocantur
3471 5150 3528 5203 et
3555 5162 3653 5201 vc-

1993 5233 2167 5290 niunt
2184 5250 2198 5303 ;
2219 5232 2318 5289 alii
2337 5235 2539 5289 autem
2554 5248 2949 5308 nequaquam
2964 5233 3176 5292 dicitur
3186 5236 3331 5309 quia
3342 5236 3648 5301 vocantur,

1996 5323 2103 5381 sed
2149 5321 2589 5397 compelluntur
2640 5326 2704 5380 ut
2744 5322 2982 5382 intrent.
3016 5327 3313 5382 Vocantur
3356 5325 3413 5378 et
3450 5318 3650 5377 venire

1995 5417 2407 5485 contemnunt,
2438 5412 2543 5487 qui
2573 5412 2805 5470 donum
2844 5414 3093 5487 quidem
3132 5412 3463 5470 intellectus
3493 5408 3650 5466 acci-

1995 5502 2186 5577 piunt,
2214 5503 2320 5559 sed
2348 5502 2630 5560 eumdem
2662 5502 3027 5561 intellectum
3070 5500 3354 5575 operibus
3400 5514 3519 5555 non
3566 5513 3652 5553 se-

1996 5595 2284 5664 quuntur.
2318 5593 2622 5649 Vocantur
2647 5596 2705 5648 et.
2730 5592 2997 5659 veniunt,
3021 5591 3126 5663 qui
3151 5592 3464 5661 acceptam
3485 5584 3652 5641 intel-

1994 5678 2181 5737 lectus
2212 5679 2461 5749 gratiam
2496 5679 2808 5753 operando
2836 5678 3183 5751 perﬁciunt;
3224 5674 3474 5746 quidam
3506 5686 3647 5729 vero
