4116 6186
471 230 486 283 l
502 232 609 286 083

1529 229 1584 284 s.
1609 213 1997 283 ’PRUDENTII
2037 217 2416 281 TRECENSIS
2459 223 2789 281 EPISCOPI.

3772 226 3796 279 1
3809 227 3924 282 084

466 355 869 424 sicvocantur,
895 357 958 408 ut
978 354 1153 409 etiam
1178 353 1632 425 compellantur.
1657 357 1802 410 Nam
1823 356 2121 408 suntnon-
2148 353 2194 405 A
2229 355 2468 421 repente
2500 349 2785 405 dulcescit
2809 349 2865 404 in
2901 349 3212 416 memoria,
3242 350 3298 403 et
3327 348 3625 421 peccatrix
3663 350 3926 417 anima,

465 442 609 499 nulli
640 442 742 515 qui
769 441 931 498 bona
959 442 1234 499 facienda
1262 442 1616 513 intelligunt,
1644 443 1747 498 sed
1774 443 1902 499 haec
1925 440 2118 497 facere

464 531 790 600 desistunt;
822 530 1024 587 vident
1067 547 1203 604 quae
1235 546 1411 602 agere
1437 531 1719 603 debeant,
1754 531 1861 587 sed
1887 531 2016 586 haec
2048 546 2119 586 ex

465 619 761 676 desiderio
781 635 905 676 non
930 626 1283 694 sequuntur.
1307 621 1507 689 His,ut
1533 621 1808 695 superius
1834 620 2116 688 diximus,

462 709 817 782 plerumque
844 708 1089 779 contigit
1122 713 1184 765 ut
1215 725 1319 766 eos
1350 711 1411 765 in
1439 709 1782 767 carnalibus
1812 707 2119 765 desideriis

465 797 588 853 suis
620 797 832 852 mundi
860 797 1041 870 hujus
1069 798 1398 855 adversitas
1427 799 1598 855 feriat
1623 818 1634 868 ;
1670 797 2118 871 apprehendere

465 885 853 958 temporalem
877 884 1129 957 gloriam
1151 893 1442 943 conentur
1461 893 1518 945 et
1536 892 1838 961 nequeant
1859 905 1871 955 ;
1896 891 1951 942 et
1971 887 2118 942 dum

461 991 569 1048 per
589 975 709 1032 alta
727 968 923 1048 pelagi
949 977 1124 1049 quasi
1145 979 1224 1032 ad
1246 978 1594 1047 grandiores
1612 993 1785 1033 curas
1805 977 1986 1048 hujus
2009 992 2118 1030 see-

462 1064 579 1119 culi
607 1064 889 1135 navigare
914 1071 1280 1139 proponunt,
1307 1083 1544 1138 semper
1575 1064 1841 1123 adversis
1875 1063 2117 1120 ﬂatibus

465 1155 540 1210 ad
571 1153 919 1227 dejectionis
950 1173 1072 1210 suae
1102 1155 1301 1212 littora
1337 1156 1718 1229 repellantur.
1755 1157 2023 1227 Cumque
2056 1171 2116 1210 se

461 1244 656 1316 frangi
684 1245 747 1301 in
775 1245 1082 1301 desideriis
1130 1247 1272 1315 suis,
1307 1247 1659 1303 adversante
1691 1245 1941 1318 mundo,
1970 1261 2114 1301 con-

462 1333 740 1407 spiciunt,
771 1334 917 1407 quid
947 1334 1021 1390 de
1069 1351 1130 1391 se
1173 1337 1399 1392 auctori
1430 1353 1538 1392 suo
1569 1335 1826 1393 debeant
1850 1349 2112 1391 comme-

462 1428 773 1480 morantur
802 1425 934 1496 [al.,
963 1426 1465 1497 commonentur],
1498 1426 1579 1481 ita
1606 1430 1672 1480 ut
1701 1425 1781 1480 ad
1811 1441 1949 1480 eum
1979 1441 2113 1480 eru-

459 1512 770 1567 bescentes
795 1511 1173 1586 redeant,qui
1188 1530 1325 1569 eum
1353 1514 1762 1586 superbientes
1781 1530 1891 1586 pro
1905 1512 2115 1568 mundi

463 1617 668 1656 amore
693 1600 1066 1657 deserebant.
1091 1603 1257 1675 Saepe
1281 1619 1542 1675 namque
1571 1602 1844 1658 nonnulli
1871 1601 1948 1659 ad
1974 1606 2116 1657 tem-

2228 455 2363 512 quae
2416 439 2684 494 adultera
2733 443 2948 493 conata
2997 442 3087 493 est
3116 453 3270 503 esse,
3303 452 3414 492 nec
3448 441 3649 492 tamen
3685 444 3929 511 aperto

2228 543 2407 600 opere
2455 527 2663 601 potuit,
2698 527 2959 582 decernit
3008 541 3135 581 esse
3186 525 3465 581 ﬁdelibus
3496 527 3755 598 conjux.
3804 527 3927 593 Qui

2228 633 2369 689 ergo
2416 617 2596 689 hujus
2650 615 2860 672 mundi
2927 615 3386 672 adversitatibus
3435 615 3604 672 fracti
3661 617 3749 672 ad
3818 618 3927 672 Dei

2227 723 2494 764 amorem
2517 706 2788 771 redeunt,
2809 712 2985 779 atque
3017 723 3053 762 a
3077 705 3385 779 praesentis
3416 705 3551 761 vitae
3574 706 3926 763 desideriis

2227 797 2623 867 corriguntur,
2655 797 2801 869 quid
2849 795 2960 863 isti,
2995 795 3204 851 fratres
3237 795 3597 864 charissimi,
3633 799 3768 853 nisi
3805 798 3919 870 qui

2227 885 2665 960 compelluntur
2694 890 2758 940 ut
2788 884 3078 955 intrent?)

2297 975 2332 1042 ‘1'
2364 980 2506 1032 Ecce
2537 974 2760 1030 Veritas
2812 974 2971 1038 dicit,
3004 973 3304 1042 Compelle
3332 975 3588 1044 intrare,
3621 981 3682 1032 et.
3711 982 3781 1032 tu
3817 976 3914 1030 (li-

2227 1065 2309 1121 cis
2338 1065 2566 1120 nullam
2593 1063 3095 1135 compulsativam
3135 1078 3384 1118 causam
3412 1066 3757 1136 praecedere
3795 1083 3913 1122 vo-

2226 1155 2513 1210 luntatem
2540 1152 2799 1208 hominis
2829 1151 2907 1208 ad
2937 1151 3186 1206 bonum.
3220 1151 3582 1210 Praedicator
3603 1156 3910 1220 veritatis,

2226 1248 2279 1300 te
2309 1259 2549 1316 quoque
2599 1242 2956 1298 assentiente
2986 1241 3437 1310 veracissimus,
3471 1243 3659 1300 modo
3699 1245 3906 1300 etiam

2225 1333 2467 1405 exponit
2512 1331 2733 1404 quibus
2772 1331 2986 1386 animae
3019 1329 3301 1386 humanae
3350 1331 3429 1386 ad
3483 1332 3668 1401 bona,
3705 1339 3766 1388 ut
3817 1334 3909 1388 ita

2223 1421 2496 1492 dixerim,
2528 1419 2788 1476 vols-.nda
2819 1419 3294 1492 compellantur:
3340 1425 3397 1476 et
3427 1426 3490 1476 tu
3517 1427 3760 1478 econtra
3793 1439 3908 1478 su-

2224 1527 2425 1567 surras
2462 1526 2577 1566 non
2610 1509 2803 1565 solum
2837 1525 2956 1564 non
2999 1525 3130 1564 esse
3161 1524 3297 1564 vere
3330 1509 3580 1566 liberam
3615 1511 3798 1567 volun
3813 1517 3907 1567 ta.-

2226 1608 2364 1667 tem,
2398 1601 2501 1656 sed
2532 1601 2769 1672 penitus
2813 1615 2945 1655 8:111)
2996 1616 3116 1654 non
3145 1615 3293 1655 esse.
3337 1601 3449 1656 Ubi
3477 1603 3629 1657 enim
3661 1609 3760 1668 est,
3798 1602 3901 1656 in-

462 1688 732 1762 poralem
791 1689 1041 1760 gloriam
1095 1692 1380 1765 proﬁcere
1431 1693 1716 1760 volentes,
1778 1697 1880 1750 aut
1934 1692 2116 1761 longa
2147 1705 2186 1758 Β
2223 1692 2380 1764 quis,
2411 1706 2592 1746 causa
2619 1706 2748 1761 qua:
2769 1689 3089 1758 compellit,
3124 1686 3207 1742 ibi
3235 1705 3355 1743 non
3380 1697 3463 1745 est
3491 1698 3712 1746 natura
3741 1705 3896 1761 qua:

461 1777 811 1848 {egritudine
861 1780 1196 1854 tabescunt,
1229 1786 1332 1838 aut
1383 1781 1578 1838 afﬂicti
1628 1783 1860 1854 injuriis
1917 1782 2114 1838 conci-

461 1865 630 1930 dunt,
661 1871 764 1922 aut
793 1871 1061 1940 percussi
1092 1869 1374 1940 gravibus
1401 1871 1640 1928 damnis
1667 1869 2036 1942 afﬂiguntur,
2061 1875 2117 1926 et

458 1954 522 2009 in
551 1953 762 2010 mundi
817 1956 1022 2014 dolore
1064 1958 1270 2014 vident
1314 1960 1458 2032 quia
1497 1959 1642 2015 nihil
1691 1959 1989 2015 conﬁdere
2041 1957 2115 2014 de

459 2043 588 2114 ejus
617 2043 920 2117 voluptate
947 2046 1303 2114 debuerunt,
1339 2064 1524 2121 seque
1547 2048 1710 2120 ipsos
1739 2049 1801 2104 in
1824 2048 1946 2104 suis
1972 2046 2116 2103 desi-

459 2132 637 2188 deriis
665 2135 1192 2209 reprehendentes,
1215 2139 1292 2194 ad
1319 2139 1502 2194 Deum
1529 2138 1712 2194 corda
1744 2142 2111 2194 convertunt.

461 2223 540 2278 De
589 2223 682 2278 his
739 2225 966 2304 quippe
1014 2225 1304 2283 Dominus
1356 2243 1465 2300 per
1519 2228 1875 2301 Prophetam
1934 2226 2112 2283 dicit:

458 2312 613 2368 Ecce
667 2328 772 2384 ego
829 2315 1052 2383 sepiam
1107 2316 1264 2372 viam
1317 2322 1482 2372 tuam
1535 2318 1742 2387 spinis,
1793 2323 1848 2373 et
1893 2317 2115 2386 sepiam

460 2413 586 2455 eam
639 2404 922 2473 maceria,
973 2409 1025 2459 et
1083 2407 1322 2460 semitas
1367 2419 1508 2462 suas
1555 2421 1669 2460 non
1726 2405 2009 2470 inveniet,
2061 2409 2117 2461 et

457 2494 737 2559 sequetur
800 2496 1098 2547 amatores
1168 2507 1325 2562 suos,
1384 2497 1439 2548 et
1513 2508 1632 2548 non
1709 2492 2117 2563 apprehendet

459 2589 553 2630 eos
570 2587 594 2646 ,'
623 2583 844 2648 quaeret
873 2585 926 2634 et
961 2593 1080 2634 non
1110 2580 1368 2636 inveniet
1417 2594 1532 2651 eos,
1564 2586 1620 2637 et
1657 2581 1850 2638 dicet:
1890 2581 2115 2636 Vadam

460 2667 516 2718 et
543 2670 816 2720 revertar
862 2665 944 2720 ad
993 2666 1188 2723 virum
1238 2682 1434 2724 meum
1463 2670 1750 2738 priorem,
1783 2671 1925 2740 quia
1977 2669 2118 2724 bene

460 2752 612 2806 mihi
637 2758 767 2808 erat
805 2758 948 2809 tunc
981 2756 1172 2826 magis
1223 2771 1402 2828 quam
1452 2771 1613 2813 nunc
1642 2757 1788 2828 (Ose.
1826 2774 1884 2826 n,
1917 2759 1992 2828 6).
2022 2757 2117 2812 Vir

458 2839 935 2914 uniuscujusque
960 2841 1151 2898 ﬁdelis
1175 2843 1390 2900 animae
1419 2845 1574 2900 Deus
1595 2850 1702 2918 est,
1721 2845 1864 2918 quia
1889 2845 2016 2901 haec
2033 2846 2117 2901 vi-

457 2925 668 2984 delicet
697 2929 748 2984 ei
795 2931 884 2986 est
931 2931 1253 3002 conjuncta
1301 2948 1407 3005 per
1436 2932 1638 2989 ﬁdem.
1677 2934 1790 2991 Sed
1821 2934 1939 3006 illa,
1972 2951 2109 3008 quae

455 3016 777 3087 conjuncta
803 3021 921 3074 Deo
957 3018 1148 3075 fuerat
1189 3020 1718 3091 anima,amatores
1740 3039 1880 3078 suos
1912 3023 2108 3096 sequi-
2139 3058 2184 3113 Ι)

458 3110 572 3171 tur,
602 3105 851 3180 quando
881 3123 1053 3164 mens
1095 3125 1230 3182 quae
1273 3111 1402 3180 jam
1453 3125 1562 3184 per
1608 3108 1792 3168 ﬁdem
1840 3112 2106 3181 credidit,

456 3193 656 3251 adhuc
697 3211 760 3252 se
800 3196 1132 3254 immundis
1165 3197 1468 3271 spiritibus
1499 3199 1559 3254 in
1587 3199 1933 3272 operatione
1965 3199 2109 3257 sub-

454 3281 724 3353 bstemit,
751 3285 966 3342 mundi
995 3285 1247 3357 gloriam
1269 3287 1501 3361 quaerit,
1529 3287 2110 3346 carnalidelectatio-

456 3389 532 3429 ne
559 3373 847 3445 pascitur,
887 3375 1193 3446 exquisitis
1239 3375 1642 3448 voluptatibus
1685 3376 1960 3433 nutritur.
1997 3378 2110 3435 Sed

457 3460 812 3533 plerumque
838 3461 1219 3534 omnipotens
1249 3466 1404 3519 Deus
1436 3463 1615 3520 talem
1637 3465 1907 3521 animam
1937 3467 2111 3523 mise-

455 3546 766 3602 ricorditer
805 3548 1063 3620 respicit,
1092 3554 1146 3604 et
1176 3550 1305 3621 ejus
1333 3550 1737 3622 voluptatibus
1767 3553 2110 3610 amaritudi-

455 3651 563 3690 nes
603 3635 940 3707 permiscet.
979 3636 1140 3693 Unde
1169 3637 1343 3694 dicit:
1387 3639 1542 3694 Ecce
1570 3653 1674 3711 ego
1718 3643 1943 3710 sepiam
1983 3644 2108 3700 vias

459 3730 592 3779 tuas
619 3726 828 3794 spinis.
863 3726 977 3781 Vise
1025 3726 1186 3782 enim
1234 3733 1453 3783 nostrae
1506 3729 1694 3800 spinis
1740 3734 1919 3803 septas
1949 3737 2106 3801 sunt,

455 3812 704 3885 quando
730 3812 789 3869 in
815 3814 928 3870 hoc
949 3815 1116 3888 quod
1139 3815 1298 3872 male
1329 3816 1628 3890 cupimus,
1661 3818 1939 3875 dolorum
1959 3831 2111 3892 pune

456 3901 680 3958 ctiones
704 3903 1065 3976 invenimus.
1091 3905 1168 3960 Et
1198 3907 1419 3976 sepiam
1450 3921 1550 3964 eas
1576 3910 1840 3965 maceria
1871 3915 1927 3966 et
1945 3911 2110 3967 semi-

457 3997 548 4047 tas
576 4007 715 4047 suas
745 4008 864 4048 non
895 3993 1297 4050 inveniet.Viae
1325 3994 1484 4051 enim
1505 3999 1724 4052 nostris
1741 3999 2001 4054 maceria
2023 4015 2110 4054 se-

454 4080 720 4152 piuntur,
735 4097 872 4136 cum
892 4081 1206 4138 desideriis
1227 4085 1443 4140 nostris
1463 4083 1630 4141 duras
1650 4086 1714 4141 in
1741 4085 1856 4142 hoc
1881 4087 2109 4143 mundo

453 4167 820 4238 objectiones
846 4171 1142 4227 resistunt.
1178 4174 1244 4228 Et
1274 4173 1517 4229 semitas
1559 4180 1798 4230 nostras
1846 4175 2109 4232 invenire

455 4271 579 4313 non
607 4273 954 4330 possumus,
989 4260 1132 4333 quia
1174 4260 1289 4316 hoc
1338 4261 1504 4333 quod
1555 4263 1710 4318 male
1755 4265 2104 4335 quaerimus,

455 4344 704 4419 adipisci
733 4347 1141 4420 prohibemur.
1159 4349 1238 4405 Et
1259 4356 1539 4421 sequetur
1557 4357 1854 4407 amatores
1874 4368 2027 4419 suos,
2054 4362 2108 4412 et

453 4449 574 4491 non
604 4437 1008 4506 apprehendet
1034 4453 1170 4509 eos;
1193 4443 1419 4510 quaeret
1451 4445 1506 4495 et
1547 4455 1667 4495 non
1697 4442 1956 4497 inveniet
1978 4457 2104 4510 eos;

453 4525 598 4599 quia
625 4525 923 4598 malignos
952 4527 1215 4600 spiritus,
1240 4527 1460 4600 quibus
1483 4544 1545 4584 se
1567 4528 1628 4584 in
1654 4529 1960 4586 desideriis
1983 4532 2106 4586 suis

454 4616 658 4671 anima
688 4615 971 4683 subdidit,
991 4615 1069 4671 ad
1095 4615 1528 4671 desideriorum
1557 4633 1802 4673 suorum
1831 4617 2107 4675 effectum

451 4705 698 4761 minime
729 4704 1202 4778 comprehendit.
1229 4703 1341 4762 Sed
1371 4705 1447 4761 de
1489 4705 1604 4762 hac
1643 4706 1868 4763 salubri
1906 4708 2110 4764 adver-

452 4793 619 4850 sitate
649 4799 876 4865 quanta
893 4794 1113 4850 utilitas
1127 4798 1431 4861 nascatur,
1451 4794 1546 4867 adj
1556 4795 1724 4865 ungit
1753 4811 1891 4852 cum
1910 4797 2111 4852 subdi-

452 4889 565 4950 tur,
597 4885 675 4938 Et
702 4884 893 4940 dicet:
921 4886 1147 4940 Vadam
1186 4891 1237 4940 et
1271 4890 1544 4942 revertar
1579 4887 1661 4942 ad
1690 4887 1885 4942 virum
1915 4902 2107 4944 meum

417 4973 732 5043 priorem,
767 4975 910 5044 quia
937 4973 1089 5029 mihi
1137 4975 1280 5030 bene
1325 4981 1457 5032 erat
1499 4982 1644 5032 tunc
1689 4979 1879 5048 magis
1928 4993 2107 5048 quam

449 5076 629 5118 nunc.
666 5062 989 5133 Postquam
1011 5076 1154 5131 ergo
1180 5063 1309 5118 vias
1341 5079 1480 5119 suas
1510 5064 1698 5136 spinis
1722 5069 1923 5135 septas
1948 5065 2110 5119 inve~

452 5151 556 5221 nit,
589 5153 919 5222 postquam
969 5154 1268 5206 amatores
1307 5166 1452 5207 suos
1502 5152 1952 5224 apprehendere
1985 5168 2108 5208 non

450 5238 657 5306 valuit,
685 5237 762 5294 ad
792 5253 1062 5293 amorem
1092 5237 1198 5293 viri
1227 5238 1440 5310 prioris
1465 5239 1645 5308 redit;
1679 5239 1823 5312 quia
1849 5240 2110 5312 plerum-

450 5345 568 5401 que
582 5329 905 5399 postquam
917 5326 978 5381 in
989 5326 1104 5381 hoc
1119 5325 1345 5382 mundo
1361 5342 1484 5382 non
1497 5343 1822 5398 possumus
1841 5327 2107 5386 obtinere

450 5432 586 5488 quin
619 5414 919 5484 volumus,
949 5418 1272 5488 postquam
1321 5415 1380 5469 in
1423 5415 1664 5471 terrenis
1695 5416 2002 5474 desideriis
2032 5419 2105 5474 de

449 5502 924 5576 impossibilitate
956 5505 1275 5572 lassamur,
1313 5507 1450 5560 tunc
1495 5505 1572 5560 ad
1614 5512 1873 5562 mentem
1920 5509 2104 5563 Deum

449 5591 815 5664 reducimus,
848 5596 986 5649 tunc
1011 5592 1246 5667 placere
1267 5593 1473 5666 incipit
1499 5594 1603 5666 qui
1634 5595 1760 5666 [al.,
1780 5596 1964 5668 quod]
1991 5597 2106 5652 (lis-

447 5683 726 5762 plicebat,
745 5685 802 5740 et
825 5682 874 5742 is
899 5684 1071 5756 cujus
1096 5683 1271 5741 nobis
1291 5698 1500 5742 amara
1528 5682 1762 5740 fuerant
1781 5690 2096 5758 praecepta,

2223 1778 2716 1837 velit.Videamus
2737 1778 2884 1850 quid
2915 1778 3094 1833 etiam
3121 1783 3364 1833 sanctus
3394 1779 3780 1850 Hieronymus
3805 1779 3880 1833 in

2227 1868 2600 1943 Expositione
2632 1869 2776 1923 Osee
2806 1867 3113 1940 propheta;
3146 1868 3228 1937 (in
3261 1883 3381 1936 cap.
3414 1883 3470 1933 ll,
3501 1883 3647 1924 vers.
3680 1871 3732 1932 ϐ)
3764 1884 3870 1922 su-

2221 1975 2330 2034 per
2357 1961 2688 2014 memorato
2720 1956 2980 2029 capitulo
3013 1956 3250 2023 sentiat,
3274 1955 3372 2028 qui
3399 1972 3530 2012 cum
3549 1955 3876 2011 historiam

2218 2050 2391 2120 juxta
2457 2052 2772 2119 utramque
2833 2045 3154 2102 editionem
3203 2050 3465 2119 poneret,
3514 2044 3889 2118 exponendo

2224 2136 2528 2209 adjunxit:
2563 2134 2823 2208 [Dixerat
2854 2133 3164 2190 meretrix:
3211 2134 3436 2190 Vadam
3472 2140 3600 2204 post
3649 2140 3890 2190 amato-

2221 2243 2313 2283 res
2343 2241 2518 2293 meos,
2549 2224 2653 2297 qui
2683 2223 2956 2280 omnium
2999 2239 3200 2279 rerum
3242 2223 3388 2278 mihi
3442 2221 3893 2279 abundantiam

2222 2316 2643 2390 praebuerunt;
2703 2312 3011 2385 respondit
3077 2312 3401 2368 Dominus:
3469 2313 3593 2383 Ego
3660 2314 3892 2382 sepiam

2224 2409 2379 2463 viam
2415 2411 2578 2460 tuam
2605 2404 2811 2473 spinis,
2847 2402 2967 2458 sive
2998 2400 3268 2468 sudibus,
3298 2419 3374 2458 ne
3404 2403 3605 2477 possis
3635 2402 3723 2459 ire
3768 2421 3891 2477 quo

2223 2493 2548 2560 desideras,
2582 2497 2637 2548 et
2664 2493 3042 2564 interponam
3077 2491 3424 2559 maceriam,
3458 2493 3583 2548 sive
3617 2509 3887 2562 murum,

2223 2590 2280 2641 et
2308 2582 2549 2638 semitas
2578 2587 2711 2638 tuas
2759 2596 2911 2653 quas
2943 2580 3150 2636 crebro
3199 2580 3484 2637 triverant
3531 2580 3726 2654 pedes
3757 2582 3883 2654 [al.,

2222 2672 2461 2729 triverat
2504 2670 2679 2744 pede]
2708 2685 2831 2724 non
2884 2669 3171 2739 invenies,
3203 2686 3278 2726 ne
3311 2670 3739 2743 apprehendas
3767 2687 3874 2736 eos,

2223 2778 2379 2834 quos
2427 2764 2590 2816 tanto
2642 2758 2837 2814 studio
2890 2758 3256 2830 sequebaris,
3308 2764 3364 2815 et
3412 2776 3627 2816 verum
3686 2777 3886 2816 neces-

2225 2850 2391 2906 sitate
2441 2847 2757 2921 compulsa
2820 2848 3130 2904 revertaris
3187 2849 3264 2904 ad
3329 2851 3523 2904 virum
3582 2853 3774 2920 tuum,
3829 2853 3888 2906 et

2222 2937 2386 2994 dicas
2425 2936 2570 2993 illud
2618 2936 2691 2992 de
2738 2937 3096 3007 Evangelio:
3152 2939 3378 3006 Quanti
3417 2941 3783 2995 mercenarii
3829 2943 3891 2994 in

2223 3029 2394 3083 domo
2440 3029 2634 3098 patris
2686 3027 2802 3081 mei
2859 3027 3170 3083 abundant
3215 3029 3496 3098 panibus,
3531 3045 3636 3099 ego
3685 3035 3890 3085 autem

2225 3116 2320 3172 hic
2338 3117 2502 3186 fame
2523 3129 2720 3184 pereo.
2751 3113 3007 3184 Surgam
3040 3121 3092 3171 et
3117 3115 3210 3171 ibo
3237 3117 3319 3172 ad
3336 3123 3575 3187 patrem
3608 3133 3806 3172 meum
3841 3125 3895 3173 et

2221 3205 2414 3261 dicam
2448 3206 2502 3260 ei
2519 3221 2531 3259 :
2561 3205 2765 3271 Pater,
2793 3205 3040 3273 peccavi
3067 3209 3128 3260 in
3161 3205 3375 3261 cretum
3406 3211 3459 3262 et
3492 3221 3697 3262 coram
3723 3211 3804 3276 te,
3845 3214 3898 3263 et

2210 3296 2344 3364 jam
2369 3309 2486 3348 non
2517 3309 2647 3348 sum
2682 3291 2899 3362 dignus
2929 3295 3135 3349 vocari
3159 3294 3325 3362 ﬁlius
3365 3299 3522 3359 tuus,
3543 3295 3652 3365 fac
3683 3311 3779 3350 me
3811 3298 3895 3350 si-

2221 3389 2319 3440 cut
2351 3399 2536 3439 unum
2565 3383 2639 3439 de
2666 3383 3049 3440 mercenariis
3083 3385 3198 3440 (uis
3228 3385 3396 3452 (Luc.
3427 3401 3524 3450 xv,
3561 3385 3770 3456 {7-19}.
3811 3388 3900 3441 Ex

2219 3489 2341 3546 quo
2371 3471 2756 3542 intelligimus
2789 3471 2952 3544 quod
2983 3472 3356 3544 providentia
3386 3473 3481 3530 Dei
3514 3489 3673 3546 saepe
3705 3474 3902 3530 nobis

2220 3562 2495 3618 accidant
2522 3561 2702 3622 mala,
2735 3577 2810 3616 ne
2854 3561 3188 3618 habeamus
3219 3578 3288 3618 ea
3326 3579 3459 3635 quae
3488 3563 3801 3635 cupimus,
3842 3570 3901 3620 et

2220 3651 2399 3706 variis
2444 3649 2881 3706 calamitatibus
2933 3651 3114 3721 hujus
3169 3651 3362 3707 saeculi
3413 3668 3482 3709 ac
3513 3653 3771 3707 miseriis
3811 3653 3900 3708 ad

2223 3741 2322 3796 Dei
2371 3741 2712 3795 servitutem
2750 3740 2940 3796 redire
2990 3756 3298 3811 cogamur.
3332 3742 3641 3798 Amatores
3678 3748 3900 3799 autem

2218 3828 2546 3884 Jerusalem
2598 3833 2654 3884 et
2703 3829 2893 3898 gentis
2922 3829 3162 3901 Iudaeae,
3196 3831 3524 3886 secundum
3565 3831 3902 3888 historiam

2218 3917 2372 3974 illius
2402 3918 2706 3990 temporis,
2742 3919 3011 3991 Assyrios
3037 3923 3216 3992 atque
3239 3919 3547 3975 Chaldaeos
3569 3923 3624 3976 et
3648 3921 3902 3994 Egyp-

2219 4007 2350 4073 tios,
2385 4006 2780 4080 nationesque
2831 4012 3071 4063 caeteras
3111 4008 3535 4079 intelligamus,
3569 4025 3711 4064 cum
3738 4025 3905 4081 quo-

2218 4110 2355 4150 rum
2436 4093 2612 4149 idolis
2680 4093 2971 4151 fornicata
3037 4101 3146 4166 est,
3214 4111 3249 4153 a
3307 4096 3529 4168 quibus
3584 4095 3906 4154 bellorum

2217 4186 2490 4255 tempore
2521 4187 2576 4238 et
2601 4184 3015 4255 prementibus
3046 4184 3220 4241 malis
3246 4185 3463 4241 frustra
3487 4187 3755 4258 speravit
3786 4203 3910 4244 au-

2217 4271 2447 4327 xilium.
2481 4274 2595 4327 Hos
2621 4278 2938 4335 amatores,
2958 4274 3134 4345 juxta
3163 4274 3610 4345 intelligentiam
3644 4275 3910 4348 spirita-

2217 4361 2356 4431 lem,
2391 4365 2728 4434 sequuntur
2777 4363 3055 4430 haeretici,
3090 4379 3126 4419 a
3176 4363 3398 4437 quibus
3443 4379 3600 4436 saepe
3639 4362 3908 4434 deserti,

2217 4449 2517 4505 malorum
2547 4449 2816 4521 pondere
2848 4452 2926 4507 ad
2977 4453 3176 4508 sinum
3229 4453 3438 4508 matris
3491 4452 3758 4508 Ecclesiae
3797 4470 3910 4512 re-

2218 4542 2543 4594 vertuntur.
2579 4539 2688 4593 Per
2717 4541 2926 4597 omnia
2951 4542 3114 4598 enim
3144 4541 3383 4613 ﬂagella
3410 4547 3588 4616 atque
3617 4546 3910 4600 tormen-

2219 4630 2276 4682 ta
2307 4626 2575 4682 eruditur
2607 4626 2805 4684 Israel.

2289 4715 2324 4782 ιῘ·
2342 4715 2739 4771 Advertamus
2761 4721 3110 4776 utrumnam
3133 4720 3422 4792 prodigus
3435 4719 3591 4775 ﬁlius
3609 4721 3913 4792 compul-

2219 4821 2321 4860 sus
2345 4819 2422 4860 an
2448 4809 2658 4876 sponte
2683 4804 2938 4868 redierit,
2967 4809 3069 4879 qui
3098 4824 3233 4863 cum
3263 4808 3322 4863 in
3349 4807 3616 4881 potando
3638 4811 3908 4879 partem

2219 4891 2572 4948 substantiae
2625 4908 2746 4947 suae
2799 4893 3156 4965 prodigeret,
3190 4901 3244 4951 et
3273 4912 3520 4969 peregre
3551 4894 3908 4968 profectus;

2218 4978 2463 5034 adhaesit
2484 4980 2586 5034 uni
2602 4979 2821 5036 civium
2839 4982 3094 5052 regionis
3111 4982 3401 5053 illius,ubi
3418 5000 3555 5039 cum
3567 4983 3732 5038 horis
3751 4984 3911 5060 (sic)

2218 5082 2538 5139 porcorum
2589 5067 2745 5123 illius
2784 5071 3112 5143 inserviret,
3147 5073 3328 5145 erepit
3368 5077 3426 5128 et
3470 5087 3660 5143 egere,
3693 5077 3752 5128 et
3789 5091 3910 5132 cu-

2218 5155 2418 5228 piebat
2435 5157 2686 5213 saturari
2705 5157 2778 5214 de
2800 5158 3026 5232 siliquis
3039 5177 3192 5233 quas
3212 5162 3379 5234 porci
3401 5160 3905 5238 manducabant,

2217 5248 2273 5300 et
2293 5260 2471 5301 nemo
2493 5245 2574 5301 illi
2596 5245 2821 5304 dabat?
2842 5249 3207 5322 tandemque
3228 5251 3288 5306 in
3312 5267 3376 5307 se
3397 5265 3668 5307 reversus
3693 5251 3904 5311 dixit:

2218 5334 2442 5402 Qnanti
2452 5339 2810 5392 mercenarii
2817 5340 3010 5407 patris
3030 5341 3146 5395 mei
3161 5339 3907 5415 abrmdantpanibus,cgo

2215 5427 2413 5479 autem
2433 5424 2530 5479 hic
2545 5425 2713 5494 fame
2734 5441 2930 5495 pereo.
2961 5428 3157 5497 Longe
3188 5429 3413 5501 quippe
3445 5445 3480 5485 a
3511 5444 3569 5484 se
3591 5428 3906 5488 discesse-

2215 5516 2304 5566 rat
2324 5513 2570 5584 quando
2598 5515 2906 5586 peccabat,
2936 5522 2989 5572 ct
3022 5518 3066 5572 si
3099 5533 3221 5574 non
3250 5520 3544 5583 csurisset,
3568 5520 3627 5574 in
3661 5528 3900 5579 semet-

2214 5601 2414 5670 ipsum
2442 5602 2687 5660 minime
2717 5605 3002 5662 redisset:
3035 5608 3140 5680 qui
3170 5613 3498 5682 postquam
3523 5610 3769 5665 terrenis
3797 5627 3897 5668 re-

2208 5687 2322 5744 bus
2347 5687 2620 5761 indiguit,
2652 5698 2791 5750 tunc
2824 5695 3084 5766 cogitare
3115 5697 3294 5770 erepit
3321 5695 3467 5771 quid
3489 5697 3563 5754 de
3591 5697 3894 5770 spiritali-
