4116 6186
265 186 381 240 1085

1178 183 1266 237 DE
1306 175 1968 237 PREDESTINATIONE
2009 173 2301 232 CONTRA
2342 175 2395 232 «Ι.
2439 176 2477 231 S
2539 177 2794 232 ΓΟἹΕΜ.

3530 171 3668 231 tm

257 309 354 363 bus
380 306 598 363 amisit.
639 303 839 361 Refert
867 320 1111 377 quoque
1141 303 1290 359 liber
1320 304 1700 377 Dabrejamin
1739 301 1904 378 quod
1935 306 1980 358 Α
2020 298 2146 354 lum
2178 299 2310 369 cogi
2339 301 2367 355 ?
2395 299 2506 356 Sed
2532 300 2673 373 quia
2703 299 2831 355 ﬁeri
2860 314 2982 355 non
3009 303 3202 373 potest
3226 302 3290 354 ut
3318 297 3483 355 electi
3509 299 3570 354 in
3602 299 3672 354 il-

256 400 543 454 Mauasses
579 394 780 450 multis
812 393 1220 466 impietatibus
1245 411 1373 450 sese
1402 395 1691 450 adversus
1722 398 1907 450 Deum

253 486 512 554 erexerit,
563 501 598 541 a
626 500 749 557 quo
780 483 1131 539 humiliatus
1162 487 1218 539 et
1257 484 1598 557 Babyloniis
1630 483 1905 552 traditus,

257 579 428 648 atque
458 574 518 629 in
551 589 787 630 carcere
814 576 1146 643 catenatus,
1177 572 1529 630 recordatus
1552 573 1783 630 Domini
1809 571 1906 627 Dei

257 663 859 737 egeritpoenitentiam
877 661 1077 717 adhuc
1097 661 1157 717 in
1180 677 1416 718 carcere
1446 661 1906 734 vinctus,sicque

258 757 309 809 et
334 769 367 808 a
399 751 649 808 vinculis
678 750 1118 807 absolutionem
1150 753 1205 806 et
1232 751 1400 822 regni
1429 751 1656 823 pristini
1680 765 1907 806 merue-

259 841 326 896 rit
350 840 776 897 restitutionem
807 839 900 910 (II
918 841 1065 895 Par.
1113 855 1321 910 xxxm,
1359 843 1466 907 Η).
1510 839 1664 904 Quid
1692 837 1767 894 de
1796 842 1908 894 An-

261 931 448 987 tiocho
473 945 610 1001 rege
631 929 856 985 nefario
877 928 1158 1002 replicem
1176 929 1205 984 ‘2
1227 928 1330 1001 qui
1353 945 1511 995 cum,
1545 933 1607 984 ut
1628 927 1742 985 alia
1770 943 1906 1000 quae

260 1036 432 1092 super
461 1037 531 1076 eo
561 1019 895 1076 referuntur
923 1023 1177 1075 taceam.
1222 1022 1430 1074 contra
1460 1017 1558 1073 Dei
1587 1017 1903 1090 populum,

258 1109 475 1164 cultum
509 1108 920 1182 templumque
948 1111 1078 1179 ejus
1112 1107 1262 1164 adeo
1296 1106 1535 1177 fureret,
1568 1112 1623 1163 et
1661 1107 1909 1162 circum-

255 1197 533 1252 cisionem
565 1197 927 1270 prohiberet,
955 1196 1118 1266 leges
1150 1196 1305 1251 illius
1329 1195 1612 1262 aboleret,
1646 1195 1908 1267 atquein

254 1284 468 1358 templo
501 1285 928 1358 Hierosolymis
961 1301 1137 1341 suam
1167 1285 1450 1357 Jovisque
1495 1283 1752 1356 Olympii
1796 1287 1910 1338 sta-

253 1379 410 1431 tuam
441 1374 838 1440 constitueret,
855 1373 933 1430 ad
962 1379 1294 1429 extremum
1325 1389 1646 1446 percussus
1678 1371 1907 1428 caelitus

252 1463 456 1520 morbo
499 1461 848 1531 insanabili,
889 1463 972 1519 ita
1020 1467 1084 1518 ut
1135 1462 1381 1518 fetorem
1425 1461 1580 1517 illius
1619 1461 1910 1517 exercitus

251 1553 394 1608 ferre
419 1552 758 1608 nullatenus
775 1556 996 1625 posset,
1011 1551 1382 1607 infructuosa
1403 1550 1754 1624 poenitentia
1771 1566 1910 1606 con-

2018 390 2140 446 lum
2175 406 2437 446 errorem
2467 391 2640 464 plene
2663 391 3042 457 inducantur,
3068 391 3244 447 datur
3271 389 3514 458 intelligi
3530 390 3673 463 quia

2016 480 2186 554 plene
2217 481 2574 538 inducentur
2602 483 2706 555 qui
2737 497 2859 539 non
2891 485 3029 538 sunt
3059 481 3244 538 electi.
3272 481 3456 537 Audis
3491 481 3675 538 tribu-

2015 570 2296 626 lationem
2328 571 2508 627 talem
2558 571 2821 628 futuram
2855 570 3052 644 qualis
3083 587 3208 627 non
3245 571 3418 627 fuerit
3461 570 3540 626 ab
3568 570 3674 627 ini-

2014 659 2094 715 tio
2145 658 2368 729 saeculi,
2413 673 2536 732 qua
2583 659 2946 716 inducantur
2986 660 3048 716 in
3078 675 3360 728 errorem,
3401 663 3458 716 et
3486 657 3674 716 audes

2016 747 2238 815 garrire
2268 747 2498 803 nullam
2521 749 3024 822 compulsativam
3047 765 3297 806 causam
3314 748 3670 822 praecedere.

2087 836 2229 900 Quae
2258 851 2398 891 cum
2436 836 2516 892 ita
2543 839 2681 900 sint,
2713 838 3052 894 nullatenus
3081 842 3284 894 tamen
3313 836 3579 894 aufertur
3603 836 3673 893 li-

2015 923 2214 979 bertas
2247 923 2493 988 arbitrii,
2539 925 2642 980 sed
2699 926 2917 982 talibus
2964 928 3339 1000 sempiternae
3370 927 3674 1000 sapientiae

2012 1010 2644 1083 modis,voluntatibus
2676 1017 2854 1085 atque
2877 1015 3138 1070 consiliis
3155 1015 3248 1071 vel
3273 1015 3351 1072 ad
3371 1015 3486 1072 hoc
3516 1026 3677 1072 com-

2015 1099 2270 1174 pellitur,
2303 1105 2366 1156 ut
2398 1116 2470 1156 ex
2517 1101 2709 1156 servili
2740 1102 2844 1158 ﬁat
2870 1101 3149 1170 liberalis,
3183 1109 3240 1161 et
3268 1104 3343 1161 de
3375 1109 3587 1161 crs-tero
3611 1104 3678 1160 li—

2015 1191 2161 1246 bera
2177 1189 2454 1246 servitute
2475 1190 2773 1248 liberatori
2805 1208 2917 1248 suo
2937 1191 3188 1250 liberata
3209 1196 3540 1264 deserviat;
3574 1199 3679 1251 aut

2017 1279 2253 1336 deserta
2282 1295 2391 1352 pro
2423 1280 2646 1337 meritis
2679 1282 2946 1337 tenacius
2988 1282 3518 1357 delectabiliusque
3562 1297 3678 1340 ser-

2018 1367 2118 1423 vili
2141 1368 2399 1424 libertati
2420 1369 2722 1434 inhaareat,
2751 1377 2812 1425 ut
2831 1371 3150 1444 impleatur
3171 1378 3491 1446 utrumque
3511 1371 3672 1446 quod

2017 1457 2079 1513 in
2109 1457 2475 1530 Apocalypsi
2503 1459 2836 1514 terribiliter
2864 1460 3079 1516 dicitur
3120 1478 3132 1516 :
3170 1463 3430 1518 Sanctus
3457 1463 3678 1519 sancti-

2015 1547 2230 1616 ﬁcetur
2257 1546 2478 1613 adhuc,
2521 1554 2574 1604 et
2604 1551 2810 1618 justus
2845 1550 3210 1619 iustiﬁcetur
3239 1551 3460 1617 adhuc,
3492 1557 3546 1606 et
3576 1551 3681 1622 qui

252 1641 437 1696 fessus
465 1646 551 1698 est
581 1643 767 1696 Deum
799 1657 926 1695 esse
956 1657 1187 1708 verum,
1217 1656 1401 1713 quem
1434 1645 1681 1696 eatenus
1711 1638 1908 1711 impu-
1943 1658 1982 1712 Β
2020 1638 2084 1692 in
2110 1636 2382 1692 sordibus
2412 1643 2514 1704 est,
2547 1638 2849 1695 sordescat
2875 1640 3076 1696 adhuc
3106 1640 3313 1711 (Apoc.
3357 1655 3498 1700 xxu,
3547 1639 3674 1711 11)};

251 1737 560 1801 gnaverat;
592 1746 842 1803 seseque
866 1729 1142 1785 Judaeum
1190 1730 1477 1792 futurum,
1516 1732 1631 1785 Deo
1663 1729 1912 1784 servitu-

250 1836 399 1887 rum,
421 1819 659 1893 aliaque
680 1819 854 1893 plura
876 1819 1174 1875 facturum
1207 1818 1601 1892 compellente
1624 1816 1910 1874 nimirum

250 1907 450 1964 dolore
515 1907 704 1964 nimio
769 1909 951 1964 cassis
1017 1908 1549 1982 pollicitationibus
1611 1907 1912 1963 fatebatur

255 1999 333 2068 (II
353 1997 554 2054 Mach.
586 2014 670 2067 1x,
701 1999 871 2064 7-17).
951 2031 954 2034 -

323 2087 494 2151 Quod
556 2091 757 2142 autem
828 2087 906 2142 ad
962 2086 1126 2142 mala
1180 2087 1357 2142 etiam
1416 2086 1586 2141 multi
1643 2083 1908 2158 compel-

255 2173 470 2242 lantur,
493 2175 601 2230 etsi
633 2174 905 2247 exempla
926 2174 1270 2241 deﬁcerent,
1293 2175 1681 2248 quotidianus
1710 2189 1911 2230 rerum

255 2263 444 2318 exitus
475 2268 708 2335 poterat
745 2263 1014 2328 edocere,
1057 2280 1194 2320 cum
1237 2263 1548 2318 videamus
1583 2263 1911 2335 saepissime

256 2351 558 2424 quosdam
591 2352 771 2419 fame,
805 2352 951 2408 alios
996 2352 1242 2416 morbis,
1284 2351 1605 2426 plerosque
1645 2352 1822 2406 minis
1859 2356 1916 2407 et

247 2440 575 2496 terroribus
607 2441 762 2510 cogi,
795 2446 849 2497 et
881 2441 957 2498 ad
991 2445 1214 2497 tantam
1251 2441 1542 2497 scelerum
1574 2439 1912 2496 immanita-

248 2532 364 2585 tem
391 2545 817 2602 prorumpere,
851 2535 914 2585 ut
941 2529 1092 2586 ﬁdes
1122 2529 1389 2586 fortassis
1437 2528 1772 2585 dicentibus
1815 2529 1915 2584 de-

249 2625 526 2689 meretur,
551 2619 599 2674 si
625 2635 747 2674 non
776 2619 1057 2676 instantia
1087 2619 1420 2675 manifestae
1450 2619 1697 2674 visionis
1727 2619 1911 2674 facto-

247 2724 380 2763 rum
412 2708 830 2764 certitudinem
860 2708 1179 2764 intimaret.
1211 2708 1430 2774 Quanti
1461 2723 1570 2780 pro
1596 2707 1770 2762 dolor
1803 2708 1816 2762 l
1854 2707 1912 2763 in

251 2796 538 2868 martyrio
564 2797 743 2869 positi
769 2797 848 2852 ab
877 2799 1119 2852 ineunte
1149 2803 1318 2853 {etate
1343 2797 1744 2866 integritatem
1771 2796 1911 2850 fidei

247 2900 484 2940 morum
533 2886 828 2958 probitate
875 2886 1394 2952 commendantes,
1449 2886 1527 2940 ad
1581 2889 1912 2941 extremum

2021 1730 2319 1800 quatenus
2334 1727 2649 1800 utrobique
2662 1729 2906 1801 propria
2917 1727 3222 1786 voluntate
3234 1729 3676 1801 delectabiliter,

2021 1816 2126 1870 sed
2174 1814 2408 1872 diverso
2437 1815 2642 1872 fomite
2686 1816 3035 1889 nitentibus,
3079 1818 3276 1890 justus
3301 1818 3488 1889 judex
3521 1819 3679 1889 juste

2020 1902 2312 1976 rependat
2348 1904 2673 1977 unicuique
2702 1906 2869 1978 quod
2894 1911 3216 1964 merentur.
3250 1906 3502 1963 Proinde
3531 1905 3681 1962 nulli

2019 1992 2352 2066 quamlibet
2394 1993 2650 2050 tenuiter
2679 1994 3081 2052 consideranti
3110 2000 3291 2052 restat
3322 1995 3680 2067 ambiguum

2020 2081 2165 2154 quia
2190 2081 2412 2146 falsum
2445 2082 2520 2139 sit
2548 2083 2711 2155 quod
2763 2082 2962 2139 dixisti
2998 2102 3012 2140 ε
3059 2085 3172 2141 Ubi
3198 2087 3352 2143 enim
3383 2093 3464 2142 est
3495 2097 3680 2142 causa

2019 2167 2152 2244 ᾳ·αὼ
2180 2173 2501 2242 compellit,
2538 2173 2624 2228 ibi
2647 2189 2766 2229 non
2811 2180 2895 2229 est
2922 2180 3145 2231 natura
3173 2190 3302 2246 qua
3335 2176 3494 2232 velit.
3525 2172 3681 2240 Quid

2020 2263 2176 2317 enim
2208 2263 2236 2317 ‘1’
2266 2261 2541 2334 nunquid
2573 2277 2695 2318 non
2725 2267 2812 2318 est
2842 2268 3057 2320 natura
3092 2263 3299 2332 homo,
3332 2264 3436 2338 qui
3464 2279 3678 2320 secun-

2019 2349 2166 2406 dum
2217 2351 2655 2423 praecedentem
2703 2353 3135 2422 auctoritatem,
3182 2369 3343 2410 nunc
3384 2353 3463 2410 ad
3493 2353 3678 2424 bona,

2019 2455 2182 2496 nunc
2213 2440 2290 2495 ad
2323 2439 2502 2507 mala,
2534 2446 2712 2513 prout
2743 2441 2864 2497 vult
2892 2442 2987 2498 ille
3033 2443 3136 2516 qui
3187 2444 3393 2499 omnia
3425 2443 3678 2515 iudicat,

2023 2529 2396 2602 compellitur
2427 2548 2439 2586 :
2474 2529 2626 2586 alius
2659 2531 2764 2595 sic,
2812 2531 2965 2588 alius
3009 2536 3210 2589 autem
3249 2533 3332 2588 sic
3363 2533 3391 2588 ?
3436 2532 3679 2588 Certum

2023 2624 2110 2674 est
2139 2624 2340 2675 autem
2366 2620 2854 2692 praevaricatores
2883 2621 3130 2692 angelos
3177 2621 3499 2678 Dominum
3541 2637 3672 2677 nos-

2022 2712 2180 2764 trum
2204 2711 2405 2764 Jesum
2432 2710 2756 2765 Christrum
2785 2727 3103 2784 nunquam
3125 2711 3385 2768 voluisse
3410 2715 3513 2768 aut
3533 2711 3680 2767 velle

2023 2815 2058 2854 a
2077 2799 2367 2872 quopiam
2394 2800 2705 2872 praedicari
2729 2818 2741 2854 :
2771 2817 2926 2873 quos
2955 2807 3152 2857 tamen
3179 2801 3386 2857 Filium
3420 2801 3518 2856 Dei
3545 2817 3682 2856 con-

2023 2889 2212 2945 fessos
2262 2889 2608 2958 evangelica
2653 2895 2858 2946 narrat
2898 2891 3182 2957 historia;
3215 2891 3423 2946 dicunt
3468 2891 3627 2946 enim
3663 2907 3676 2945 :

249 2976 555 3031 tormentis
587 2976 1012 3048 exquisitisque
1031 2992 1352 3048 poenarum
1379 2975 1702 3065 generibus
1723 2975 1911 3031 coacti
1943 3010 1982 3065 C
2023 2977 2180 3044 Quid
2205 2979 2392 3043 nobis,
2438 2984 2491 3032 et
2538 2978 2665 3046 tibi,
2695 2977 2822 3033 Fili
2856 2979 2986 3046 Dei,
3027 2979 3243 3033 venisti
3283 2983 3424 3034 ante
3453 2983 3680 3046 tempus

247 3064 386 3114 sunt
405 3076 624 3128 negare
654 3061 820 3132 quod
851 3061 1145 3116 hactenus
1172 3059 1646 3114 constantervisi
1680 3059 1910 3115 fuerant

244 3149 624 3221 praedicasse.
643 3149 815 3204 Unde
847 3149 985 3204 etin
1017 3148 1171 3204 libro
1195 3147 1675 3204 Machabaeorum
1700 3147 1914 3218 legitur

246 3237 394 3308 quia
417 3238 590 3306 jussu
643 3237 799 3306 regis
849 3237 1122 3293 Antiochi
1171 3235 1684 3310 compellebantur
1722 3237 1911 3309 Judaei

250 3325 563 3397 porcinam
593 3341 835 3380 carnem
865 3325 1256 3392 manducare,
1285 3330 1341 3381 et
1368 3325 1484 3382 alia
1515 3325 1701 3381 multa
1733 3342 1911 3397 agere

246 3418 460 3469 contra
488 3413 650 3483 leges
678 3414 960 3470 divinitus
1004 3415 1412 3487 promulgatas
1457 3418 1541 3483 (II
1581 3416 1780 3472 Maeli.
1827 3431 1909 3500 vr,

248 3507 354 3571 £8;
396 3519 494 3574 vn,
554 3504 622 3575 l).
678 3505 964 3570 Quamvis
1005 3510 1060 3561 et
1099 3505 1416 3578 Apostolus
1459 3505 1784 3562 identidem
1835 3506 1909 3563 de

244 3592 448 3665 seipso
500 3594 750 3666 parique
802 3594 1140 3650 conditione
1197 3594 1727 3665 ingemiscentibus
1784 3611 1908 3651 non

241 3687 439 3739 taceat
484 3699 622 3739 cum
675 3684 815 3740 dicit
857 3701 870 3738 :
923 3686 1059 3741 Non
1106 3687 1260 3741 enim
1306 3687 1465 3757 quod
1508 3687 1639 3741 volo
1690 3686 1906 3741 bonum

242 3772 358 3828 hoc
379 3787 514 3842 ago,
545 3773 648 3828 sed
676 3774 837 3846 quod
873 3775 1010 3829 nolo
1055 3775 1301 3840 malum,
1336 3775 1492 3831 illud
1521 3776 1683 3845 facio
1712 3777 1903 3843 (Rom,

239 3877 346 3931 vn,
380 3865 487 3932 15).
523 3864 588 3917 Et
625 3877 867 3917 rursum
902 3880 914 3917 :
958 3863 1132 3919 Video
1162 3870 1357 3920 autem
1402 3865 1587 3920 aliam
1631 3865 1813 3934 legem
1843 3866 1903 3918 in

237 3951 521 4006 membris
561 3954 702 4008 meis
747 3960 1179 4023 repugnantem
1225 3954 1342 4023 legi
1379 3954 1591 4008 mentis
1639 3944 1801 4021 meae,
1849 3959 1902 4008 et

237 4041 544 4108 captivum
579 4056 670 4096 me
696 4041 1004 4097 ducentem
1035 4043 1097 4097 in
1130 4043 1255 4112 lege
1283 4043 1533 4112 peccati,
1565 4056 1696 4111 qua?
1721 4051 1799 4096 est
1840 4043 1902 4096 in

236 4128 520 4184 membris
549 4131 712 4186 meis.
741 4130 971 4199 Infelix
994 4146 1098 4201 ego
1130 4130 1322 4200 homo,
1345 4131 1476 4202 quis
1507 4145 1597 4185 me
1628 4129 1902 4186 liberabit

233 4217 313 4274 de
362 4233 611 4287 corpore
656 4220 860 4274 mortis
904 4222 1030 4289 ejus
1063 4224 1090 4274 ?
1139 4221 1350 4276 Gratia
1395 4220 1506 4275 Dei
1544 4234 1656 4289 per
1699 4217 1902 4277 Jesum

237 4307 553 4363 Christum
591 4308 912 4363 Dominum
952 4313 1220 4363 nostrum
1253 4309 1450 4379 (lbid.,
1481 4309 1685 4379 23-25),
1715 4313 1772 4363 et
1800 4325 1901 4363 cae-

237 4401 370 4451 tera
416 4412 552 4468 quae
591 4395 671 4451 ad
720 4396 997 4452 eumdem
1046 4411 1293 4452 sensum
1335 4397 1688 4468 pertinentia
1725 4397 1903 4453 latius

236 4485 607 4556 exsequitur.
641 4485 1034 4542 Antichristus
1077 4501 1321 4560 quoque
1367 4491 1593 4558 quanta
1622 4487 1902 4543 ﬁdelibus

233 4573 520 4646 aliisque,
553 4574 768 4646 partim
815 4575 1219 4642 suasionibus,
1265 4575 1481 4648 partim
1532 4577 1903 4642 muneribus,

234 4680 408 4719 nunc
438 4664 640 4734 signis,
675 4680 834 4720 nunc
867 4665 1193 4721 terroribus
1228 4667 1302 4722 sit
1331 4666 1622 4737 illaturus,
1655 4673 1721 4722 ut
1751 4670 1906 4722 Deus

238 4752 543 4820 credatur,
587 4758 642 4810 et
690 4753 1052 4827 prophetiam
1102 4760 1158 4812 et
1201 4755 1542 4828 apostolicae
1596 4757 1909 4828 Scripturee

237 4845 519 4914 patenter
546 4843 826 4914 innuunt,
859 4848 914 4900 et
942 4844 1244 4918 preecipue
1275 4845 1400 4919 ipse
1444 4845 1757 4912 Dominus,
1806 4861 1912 4918 qui

230 4948 386 4987 cum
417 4932 715 4988 adventus
757 4933 885 5004 ejus
914 4934 1248 5005 praestigias
1297 4934 1767 5008 efﬁcientiasque
1811 4934 1912 4991 de-

228 5021 547 5078 testabiles
599 5021 971 5095 perindeque
1027 5023 1438 5097 importabiles
1491 5025 1840 5098 prtediceret
1896 5061 1908 5099 ε

227 5112 380 5167 Erit
415 5112 592 5180 enim,
631 5111 846 5184 inquit,
879 5117 1023 5169 tunc
1054 5114 1367 5171 tribulatio
1413 5117 1754 5189 talisqualis
1793 5129 1911 5171 non

222 5203 358 5271 fuit
401 5201 478 5256 ab
509 5201 681 5257 initio
711 5201 918 5257 saeculi
954 5218 1142 5274 neque
1174 5205 1299 5276 fiet,
1332 5207 1414 5261 ita
1448 5210 1514 5259 ut
1548 5205 1611 5259 in
1651 5218 1910 5260 errorem

224 5291 636 5357 inducantur,
685 5291 737 5345 si
786 5291 923 5357 fieri
955 5297 1174 5365 potest,
1226 5295 1405 5349 etiam
1458 5293 1631 5348 electi
1669 5292 1906 5360 (Matth.

222 5399 356 5448 xxv,
391 5384 503 5447 23).
542 5384 684 5436 Ecce
708 5382 898 5451 judex
933 5383 1208 5438 omnium
1241 5382 1445 5440 induci
1478 5387 1772 5436 terrorum
1801 5381 1909 5436 im-

224 5470 655 5534 manitatibus,
691 5471 741 5526 si
771 5471 897 5526 fieri
929 5473 1138 5544 possit,
1168 5473 1346 5528 etiam
1387 5471 1604 5526 electos
1643 5475 1906 5540 testatur,

221 5564 290 5616 et
331 5565 398 5614 tu
430 5559 618 5614 audes
647 5560 1013 5633 obstrepere,
1055 5559 1221 5616 nulla
1254 5559 1688 5632 compulsativa
1724 5575 1910 5618 causa

219 5646 642 5722 praecedente,
673 5649 1026 5722 quempiam
1053 5649 1148 5706 vel
1185 5648 1264 5706 ad
1291 5649 1523 5706 bonum
1552 5648 1648 5705 vel
1677 5648 1756 5706 ad
1775 5664 1904 5705 ma-

2024 3073 2299 3139 torquere
2326 3080 2432 3121 nos
2452 3069 2479 3120 ?
2509 3066 2745 3133 (Matth.
2779 3081 2901 3132 vui,
2924 3070 3031 3133 29).
3060 3065 3288 3131 Quibus
3316 3065 3515 3121 verbis
3539 3079 3679 3137 pro-

2021 3154 2172 3210 fecto
2231 3154 2499 3210 indicant
2554 3170 2762 3209 eorum
2820 3153 3225 3210 testimonium
3289 3169 3680 3227 nequaquam

2021 3244 2201 3300 fuisse
2228 3260 2322 3299 am
2333 3243 2451 3300 oris
2482 3247 2540 3300 et
2560 3243 2775 3306 laudis,
2807 3243 2911 3299 sed
2935 3243 3186 3302 timoris.
3209 3259 3320 3300 nec
3339 3243 3675 3306 voluntarii,

2023 3331 2130 3388 sed
2161 3332 2351 3399 inviti,
2381 3348 2577 3406 neque
2607 3332 2852 3389 honoris
2889 3333 3098 3388 munia
3133 3338 3346 3406 sponte
3376 3332 3678 3402 solventis,

2020 3422 2125 3477 sed
2151 3421 2302 3478 inter
2328 3426 2626 3478 tormenta
2654 3427 2711 3479 et
2738 3422 2989 3478 verbera
3017 3422 3184 3496 quod
3212 3422 3682 3496 extorquebatur

2017 3511 2193 3568 invite
2225 3511 2582 3569 conﬁtentis.
2617 3512 2790 3579 Quod
2821 3529 2961 3569 cum
2988 3512 3197 3583 negari
3226 3517 3508 3586 nequeat,
3539 3513 3678 3586 quis

2017 3617 2120 3656 eos
2148 3605 2378 3657 asserat
2397 3602 2731 3674 perdidisse
2753 3608 3031 3659 naturam
3058 3618 3195 3658 cum
3214 3603 3342 3670 jam
3372 3602 3515 3658 olim
3537 3602 3679 3657 irre-

2017 3690 2435 3762 cuperabiliter
2459 3691 2686 3746 bonam
2705 3691 3072 3762 perdiderint
3096 3693 3464 3747 voluntatem
3487 3693 3514 3747 ‘2
3544 3707 3678 3763 quae

2015 3795 2153 3834 cum
2180 3796 2302 3835 non
2327 3781 2396 3835 sit
2420 3796 2688 3852 unquam
2708 3795 2813 3850 per
2836 3781 3156 3835 Dominum
3176 3785 3452 3834 nostrum
3474 3780 3680 3834 Jesum

2014 3867 2312 3922 Christum
2344 3866 2660 3922 liberanda
2691 3871 2868 3937 atque
2900 3867 3198 3933 sananda,
3222 3867 3319 3921 cui
3340 3881 3462 3920 non
3481 3870 3682 3936 pateat

2013 3951 2228 4010 falsam
2271 3970 2400 4010 esse
2444 3953 2857 4009 definitionem
2899 3957 3065 4008 tuam
3110 3969 3234 4026 qua
3263 3953 3461 4009 dixisti
3505 3969 3518 4006 :
3570 3952 3682 4008 Ubi

2011 4045 2165 4100 enim
2197 4050 2281 4100 est
2313 4058 2493 4099 causa
2525 4058 2656 4115 qua?
2689 4043 3007 4112 compellit,
3039 4043 3124 4099 ibi
3144 4059 3265 4099 non
3309 4047 3394 4100 est
3429 4047 3682 4100 natura-

2011 4149 2148 4207 quae
2176 4134 2318 4190 velit
2349 4133 2378 4188 ‘I

2086 4222 2441 4296 Compulsos
2463 4237 2591 4278 esse
2614 4221 2690 4278 ad
2709 4220 3118 4278 conﬁtendum
3145 4224 3330 4278 Deum
3348 4221 3678 4293 daemones,

2013 4307 2149 4380 ipsa
2168 4323 2377 4364 eorum
2402 4307 2586 4364 verba
2608 4311 2898 4363 testantur
2917 4305 3140 4378 quibus
3163 4305 3370 4363 dicunt
3402 4326 3414 4362 :
3460 4307 3685 4364 Venisti

2015 4405 2156 4455 ante
2207 4405 2435 4469 tempus
2485 4404 2762 4470 torquere
2804 4409 2951 4465 nos;
2980 4395 3245 4468 profecto
3297 4396 3404 4467 qui
3447 4400 3680 4468 torque-

2014 4487 2256 4555 bantur,
2275 4491 2506 4543 constat
2532 4487 2677 4558 quia
2699 4486 2864 4541 inviti
2885 4483 3344 4541 conﬁtebantur.
3369 4487 3514 4539 Ecce
3542 4497 3680 4537 cum

2017 4579 2435 4648 apostatarum
2470 4579 2751 4630 naturam
2792 4573 3146 4644 angelorum
3194 4587 3458 4644 nequeas
3498 4570 3682 4626 abne-

2018 4677 2182 4733 gare,
2215 4662 2583 4718 voluntatem
2614 4677 2823 4718 eorum
2853 4662 3080 4718 bonam
3110 4665 3248 4734 post
3277 4659 3489 4734 primae
3510 4674 3679 4716 aver-

2020 4750 2208 4807 sionis
2252 4751 2494 4806 ruinam
2532 4750 3058 4822 irrecuperabilem
3099 4765 3416 4823 nunquam
3460 4748 3682 4824 poteris

2019 4839 2307 4910 invenire,
2335 4856 2598 4912 quorum
2632 4856 2734 4896 cor
2764 4844 2930 4897 tanta
2962 4841 3365 4898 obstinatione
3395 4841 3680 4913 induruit,

2019 4935 2417 5002 utnunquam
2442 4930 2519 4986 ad
2532 4930 2761 4986 bonum
2783 4945 2987 4986 eorum
3012 4929 3339 5002 pertinacia
3359 4931 3682 4990 molliatur.

2022 5023 2102 5079 De
2133 5035 2396 5094 quorum
2426 5019 2606 5077 etiam
2637 5019 2830 5092 capite
2873 5020 3163 5077 Dominus
3192 5021 3266 5078 ad
3297 5022 3545 5079 beatum
3573 5022 3683 5079 Job

2019 5111 2329 5184 loquitur:
2366 5110 2556 5180 Cujus
2608 5125 2711 5165 cor
2739 5111 3152 5182 indurabitur,
3201 5117 3270 5168 ut
3311 5114 3683 5170 malleatoris

2020 5203 2230 5272 incus;
2258 5203 2323 5258 Et
2347 5216 2587 5257 rursum
2622 5216 2636 5255 :
2673 5199 2788 5267 Qui
2800 5201 3008 5270 factus
3029 5207 3134 5271 est,
3157 5206 3224 5257 ut
3249 5203 3486 5258 nullum
3520 5202 3682 5254 time-

2020 5297 2108 5346 ret
2137 5289 2287 5361 (Job.
2312 5306 2393 5357 x1,
2430 5295 2512 5355 15,
2543 5291 2656 5357 24).
2693 5290 2802 5354 Qui
2833 5289 2993 5345 enim
3026 5289 3257 5345 nullum
3304 5289 3490 5349 timet,
3517 5286 3684 5343 vide-

2017 5379 2150 5434 licet
2179 5395 2288 5436 nec
2319 5379 2520 5452 ipsum
2561 5382 2767 5447 Deum,
2815 5380 2996 5436 claret
3044 5379 3253 5452 procul
3305 5378 3490 5433 dubio
3539 5377 3684 5450 quia

2017 5468 2244 5525 bonam
2296 5469 2658 5524 voluntatem
2691 5471 3032 5542 perdiderit,
3066 5484 3187 5524 non
3224 5472 3524 5524 naturam.
3579 5471 3684 5522 Na.

2015 5562 2152 5615 tura
2177 5564 2378 5615 autem
2408 5560 2538 5629 ejus
2559 5560 2702 5632 quia
2726 5561 2891 5615 bona
2924 5560 3014 5625 sit,
3044 5559 3180 5630 quis
3211 5558 3484 5625 ignoret?
3525 5556 3682 5610 Vidit

2017 5646 2174 5703 enim
2217 5647 2377 5705 Deus
2421 5653 2640 5705 cuncta
2678 5662 2810 5718 quae
2846 5647 3011 5715 fecit,
3045 5651 3099 5700 et
3119 5648 3294 5701 erant
3324 5644 3502 5698 valde
3529 5643 3684 5697 bona
