4116 6186
452 203 587 258 i087

1518 192 1574 247 S.
1615 185 1990 245 PRUDENTII
2027 183 2401 242 TRECENSIS
2440 186 2770 244 EPISCOPI.

3752 189 3899 244 £088

451 328 621 401 (Gen.
652 340 693 395 ι,
722 323 834 389 3t).
860 316 1025 376 Unde
1046 319 1104 373 et
1133 331 1295 389 saepe
1321 315 1382 372 in
1406 314 1720 389 Scripturis
1750 310 1969 401 sanctis
2000 312 2110 366 Do-
2139 327 2186 380 Α
2225 310 2407 367 habet
2422 326 2604 377 sana,
2635 308 2970 367 orthodoxa
2994 308 3410 401 catholieaque
3435 309 3735 384 doctrina)
3758 312 3904 368 nul-

452 400 602 474 mini
650 410 898 484 Spiritus
947 403 1305 479 appellatur,
1358 403 1463 460 sed
1515 419 1654 460 cum
1701 400 2113 459 additamcnto

360 510 369 515 “
452 505 546 563 vel
576 500 792 568 malus,
814 497 907 556 vel
926 511 1213 569 nequam,
1244 493 1339 551 vel
1368 493 1529 551 aliud
1551 491 1736 566 quid;
1771 506 1846 547 ne
1874 489 2115 546 bonitas

449 590 773 651 voluntatis
803 588 933 660 ejus
967 584 1091 642 ulla
1116 587 1446 658 putaretur,
1496 598 1687 657 quam
1741 596 1882 638 cum
1931 577 2117 635 semel

451 679 736 749 amiserit,
764 691 1085 750 nunquam
1113 678 1481 748 recepturus,
1508 687 1826 745 nunquam
1856 668 2115 725 creditur

448 770 784 829 habiturus.
819 765 942 822 Nisi
970 764 1117 821 forte
1145 764 1195 821 ci
1227 779 1366 820 cum
1408 762 1656 833 Origene
1699 758 2112 834 pcenitentiam

449 857 839 934 repromittis,
890 858 946 912 et
994 857 1131 928 post
1176 853 1367 910 multa
1413 852 1772 909 smculorum
1820 848 2116 906 curricula

453 954 643 1009 status
672 945 888 1022 perditi
917 944 1103 1001 decus
1133 943 1433 1014 integrum
1464 946 1643 1014 atque
1668 939 2041 1012 dignitatem,
2061 941 2117 994 et

446 1035 969 1098 honoriﬁcentiam
1016 1049 1203 1106 quam
1247 1032 1307 1088 in
1356 1030 1699 1088 conditione
1743 1032 2113 1104 perceperat,

450 1127 787 1204 polliceris;
821 1141 960 1182 cum
1000 1122 1288 1179 Dominus
1319 1136 1381 1177 se
1420 1120 1480 1176 in
1505 1118 1733 1192 judicio
1763 1118 1962 1191 impiis
1988 1116 2113 1173 dic-

450 1223 654 1277 turum
685 1219 928 1274 testetur
960 1231 973 1269 :
1000 1213 1109 1281 Ite,
1137 1210 1438 1285 inquiens,
1469 1211 1533 1265 in
1563 1210 1758 1280 ignem
1800 1214 2110 1273 aeternum,

452 1310 559 1383 qui
579 1312 835 1378 paratus
865 1309 951 1361 est
980 1303 1219 1359 diabolo
1241 1306 1296 1359 et
1317 1301 1548 1372 angelis
1573 1302 1700 1370 ejus
1732 1297 2109 1367 (Mattk.xxv,

449 1400 566 1468 41).
582 1397 915 1453 ιΕιρνηιηη
931 1391 1079 1448 dixit
1094 1406 1217 1447 non
1236 1389 1550 1459 ﬁnitivum,
1570 1404 1677 1445 nec
1699 1386 2110 1460 temporalem,

451 1502 638 1559 quem
674 1488 729 1541 et
771 1481 915 1540 alibi
964 1479 1481 1550 inextinguibilem
1529 1481 1859 1549 nuncupat,
1892 1479 1956 1531 ut
1982 1475 2111 1546 ejus

451 1575 742 1632 terminus
775 1570 977 1627 nullus
1022 1584 1296 1641 unquam
1334 1566 1463 1623 fieri
1504 1564 1800 1621 credatur.
1851 1564 2022 1630 Quod
2063 1564 2111 1619 si

2222 401 2316 456 lus
2341 401 2578 458 initium
2604 401 2817 459 saltem
2852 401 3029 457 honre
3059 398 3386 457 voluntatis
3413 402 3734 476 concipere
3757 402 3903 460 vale

2221 494 2325 547 aut
2355 490 2594 547 valebit.
3478 543 3490 554 ,

2293 583 2441 637 Cum
2472 596 2613 637 vero
2634 580 2781 637 dicis
2810 599 2822 634 :
2855 582 2932 635 De
2963 596 3088 654 qua
3109 580 3353 637 miseria
3382 581 3680 639 liberatur
3699 586 3795 651 (ut
3817 584 3906 642 ait

2218 670 2563 743 Apostolus)
2602 672 2805 743 gratia
2846 671 2957 727 Dei
2993 687 3106 742 per
3146 672 3348 727 Jesum
3389 672 3724 735 Christum,
3766 690 3905 732 ma-

2219 763 2396 815 nente
2424 764 2624 816 tamen
2665 759 2863 817 adhuc
2913 759 3170 816 naturali
3212 759 3521 830 libertate;
3564 761 3798 819 mirum
3851 765 3903 821 si

2218 866 2342 906 non
2372 850 2551 907 etiam
2579 850 2935 918 libertatem,
2956 850 3112 908 sicut
3134 855 3192 908 ct
3212 850 3580 909 voluntatem
3600 858 3902 913 naturam

2220 955 2529 996 asseveras
2565 959 2578 996 :
2608 957 2746 996 eum
2793 940 3009 997 veritas
3053 956 3127 997 ea
3166 944 3397 997 naturae
3425 941 3717 1000 divinitus
3747 961 3900 1002 con-

2219 1045 2388 1086 cessa
2417 1034 2596 1104 atque
2635 1030 2921 1088 attributa
2963 1029 3248 1103 praedicet
3284 1035 3344 1087 et
3371 1032 3678 1090 defendat.
3722 1035 3897 1092 Unde

2218 1122 2375 1191 post,
2410 1118 2467 1176 Si
2491 1119 2780 1176 Dominus
2811 1118 3061 1176 voluerit
3106 1118 3473 1186 videbimus.
3517 1121 3697 1188 Quod
3744 1140 3896 1181 vero

2217 1207 2383 1264 nullo
2409 1208 2592 1265 modo
2613 1208 3089 1278 concedendum,
3107 1224 3317 1266 censes
3344 1209 3615 1284 aliquam
3635 1228 3893 1269 causam

2218 1297 2740 1371 compulsativam,
2793 1298 2916 1355 sive
2964 1297 3195 1356 bonam
3233 1298 3367 1355 vive
3396 1299 3628 1358 malam
3670 1318 3893 1375 praece-

2216 1385 2357 1442 dere
2396 1386 2767 1444 voluntatem
2802 1386 3088 1454 hominis,
3135 1403 3245 1443 seu
3281 1386 3529 1445 alterius
3577 1391 3889 1448 rationalis

2217 1479 2469 1540 naturae,
2493 1492 2569 1533 ne
2592 1476 2669 1534 ab
2690 1493 2761 1534 ea
2780 1476 3062 1533 meritum
3093 1493 3216 1533 suae
3237 1476 3530 1535 libertatis
3550 1479 3881 1550 auferatur,

2216 1564 2335 1621 sive
2380 1565 2612 1622 bonum
2673 1567 2724 1622 si
2769 1565 2924 1623 bene
2970 1566 3201 1636 vixerit,
3251 1573 3617 1641 cooperante
3674 1570 3882 1629 divina

451 1679 675 1734 negare
700 1659 979 1731 volueris,
1008 1658 1203 1733 parati
1233 1674 1464 1726 sumus,
1507 1655 1793 1727 largiente
1830 1655 2106 1723 Domino,
2138 1687 2179 1741 Β
2217 1654 2429 1724 gratia,
2459 1655 2582 1711 sive
2604 1655 2859 1722 malum,
2879 1654 2929 1712 si
2947 1654 3106 1713 male
3131 1654 3362 1725 vixerit,
3397 1674 3509 1714 suo
3539 1664 3709 1716 motu
3737 1660 3881 1716 irra-

451 1769 564 1828 pro
589 1752 812 1809 viribus
838 1748 1226 1823 respondere.
1251 1746 1308 1803 Si
1328 1763 1467 1803 vero
1489 1762 1611 1803 non
1636 1745 1696 1801 id
1720 1745 1795 1801 de
1816 1744 2108 1816 angelica,

456 1842 566 1900 sed
586 1842 661 1899 de
680 1842 953 1899 humana
972 1842 1189 1895 natura
1210 1841 1262 1893 te
1285 1836 1503 1893 dixisse
1528 1835 1929 1910 responderis,
1953 1834 2112 1890 cohi-

450 1932 684 1989 bebunt
710 1931 875 1987 hunc
904 1944 1153 1985 sensum
1183 1942 1254 1983 ea
1283 1943 1419 2000 quze.
1437 1927 1565 1998 jam
1596 1924 1870 1999 superius
1897 1924 2113 1981 multo-

451 2022 560 2080 ties
611 2018 973 2077 inculcasti:
1032 2016 1339 2074 rationalis
1396 2020 1703 2084 creaturze,
1757 2014 2112 2086 angelorum

452 2110 674 2168 scilicet
701 2113 885 2182 atque
914 2106 1252 2175 hominum,
1283 2105 1441 2162 hanc
1466 2104 1651 2162 fuisse
1679 2104 1906 2161 arbitrii
1937 2103 2111 2160 liber-

450 2203 654 2257 tatem.
674 2201 779 2255 Est
799 2197 980 2269 igitur
998 2199 1235 2259 natura,
1256 2199 1322 2252 ut
1340 2194 1420 2252 ad
1437 2193 1748 2251 hominem
1768 2193 2108 2257 redeamus,

450 2305 588 2363 quae
620 2286 999 2361 compellitur
1026 2289 1093 2341 ut
1118 2284 1258 2341 velit
1280 2283 1511 2341 bonum
1532 2283 1699 2357 quod
1717 2281 2111 2353 nolebat,imo

451 2376 721 2448 fugiebat
748 2380 928 2449 atque
958 2372 1372 2450 oppugnabat.
1407 2372 1794 2447 Compellitur
1817 2373 2023 2445 utique
2051 2375 2116 2427 ut

449 2466 591 2523 velit
609 2465 814 2534 libere,
835 2464 1041 2539 utique
1067 2463 1297 2521 crelitus
1316 2462 1464 2519 boni
1484 2462 1788 2519 voluntate
1807 2466 2109 2535 percepta,

453 2556 739 2630 deinceps
773 2555 963 2612 libera
989 2557 1266 2612 teneatur
1295 2552 1580 2610 divinitus
1612 2557 1791 2626 atque
1833 2551 2113 2608 fulciatur

450 2662 527 2704 ne
555 2645 775 2704 frustra
802 2645 959 2703 velit.
994 2644 1271 2718 Sequeris
1300 2643 1517 2700 deinde
1546 2646 1605 2700 et
1627 2642 1775 2699 dicis
1806 2659 1820 2699 :

1027 2768 1263 2809 JOANNES
1303 2766 1507 2808 SCOTUS
1516 2792 1530 2806 .

524 2846 695 2918 (Cap.
718 2848 781 2915 >5,
810 2857 979 2899 num.
1009 2846 1093 2905 13,
1124 2845 1264 2898 sect.
1292 2840 1373 2912 4.)
1407 2844 1447 2893 Θ
1482 2840 1679 2911 Atque
1702 2838 1968 2895 humana
1988 2854 2109 2894 non

448 2934 640 2990 solum
673 2933 954 2989 voluntas
984 2936 1088 3001 est,
1106 2931 1209 2988 sed
1236 2936 1290 2987 et
1318 2929 1548 2998 libera;
1569 2943 1678 2986 nec
1703 2931 1829 2999 ejus
1865 2928 2108 2984 libertas

2216 1743 2484 1800 tionabili
2514 1759 2939 1818 pervcrsoque,
2972 1744 3113 1802 satis
3137 1750 3389 1819 apparet
3423 1746 3872 1819 Pelagianorum

2217 1837 2271 1889 te
2301 1833 2528 1905 dogma
2557 1835 3078 1908 perversissimum
3110 1838 3482 1893 confirmare.
3524 1840 3680 1903 Quos
3726 1854 3859 1894 cum

2218 1923 2279 1980 in
2306 1940 2429 1981 una
2453 1929 2620 1997 parte
2651 1923 3076 1995 confutaveris,
3100 1925 3159 1982 in
3185 1924 3367 1982 altera
3386 1926 3661 1982 defendis.
3710 1929 3857 1984 Cum

2217 2030 2360 2070 vero
2403 2014 2465 2069 in
2513 2014 2884 2088 quibusdam
2935 2014 3346 2089 compcllentis
3389 2017 3581 2085 gratia:
3632 2016 3870 2073 donum

2216 2103 2547 2161 orthodoxe
2578 2105 2640 2162 in
2687 2105 2864 2162 bonis
2894 2105 3272 2179 praedicetur,
3321 2105 3658 2162 nullatenus
3697 2106 3879 2163 liber-

2218 2194 2355 2250 tatis
2384 2195 2663 2251 meritum
2703 2194 2989 2264 aufertnr,
3037 2195 3147 2252 sed
3176 2200 3241 2253 ut
3274 2212 3407 2253 esse
3436 2195 3649 2270 possit,
3680 2196 3883 2253 tribui-

2218 2286 2313 2340 tur
2338 2288 2521 2357 atque
2550 2283 2648 2356 adj
2661 2289 2894 2342 uvatur.
2930 2287 3076 2342 Cum
3106 2301 3251 2342 vero
3280 2287 3345 2342 in
3388 2285 3564 2342 malis
3610 2285 3882 2359 compul-

2218 2372 2412 2431 sativa
2440 2373 2763 2431 necessitas
2793 2373 3028 2443 dicitur,
3054 2390 3253 2448 neque
3276 2375 3360 2431 ibi
3401 2375 3693 2431 meritum
3718 2374 3883 2431 liber-

2217 2462 2352 2519 tatis
2394 2463 2682 2533 aufertur,
2727 2463 2833 2520 sed
2862 2464 3340 2521 accrescentibus
3369 2464 3566 2527 malis,
3601 2468 3790 2538 atque
3813 2464 3878 2520 de

2219 2552 2382 2609 bono
2425 2553 2589 2627 quod
2637 2553 2805 2627 prius
2849 2552 3146 2611 habuerat
3194 2554 3257 2610 in
3297 2554 3533 2611 malum
3578 2556 3878 2612 conversis

2218 2643 2486 2701 severius
2510 2644 2819 2716 judicatur
2841 2648 3022 2718 atque
3045 2644 3389 2702 damnatur.

2785 2768 3027 2809 JOANNES
3079 2768 3304 2810 SCOTUS.

2291 2844 2460 2914 (Cap.
2492 2846 2545 2910 ὅ,
2577 2856 2745 2897 num.
2784 2841 2867 2911 l5,
2902 2846 3046 2899 sect.
3078 2843 3151 2915 5).
3179 2847 3219 2895 Θ
3249 2842 3519 2899 Proinde
3560 2843 3629 2899 in
3668 2843 3865 2916 quibus

2221 2932 2399 2987 nulla
2420 2945 2601 2987 causa
2633 2932 2991 3003 constringit
3012 2932 3305 2989 hominem
3321 2947 3424 2988 seu
3442 2931 3590 2988 bene
3608 2948 3713 2989 seu
3732 2933 3877 2988 male

443 3024 631 3096 falsa,
662 3022 766 3080 sed
785 3036 927 3079 vera
947 3027 1078 3079 est:
1105 3021 1377 3093 quamvis
1397 3021 1530 3091 ipsa
1563 3019 1805 3076 libertas
1829 3023 1960 3089 post
1980 3032 2113 3088 pec-
2141 3046 2182 3101 ρ
2222 3022 2434 3076 vivere.

447 3118 649 3171 catum
696 3113 761 3169 in
801 3116 1035 3168 tantum
1086 3111 1299 3168 vitiata
1330 3111 1429 3178 sit,
1462 3117 1528 3164 ut
1555 3123 1735 3178 paena
1760 3109 1888 3178 ejus
1927 3108 2110 3176 impe-

447 3203 658 3260 diatur
695 3217 771 3259 ne
807 3206 913 3257 aut
942 3206 1101 3258 recte
1136 3201 1333 3257 vivere
1380 3199 1545 3270 velit,
1586 3204 1692 3255 aut
1734 3198 1789 3253 si
1825 3198 1963 3253 velit
1990 3212 2111 3253 non

422 3293 632 3361 .possit
665 3309 678 3347 :
708 3291 782 3346 de
820 3305 939 3361 qua
970 3290 1212 3345 miseria
1236 3287 1622 3357 liberatur,ut
1651 3287 1737 3343 ait
1764 3286 2109 3357 Apostolus,

448 3382 640 3452 gratia
671 3379 773 3436 Dei
798 3395 905 3451 per
922 3382 1129 3435 Jcsum
1160 3377 1459 3433 Christum
1488 3378 1783 3441 (Rom.vu,
1816 3376 1912 3448 25)
1940 3395 1953 3445 ;
1982 3391 2110 3432 ma-

447 3475 626 3525 nente
648 3474 846 3524 tamen
877 3468 1078 3523 adhuc
1107 3466 1386 3522 naturali
1413 3466 1704 3532 libertate,
1731 3481 1861 3536 qua?
1890 3466 2110 3521 intelli-

448 3558 620 3627 gitur
649 3555 1035 3612 beatitudinis
1064 3555 1353 3625 appetitu,
1379 3556 1483 3627 qui
1506 3556 1562 3611 ei
1581 3556 1949 3611 neutraliter
1971 3556 2111 3612 insi-

453 3653 548 3701 lus
577 3651 684 3702 ρετ.

1112 3731 1447 3772 CORRECTIO.

521 3810 563 3879 σξη
590 3809 719 3875 Quo
739 3807 920 3879 igitur
944 3811 1120 3881 pacto
1154 3807 1422 3865 afﬁrmas
1452 3806 1724 3870 liberam,
1756 3822 1943 3879 quam
1973 3812 2109 3880 post

448 3904 765 3973 peccatum
786 3899 848 3956 in
877 3903 1108 3957 tantum
1132 3899 1347 3956 asseris
1373 3899 1660 3962 vitiatam,
1684 3902 1751 3955 ut
1777 3913 1959 3971 paena
1977 3899 2029 3970 ej
2040 3915 2108 3954 us

447 3988 831 4062 impediatur,
863 4004 938 4045 ne
979 3993 1085 4046 aut
1128 3993 1286 4046 recte
1331 3989 1524 4047 vivere
1573 3988 1733 4054 velit,
1764 3992 1869 4045 aut
1896 3987 1945 4044 si
1972 3987 2109 4044 velit

449 4094 573 4135 non
602 4079 843 4151 possit?
874 4077 1190 4145 Quomodo
1210 4076 1399 4136 libera
1424 4078 1658 4142 dicitur,
1686 4094 1822 4151 quae
1850 4082 2005 4133 recte
2024 4077 2109 4133 vi-

352 4164 355 4167 ‘
448 4182 585 4223 vere
606 4182 731 4223 non
749 4166 923 4223 vult?
951 4166 1261 4240 quomodo
1286 4167 1475 4224 libera
1494 4166 1873 4240 praedicatur.
1895 4183 2031 4239 quae
2055 4166 2107 4222 si

448 4259 605 4313 recte
634 4255 825 4313 vivere
854 4256 1007 4326 velit,
1035 4273 1158 4314 non
1186 4257 1424 4329 possit?
1467 4256 1609 4322 Quis
1639 4255 1801 4312 enim
1826 4254 1975 4311 liber
2012 4255 2102 4310 di-

449 4345 619 4415 citur,
652 4346 703 4401 si
746 4361 870 4403 non
915 4344 1185 4403 libertate
1227 4344 1473 4417 propria
1518 4360 1628 4416 pro
1673 4344 1765 4400 sui
1794 4342 2101 4400 voluntate

2890 3108 3211 3151 CXRRECTIO.

2290 3184 2331 3251 οξ·
2359 3184 2426 3239 Et
2462 3180 2709 3254 quidem
2757 3181 2924 3255 quod
2970 3182 3292 3255 Apostolus
3339 3183 3507 3257 apud
3550 3182 3885 3241 Corinthios

2220 3285 2360 3327 eum
2390 3269 2495 3343 qui
2525 3285 2775 3327 uxorem
2802 3272 2987 3344 patris
3020 3271 3134 3327 sibi
3169 3274 3378 3329 contra
3425 3272 3518 3329 fas
3565 3272 3886 3345 copulave-

2218 3360 2499 3428 rat,lradi
2512 3358 2686 3431 jubet
2710 3360 2954 3418 Satana:
2983 3363 3047 3418 in
3072 3362 3380 3419 interitum
3410 3362 3636 3434 carnis,
3672 3367 3740 3420 ut
3767 3365 3887 3433 spi-

2220 3451 2374 3506 ritus
2398 3450 2605 3506 salvus
2635 3450 2709 3506 sit
2738 3449 2801 3506 in
2832 3451 2929 3508 die
2957 3452 3187 3508 Domini
3213 3452 3407 3523 (ICor.
3430 3454 3551 3524 v,5)
3579 3469 3594 3508 :
3627 3452 3782 3525 quid
3803 3457 3889 3510 est

2217 3538 2387 3612 quod
2416 3542 2473 3595 et
2509 3539 2830 3597 auctoritas
2867 3540 3160 3598 canonica
3196 3540 3480 3614 praecipit,
3531 3545 3591 3599 et
3633 3557 3890 3599 consue-

2221 3627 2366 3684 tudo
2400 3626 2672 3685 Ecclesite
2704 3632 2861 3686 tenet
2893 3629 2971 3685 ad
2996 3629 3331 3687 coercenda
3357 3630 3522 3701 vitia,
3551 3630 3641 3687 uti
3688 3630 3890 3688 verbe-

2218 3716 2406 3783 ribus,
2462 3717 2824 3787 carceribus,
2880 3718 3104 3792 nervis,
3157 3719 3889 3778 excommunicationibus

2218 3806 2473 3880 aliisque
2502 3806 2916 3881 compluribus
2964 3807 3291 3881 disciplinae
3322 3809 3620 3866 medentis
3661 3810 3888 3881 generi.

2215 3894 2354 3953 bus.
2390 3895 2553 3952 Unde
2581 3895 2795 3953 beatus
2815 3896 3181 3967 Augustinus
3198 3899 3262 3954 in
3297 3897 3450 3956 libro
3473 3898 3883 3957 Enchiridion.

2216 4000 2357 4041 cum
2381 3984 2456 4041 de
2485 3984 2857 4043 dimittendis
2883 3986 3143 4059 peccatis
3171 3991 3373 4057 ageret
3402 3988 3561 4058 (cap.
3582 3990 3701 4060 72),
3731 3989 3887 4045 inter

2217 4080 2429 4132 caetera
2458 4074 2646 4131 dixit:
2682 4073 2772 4148 [Et
2815 4075 2919 4149 qui
2967 4076 3253 4134 emendat
3296 4077 3543 4134 verbere
3591 4078 3654 4134 in
3695 4093 3878 4151 quem

2215 4168 2479 4237 potestas
2509 4164 2704 4227 datur,
2733 4164 2827 4221 vel
2856 4170 3087 4223 coercet
3115 4165 3321 4240 aliqua
3349 4166 3692 4240 disciplina,
3712 4174 3770 4225 et
3798 4174 3885 4225 ta-

2215 4270 2355 4310 men
2380 4257 2691 4326 peccatum
2720 4255 2846 4326 ejus
2867 4256 3033 4328 quod
3053 4255 3132 4313 ab
3159 4256 3260 4314 illo
3280 4257 3460 4313 laesus
3483 4262 3585 4314 aut
3611 4259 3886 4315 oﬂensus

2219 4348 2327 4409 est,
2360 4342 2598 4400 dimittit
2634 4359 2707 4401 ex
2743 4345 2943 4415 corde,
2979 4345 3074 4403 vel
3118 4351 3255 4403 orat
3286 4351 3351 4404 ut
3398 4347 3450 4402 ei
3498 4346 3885 4406 dimittatur:

448 4405 649 4491 utatur
674 4434 702 4491 ?
734 4434 874 4502 Quis
905 4450 1101 4492 caecus
1127 4405 1559 4490 lumen.vider.e
1585 4433 1794 4505 possit,
1824 4432 1875 4488 si
1904 4432 2044 4489 velit
2074 4433 2101 4487 ‘?
2132 4405 2176 4459 θ
2216 4405 2341 4489 non
2373 4434 2568 4489 solum
2598 4433 2659 4490 in
2689 4450 2760 4491 eo
2790 4405 2953 4509 quod
2981 4435 3219 4493 dimittit
3238 4436 3333 4492 vel
3363 4437 3466 4508 [al.
3497 4440 3704 4511 atque)
3730 4445 3889 4503 orat,

447 4522 583 4596 quis
616 4523 869 4581 claudus
902 4527 1003 4582 aut
1031 4522 1266 4592 debilis,
1314 4520 1408 4578 vel
1437 4536 1634 4594 agere,
1666 4520 1760 4578 vel
1788 4519 2102 4578 ambulare

445 4614 659 4688 possit,
685 4614 734 4671 si
757 4613 942 4672 velit?
968 4617 1166 4672 Potest
1183 4612 1237 4670 ei
1255 4613 1452 4670 inesse
1479 4611 1748 4669 voluntas
1780 4630 1792 4681 ;
1825 4610 2105 4684 nunquid

444 4701 686 4762 libertas
717 4704 745 4759 ‘l
777 4707 905 4761 Non
946 4703 1108 4760 enim
1137 4706 1227 4760 est
1255 4701 1512 4759 liberum
1554 4700 1648 4758 vel
1677 4717 1838 4758 czeco
1877 4700 2101 4768 videre,

2212 4539 2419 4580 \erum
2450 4522 2629 4581 etiam
2658 4524 2721 4581 in
2750 4540 2821 4582 eo
2850 4526 3018 4599 quod
3056 4526 3301 4600 corripit
3346 4531 3403 4584 et
3445 4527 3651 4601 aliqua
3678 4544 3891 4586 emcn-

2213 4612 2446 4671 datoria
2474 4630 2655 4687 poena
2683 4615 2903 4689 plectit,
2944 4616 3393 4690 eleemosynam
3419 4617 3541 4681 dat,
3574 4618 3723 4692 quia
3765 4622 3886 4676 mi-

2216 4703 2541 4761 sericordia
2562 4705 3006 4778 praestatdttulta
3036 4706 3197 4763 enim
3220 4707 3385 4764 bona
3412 4713 3771 4781 praestantur
3795 4709 3889 4766 in’

444 4792 542 4850 vel
578 4793 796 4852 claudo
838 4792 1175 4863 ambulare,
1206 4793 1301 4849 vel
1342 4795 1511 4849 muto
1547 4791 1733 4865 loqui,
1784 4790 1877 4848 vel
1918 4789 2101 4848 surdo
2208 4793 2656 4867 justis,quando
2679 4810 2890 4852 corum
2911 4796 3241 4853 consulitur
3259 4796 3642 4865 utilitati,non
3674 4798 3892 4856 volun'

448 4879 677 4946 audire,
723 4881 818 4938 vel
869 4886 1069 4938 mente
1116 4886 1293 4954 capto
1331 4881 1674 4953 intelligere.
1728 4885 1861 4938 “(Bc
1903 4885 2104 4938 tamen

447 4967 723 5039 exempla
753 4970 834 5025 ad
862 4969 977 5027 hoc
1009 4974 1150 5027 sunt
1180 4970 1468 5042 adhibita,
1509 4976 1576 5027 ut
1611 4970 1851 5028 libertas
1894 4971 1965 5041 [/2
1996 4984 2104 5025 vo—

444 5056 667 5120 luntas]
702 5056 910 5113 deesse
937 5056 1127 5115 libera
1155 5058 1600 5132 comprobetur,
1644 5076 1767 5117 non
1797 5062 1862 5115 ut
1888 5058 2103 5113 volun-

446 5143 581 5202 tatis
610 5144 786 5202 bonae
816 5144 913 5200 vel
939 5145 1115 5202 malae
1144 5146 1410 5204 inductio
1446 5147 1539 5203 vel
1578 5147 1856 5221 depulsio
1884 5146 2102 5202 conﬁr-

446 5237 663 5292 metur.
694 5233 903 5291 Mirum
927 5232 1154 5306 quippe
1183 5234 1356 5291 valde
1386 5240 1473 5293 cst
1500 5235 1751 5292 liberam
1771 5234 1970 5291 dicere
2002 5249 2103 5291 vo-

446 5322 758 5390 luntatem,
791 5338 927 5395 quae
973 5325 1076 5377 aut
1103 5338 1227 5378 non
1256 5322 1396 5379 velit
1437 5323 1604 5396 quod
1640 5322 1968 5381 volendum
2009 5323 2099 5389 sit,

447 5412 552 5466 aut
581 5409 630 5464 si
653 5409 813 5475 velit,
844 5409 1094 5466 omnino
1118 5424 1241 5467 non
1270 5410 1476 5483 possit.
1519 5413 1639 5468 Hoc
1676 5411 1810 5468 licet
1851 5412 1950 5484 jus
1978 5412 2101 5469 dis-

446 5495 876 5570 putatiunculis
896 5500 1153 5566 astruas,
1175 5513 1493 5571 nunquam
1514 5500 1860 5558 auctoritate
1879 5502 2100 5577 poteris

448 5585 807 5661 approbare.
834 5588 1063 5663 Quippe
1091 5588 1152 5647 in
1181 5588 1242 5646 id
1272 5589 1407 5647 totis
1436 5590 1661 5648 Viribus
1690 5591 2006 5652 elaborans
2035 5596 2100 5649 ut

444 5691 694 5751 prorsus
719 5678 973 5750 gratiam
1002 5678 1260 5751 abroges
1284 5679 1607 5751 liberantis,
1640 5682 1765 5740 sine
1785 5672 1911 5757 qua
1926 5683 2011 5757 (ut
2031 5698 2102 5740 se

2212 4883 2466 4956 tati,qua
2478 4883 2589 4956 ipsi
2605 4884 2718 4940 sibi
2731 4884 3117 4942 inveniuntur
3127 4886 3496 4943 esscinimici
3513 4906 3527 4956 ;
3545 4888 3729 4945 amici
3739 4906 3892 4946 vero

2215 4988 2423 5028 eorum
2453 4973 2650 5047 potius
2680 4974 2763 5031 illi
2786 4991 2939 5049 quos
2968 4975 3245 5033 inimicos
3272 4981 3507 5049 putant,
3539 4982 3598 5034 et
3619 4976 3894 5036 reddunt

2213 5060 2472 5118 errando
2497 5062 2659 5120 mala
2686 5080 2796 5138 pro
2819 5063 3013 5133 bonis,
3043 5080 3183 5120 cum
3211 5065 3463 5122 reddere
3491 5066 3658 5123 mala
3688 5069 3893 5125 Chris-

2213 5149 2412 5207 tianus
2435 5166 2559 5209 non
2575 5151 2929 5216 debeat,nec
2950 5168 3060 5225 pro
3074 5152 3294 5226 malis.)
3307 5156 3349 5225 -ι-
3362 5155 3506 5211 Hinc
3517 5155 3733 5213 beatus
3745 5159 3892 5214 Grc-

2214 5239 2419 5311 gorius
2441 5242 2500 5297 in
2523 5243 2892 5316 expositione
2902 5241 3613 5318 beatilob,1ib.v1,cap.l3
3631 5263 3643 5300 :
3660 5242 3892 5319 [Porro

2212 5331 2446 5388 salvum
2483 5331 2669 5402 faciet
2698 5347 2944 5403 egenum
2989 5332 3060 5388 de
3092 5334 3299 5404 gladio
3338 5336 3460 5390 oris
3488 5350 3693 5391 eorum
3725 5342 3781 5391 et
3817 5337 3892 5391 de

2212 5435 2396 5477 manu
2429 5422 2677 5478 violenti
2696 5436 3027 5491 pauperem
3058 5423 3255 5492 (Jobv,
3275 5424 3379 5495 15).
3400 5426 3632 5497 Pauper
3649 5425 3888 5498 quippe

2212 5509 2587 5581 estquisquis
2618 5510 2781 5583 apud
2811 5511 3203 5585 semetipsum
3225 5513 3415 5569 elatus
3443 5529 3564 5570 non
3598 5515 3885 5570 est.Unde

2210 5613 2318 5670 per
2343 5600 2728 5669 Evangelium
2757 5601 2979 5658 Veritas
3009 5602 3154 5660 dicit
3184 5621 3199 5659 :
3234 5604 3413 5661 Beati
3427 5619 3730 5674 pauperes
3763 5606 3886 5674 spi-

2211 5687 2641 5758 ritu,quoniam
2660 5691 2922 5759 ipsorum
2941 5698 3024 5749 est
3044 5709 3296 5763 regnum
3325 5695 3609 5750 caelorum
3626 5692 3879 5762 (Matth-
