4112 6184
254 183 390 240 1089

1188 190 1275 243 DE
1316 185 1983 245 PB/EDESTINATIONE
2022 183 2299 241 CONTRA
2340 186 2386 240 J.
2432 186 2724 241 SCO'I‘UM.

3531 184 3668 242 1090

251 306 659 379 v,3).Duobus
676 312 876 366 autem
906 310 1100 367 modis
1128 311 1206 367 ad
1224 312 1465 385 culpam
1488 310 1902 386 unusquisque
1932 316 1974 364 A
2016 307 2293 365 doeibiles
2313 309 2424 366 Dei
2442 308 2641 381 (Ibid,
2679 323 2829 365 vers.
2859 307 2968 378 45).
3005 306 3063 363 Si
3093 321 3235 377 ergo
3265 323 3476 365 omnes
3504 310 3609 382 qui
3634 325 3672 368 a

250 396 635 470 pertrahitur;
660 402 760 454 aut
783 398 1173 457 delectatione
1202 400 1361 457 enim
1388 401 1643 472 ducitur,
1668 404 1772 458 aut
1795 405 1904 456 ter-

244 500 380 541 rore
409 490 744 559 superatur.
781 486 1022 543 Gladius
1053 503 1319 562 namque
1350 489 1471 546 oris
1503 494 1595 547 est
1621 490 1904 563 iniquitas

244 574 692 647 persuasionis;
718 591 934 632 manus
956 581 1158 634 autem
1182 578 1424 635 violenti
1455 584 1545 636 est
1570 578 1903 637 adversitas

242 663 581 737 potestatis.
616 664 729 721 Sed
753 664 898 738 quia
925 666 1209 723 veraciter
1234 667 1497 737 humilis,
1518 668 1752 742 quihoc
1771 668 1904 723 loco

240 770 479 829 pauper
520 758 789 826 vocatur,
822 772 943 830 quo
975 755 1143 814 nulla
1171 758 1353 830 hujus
1374 758 1585 815 mundi
1614 774 1905 832 prospera

241 844 493 919 appetit,
512 861 584 901 co
602 845 892 902 audenter
908 846 1088 904 etiam
1110 847 1366 905 adversa
1383 847 1729 917 contemnit,
1746 852 1903 905 recte

239 933 479 990 dicitur:
496 935 746 991 Salvum
759 935 945 1005 faciet
967 951 1210 1007 egenum
1227 936 1513 1008 degladio
1528 952 1751 1004 eorum,
1766 936 1906 994 etde

237 1038 429 1080 manu
444 1023 691 1080 violenti
711 1039 1056 1095 pauperem.
1076 1030 1153 1081 Ac
1171 1024 1219 1081 si
1242 1030 1441 1100 aperte
1464 1025 1785 1083 diceretur:
1813 1026 1904 1082 Si:

234 1112 303 1167 in
326 1127 388 1167 se
410 1112 564 1167 Deus
585 1115 818 1168 mentes
837 1111 1157 1168 humilium
1192 1112 1431 1184 solidat,
1455 1117 1521 1171 ut
1540 1129 1643 1170 cas
1675 1114 1752 1170 ad
1775 1129 1903 1187 pcr-

235 1199 607 1273 petrandum
624 1199 955 1272 nequitiam
980 1217 1090 1257 nec
1110 1201 1527 1258 blandimenta
1548 1202 1900 1258 suasionum

237 1288 613 1363 pertrahunt,
649 1304 759 1346 nec
803 1288 1042 1346 dolores
1097 1292 1528 1365 suppliciorum
1576 1292 1901 1363 frangant.)

314 1380 356 1449 -ξ-
386 1381 516 1435 Jam
547 1394 691 1435 vero
730 1378 898 1452 quod
936 1379 1130 1452 addis,
1162 1383 1349 1438 Deum
1395 1382 1657 1438 omnium
1723 1382 1900 1437 bono-

241 1484 379 1524 rum
411 1484 529 1525 non
560 1483 682 1525 esse
730 1484 974 1525 causam
1026 1472 1442 1539 necessariam,
1478 1472 1580 1528 sed
1621 1472 1899 1528 volunta—

239 1559 420 1626 riam,
447 1556 652 1614 volens
683 1574 754 1614 eo
781 1564 1136 1631 argumento
1163 1576 1513 1634 perversum
1546 1566 1777 1617 motum
1807 1577 1899 1616 ra-

2012 400 2180 453 Patre
2210 398 2527 454 trahuntur
2556 396 2636 454 ad
2665 396 2881 452 Filium
2910 401 3086 452 erunt
3118 396 3399 454 docibiles
3427 397 3557 469 Dei,
3598 398 3669 454 li-

2011 491 2155 560 quet
2182 487 2449 560 profecto
2476 487 2621 560 quia
2646 501 2770 543 non
2799 501 2870 541 ex
2902 501 2965 541 se
3002 483 3268 543 habeant
3296 484 3669 544 voluntatem

2010 578 2291 634 veniendi
2322 577 2402 636 ad
2436 577 2667 648 Filium,
2691 576 2798 633 sed
2827 592 2862 633 a
2884 578 3051 633 Patre
3079 575 3349 633 trahente
3370 575 3668 648 accipiant

2009 668 2382 724 voluntatem
2436 670 2616 741 atque
2643 666 2975 737 scientiam,
3007 670 3071 722 ut
3098 669 3154 722 et
3181 665 3367 722 velint
3395 668 3453 722 et
3481 664 3671 723 sciant

2009 756 2211 813 venire
2241 757 2318 813 ad
2348 772 2532 830 quem
2564 757 2900 813 trahuntur.

2084 849 2163 903 De
2188 846 2304 902 hac
2336 846 2528 917 gratia
2548 846 2824 917 gratuita,
2847 860 3033 919 quam
3058 847 3365 918 tantopere
3386 844 3669 916 negando

2011 933 2586 1008 impugnas,bcatus
2604 934 2978 1006 Augustinus
3005 934 3065 991 in
3087 933 3241 990 libro
3264 932 3667 1004 Enchiridion,

2010 1042 2149 1081 cum
2178 1025 2254 1081 de
2284 1030 2541 1098 utraque
2566 1023 2907 1079 substantia
2939 1022 3063 1079 Filii
3087 1023 3187 1080 Dei
3204 1023 3567 1097 loqueretur,
3586 1024 3671 1081 ait

2009 1115 2166 1187 (cap.
2200 1116 2290 1188 36)
2317 1132 2329 1169 :
2365 1113 2492 1188 [Hic
2516 1113 2765 1170 omnino
2794 1112 3100 1185 granditer
3128 1117 3185 1170 et
3212 1112 3515 1170 evidenter
3536 1128 3669 1185 gra-

2008 1205 2091 1261 tia
2124 1204 2223 1261 Dei
2248 1204 2727 1272 commendatur,
2765 1202 2920 1270 Quid
2950 1202 3110 1260 enim
3152 1207 3371 1260 natura
3396 1203 3670 1261 humana

2008 1294 2069 1351 in
2095 1295 2340 1351 homine
2368 1295 2597 1352 Christo
2630 1293 2867 1363 meruit,
2888 1297 2952 1350 ut
2981 1292 3043 1349 in
3076 1293 3366 1350 unitatem
3392 1309 3665 1367 personas

2009 1384 2169 1441 unici
2198 1384 2325 1440 Filii
2356 1383 2457 1440 Dei
2488 1382 2869 1454 singulariter
2927 1386 3081 1439 esset
3129 1384 3491 1456 assumpta?
3521 1384 3665 1449 Qum

2008 1471 2173 1529 bona
2200 1472 2499 1540 voluntas,
2524 1472 2696 1543 cujus
2725 1470 2871 1527 boni
2899 1469 3190 1544 propositi
3222 1469 3511 1538 studium,
3533 1486 3665 1545 quae

2008 1561 2174 1619 bona
2221 1577 2407 1634 opera
2454 1563 2911 1635 praecesserunt,
2943 1560 3167 1633 quibus
3199 1565 3526 1617 mereretur
3556 1561 3667 1616 iste

236 1646 450 1704 tionali
477 1647 831 1704 substantize
863 1649 1177 1706 ostendere
1208 1666 1330 1706 non
1370 1667 1497 1707 esse
1530 1667 1774 1707 causam
1801 1666 1899 1706 ne-
1925 1666 1970 1720 Β
2008 1651 2191 1707 homo
2220 1649 2348 1706 ﬁeri
2379 1651 2506 1722 [al.,
2551 1654 2613 1706 ut
2642 1649 2828 1721 fieret]
2860 1665 2981 1706 una
3024 1664 3285 1722 persona
3331 1664 3472 1705 cum
3498 1649 3666 1705 Deo?

235 1734 589 1806 cessariam,
633 1736 738 1793 sed
782 1736 1207 1811 voluntariam,
1252 1739 1547 1797 debueras
1592 1740 1896 1796 advertere

231 1825 401 1884 beati
432 1826 745 1898 Augustini
776 1828 1153 1899 sententiam,
1186 1845 1373 1903 quam
1406 1834 1465 1886 tu
1489 1846 1731 1903 quoque
1762 1833 1897 1887 autc

233 1917 503 1973 inserere
533 1916 771 1973 voluisti
805 1933 878 1973 ex
901 1916 1053 1974 libro
1085 1918 1214 1990 ejus
1244 1935 1426 1992 quem
1456 1919 1530 1975 de
1579 1918 1741 1976 dono
1772 1922 1900 1975 Pcr-

228 2006 591 2063 sevcrantize
642 2006 943 2080 sapienter
997 2007 1367 2081 ﬁdeliterque
1418 2009 1790 2081 conscripsit,
1836 2008 1897 2065 in

226 2112 360 2169 quo
390 2096 473 2153 ita
501 2095 765 2170 loquitur
784 2096 940 2167 (cap.
967 2101 1023 2166 7)
1053 2115 1065 2153 :
1099 2097 1182 2167 [Si
1213 2113 1356 2169 ergo
1388 2099 1505 2156 alia
1533 2098 1897 2157 documenta

227 2200 361 2241 non
408 2188 626 2253 essent,
666 2185 795 2241 haec
838 2185 1149 2242 Dominica
1195 2186 1384 2243 oratio
1432 2187 1609 2243 nobis
1652 2187 1732 2244 ad
1761 2203 1897 2245 eau-

228 2292 371 2333 sam
427 2276 653 2347 gratiae,
696 2292 884 2349 quam
938 2275 1339 2345 defendimus,
1394 2277 1522 2334 sola
1578 2278 1895 2347 sufﬁceret,

224 2365 380 2439 quia
409 2364 557 2421 nihil
585 2365 763 2422 nobis
788 2364 1028 2438 reliquit
1055 2364 1117 2422 in
1146 2383 1268 2440 quo
1291 2369 1581 2440 tanquam
1602 2367 1664 2423 in
1692 2371 1897 2424 nostro

226 2454 582 2526 gloriemur.
633 2454 939 2528 Siquidem
986 2459 1051 2512 ut
1096 2472 1220 2513 non
1262 2456 1646 2513 discedamus
1698 2473 1735 2513 a
1777 2459 1897 2513 Deo

224 2561 362 2602 non
410 2545 671 2602 ostendit
718 2545 991 2603 dandum
1038 2562 1168 2603 esse
1211 2547 1328 2604 nisi
1371 2564 1407 2605 a
1446 2550 1586 2617 Deo,
1621 2564 1759 2604 cum
1790 2563 1895 2621 po-

227 2634 534 2692 scendum
564 2635 823 2692 ostendit
850 2651 887 2691 a
918 2637 1065 2693 Deo:
1099 2636 1204 2709 qui
1235 2636 1395 2693 enim
1414 2652 1537 2694 non
1552 2636 1805 2694 infertur
1831 2636 1894 2693 in

226 2724 647 2795 tentationem,
680 2739 805 2780 non
833 2722 1087 2780 discedit
1115 2741 1152 2781 a
1181 2726 1323 2783 Deo.
1358 2729 1485 2783 Non
1509 2725 1740 2783 esthoc
1767 2741 1897 2782 om-

227 2815 379 2871 nino
408 2814 469 2871 in
514 2814 743 2871 viribus
782 2813 950 2871 liberi
983 2814 1248 2885 arbibrii,
1280 2816 1491 2891 quales
1520 2833 1682 2874 nunc
1713 2821 1891 2887 sunt;

227 2903 428 2961 fuerat
456 2903 516 2959 in
543 2902 787 2960 homine
816 2908 1146 2978 antequam
1177 2904 1433 2962 caderet.
1487 2908 1629 2971 Quae
1686 2910 1893 2963 tamen

227 2993 480 3051 libertas
510 2992 831 3050 voluntatis
857 2992 921 3050 in
949 2994 1105 3051 illius
1127 2993 1336 3068 primae
1362 2995 1722 3054 conditionis
1744 3012 1894 3071 praa-
1920 3028 1963 3083 ο

230 3083 454 3141 stantia
482 3086 780 3158 quantum
805 3083 1059 3141 valuerit
1087 3084 1370 3159 apparuit
1398 3084 1459 3141 in
1480 3085 1732 3156 angelis,
1763 3085 1892 3159 qui,

231 3172 477 3230 diabolo
508 3190 646 3230 cum
673 3172 797 3230 suis
826 3173 1098 3244 cadente,
1128 3173 1190 3231 in
1218 3173 1459 3232 veritate
1501 3178 1805 3244 steterunt,
1835 3180 1893 3231 et

234 3262 317 3319 ad
365 3261 737 3319 securitatem
786 3268 1143 3337 perpetuam
1191 3279 1317 3321 non
1366 3262 1645 3333 cadendi,
1676 3263 1739 3320 in
1769 3280 1891 3337 qua

239 3367 406 3407 nunc
431 3366 534 3407 eos
570 3368 694 3409 esse
722 3352 1035 3410 certissimi
1065 3369 1297 3425 sumus,
1324 3353 1632 3427 pervenire
1663 3370 1893 3410 merue-

235 3446 399 3498 runt.
432 3444 564 3498 Post
589 3458 797 3499 casum
822 3447 1028 3499 autem
1057 3442 1322 3500 hominis
1352 3442 1594 3500 nonnisi
1641 3443 1721 3500 ad
1751 3458 1890 3514 gra-

235 3529 383 3589 tiam
413 3546 589 3588 suam
620 3534 772 3588 Deus
799 3531 989 3589 voluit
1015 3532 1309 3606 pertinere
1339 3537 1404 3589 ut
1428 3532 1613 3590 homo
1642 3532 1893 3590 accedat

231 3620 313 3678 ad
344 3637 509 3688 eum,
540 3635 738 3694 neque
766 3621 881 3677 nisi
907 3621 985 3677 ad
1013 3621 1270 3692 gratiam
1296 3639 1473 3679 suam
1497 3621 1685 3679 voluit
1715 3622 1892 3696 perti-

227 3726 373 3769 nere
401 3716 467 3767 ut
496 3710 682 3767 homo
712 3726 836 3767 non
864 3710 1107 3767 recedat
1151 3711 1230 3768 ab
1279 3727 1370 3769 eo.
1429 3712 1595 3769 Hanc
1635 3712 1890 3783 gratiam

227 3799 433 3873 posuit
464 3800 527 3856 in
554 3798 653 3856 illo
684 3799 745 3856 in
766 3816 890 3873 quo
912 3802 1134 3857 sortem
1159 3800 1468 3857 consecuti
1493 3817 1727 3869 sumus,
1745 3818 1893 3874 prae-

226 3887 514 3944 destinati
546 3887 883 3944 secundum
909 3887 1288 3961 propositum
1317 3888 1446 3959 ejus
1478 3888 1581 3960 qui
1610 3887 1893 3944 universa

226 3983 517 4051 operatur
544 3979 786 4050 (Ep/tes.
819 3995 856 4049 ι,
887 3978 1033 4050 11).]
1059 3980 1100 4048 κιο
1141 3976 1325 4033 Audis
1353 3977 1495 4050 quia
1538 3977 1687 4033 nihil
1716 3979 1892 4034 nobis

222 4066 490 4141 reliquit,
523 4066 699 4124 audis
729 4082 853 4124 non
878 4082 1011 4124 esse
1039 4067 1156 4123 hoc
1184 4065 1433 4124 omnino
1463 4066 1527 4121 in
1572 4065 1801 4122 viribus
1830 4065 1895 4121 li—

222 4154 361 4212 beri
389 4154 639 4225 arbitrii,
679 4154 888 4228 qualcs
919 4169 1082 4211 nunc
1113 4158 1255 4211 sunt
1285 4170 1298 4209 :
1328 4153 1521 4210 fuerat
1550 4152 1613 4208 in
1645 4152 1892 4210 homine

222 4250 562 4317 antequam
592 4243 880 4300 caderet?
908 4243 1118 4316 Audis,
1143 4247 1280 4316 post
1311 4258 1521 4299 casum
1549 4245 1752 4299 autem
1781 4243 1890 4299 ho-

221 4334 415 4390 minis
438 4333 681 4390 nonnisi
711 4333 789 4390 ad
816 4333 1073 4403 gratiam
1103 4348 1278 4389 suam
1309 4334 1461 4388 Deus
1491 4331 1677 4388 voluit
1708 4332 1890 4405 perti-

221 4439 397 4494 nere,
417 4427 483 4479 ut
507 4421 694 4479 homo
714 4421 963 4479 accedat
988 4421 1068 4478 ad
1095 4437 1255 4493 eum,
1274 4425 1331 4477 et
1356 4420 1545 4478 audes
1568 4419 1889 4495 impuden-

223 4512 464 4570 tissime
492 4511 785 4585 tantisper
835 4510 943 4567 tibi
1002 4526 1283 4582 arrogare
1315 4510 1569 4568 liberam
1621 4509 1891 4566 volunta-

225 4601 404 4660 tem?
433 4601 624 4658 fuerat
672 4605 827 4658 certe
880 4600 942 4656 in
992 4600 1239 4657 homine
1270 4604 1597 4672 antequam
1627 4597 1891 4662 caderet.

223 4690 340 4747 sed
370 4690 648 4764 nunquid
678 4690 908 4763 absque
932 4688 1161 4760 gratia?
1186 4687 1372 4744 Absit.
1397 4690 1533 4743 Post
1557 4702 1770 4743 casum
1791 4703 1895 4743 au-

228 4785 357 4836 tem
397 4779 660 4836 hominis
707 4778 953 4836 nonnisi
998 4777 1078 4834 ad
1106 4775 1363 4849 gratiam
1394 4774 1496 4832 Dei
1539 4774 1797 4847 pertinet
1828 4778 1893 4831 ut

226 4867 417 4925 homo
447 4869 696 4926 accedat
718 4867 796 4924 ad
822 4883 984 4936 eum,
1014 4866 1078 4923 id
1107 4871 1195 4923 est
1224 4863 1468 4921 nonnisi
1494 4879 1603 4937 per
1631 4862 1890 4933 gratiam

224 4957 335 5014 Dei
362 4958 735 5015 voluntatem
782 4956 999 5030 accipit
1029 4959 1094 5012 ut
1116 4954 1256 5011 velit
1280 4952 1562 5010 accedere
1591 4950 1671 5011 ad
1703 4954 1892 5009 Deum

219 5064 337 5123 per
364 5051 568 5105 Jesum
596 5046 898 5106 Christum
942 5045 1264 5103 Dominum
1293 5048 1566 5101 nostrum
1592 5059 1607 5110 ;
1640 5042 1791 5100 sicut
1836 5046 1893 5100 et

221 5138 359 5212 ipse
390 5136 575 5194 dixit:
603 5138 790 5193 Nemo
813 5140 1003 5207 potest
1054 5136 1255 5192 venire
1297 5134 1378 5191 ad
1419 5150 1529 5201 me,
1563 5132 1682 5189 nisi
1707 5133 1895 5187 Pater

220 5229 336 5299 qui
379 5227 537 5285 misit
585 5242 677 5283 me
727 5226 985 5283 traxerit
1038 5223 1391 5295 eum(Joan.
1426 5222 1647 5293 v1,4i).
1706 5218 1891 5275 Audis

221 5316 594 5384 trahentem,
628 5320 685 5372 et
707 5316 812 5372 ubi
856 5315 1005 5372 liber
1025 5315 1053 5371 ?
1082 5313 1264 5369 Audis
1291 5316 1570 5380 tractum,
1603 5314 1659 5365 et
1690 5308 1793 5364 ubi
1821 5308 1891 5363 li-

221 5407 383 5464 bera
409 5405 692 5462 voluntas
716 5406 743 5461 ?
771 5404 882 5472 Qui
911 5404 1183 5474 trahitur,
1213 5401 1479 5475 profecto
1527 5397 1751 5454 invitus
1780 5399 1895 5454 tra-

221 5494 433 5552 hitur:
471 5494 521 5548 si
549 5493 774 5550 invitus
798 5492 1069 5563 trahitur,
1100 5488 1311 5566 procul
1338 5487 1524 5543 dubio
1552 5484 1763 5541 nolens
1785 5484 1892 5541 du—

224 5586 409 5645 citur.
445 5584 560 5641 Sed
585 5589 651 5642 ut
681 5600 754 5641 ex
782 5583 1020 5641 nolente
1066 5582 1130 5638 fit
1166 5578 1397 5648 volens,
1428 5575 1571 5633 audi
1595 5575 1761 5649 quod
1791 5575 1897 5632 ad-

218 5675 433 5749 junxit
462 5690 474 5729 :
508 5673 616 5730 Est
641 5675 929 5744 scriptum
961 5674 1023 5728 in
1062 5668 1364 5742 prOphetis
1398 5684 1410 5722 :
1448 5665 1647 5722 Erunt
1696 5679 1894 5721 omnes

2009 1739 2287 1813 Nunquid
2313 1745 2490 1797 antea
2508 1739 2618 1796 fuit
2639 1740 2849 1810 homo,
2867 1742 2923 1795 et
2946 1739 3062 1795 hoe
3083 1737 3137 1795 ei
3163 1737 3465 1810 singulare
3485 1737 3667 1795 bene-

2006 1828 2215 1885 ﬁcium
2244 1828 2576 1902 praestitum
2598 1831 2706 1896 est,
2730 1832 2797 1883 ut
2821 1826 3197 1898 singulariter
3224 1831 3667 1901 promereretur

2005 1918 2191 1974 Deum
2215 1918 2243 1973 ‘l
2277 1921 2498 1991 Nempe
2522 1933 2594 1974 ex
2623 1932 2745 1990 quo
2778 1931 2905 1973 esse
2926 1916 3111 1972 homo
3133 1915 3329 1988 coepit,
3346 1930 3470 1971 non
3499 1914 3665 1972 aliud

2007 2008 2182 2081 coepit
2209 2024 2341 2063 esse
2370 2008 2555 2064 homo
2584 2023 2773 2081 quam
2808 2005 2906 2063 Dei
2936 2005 3135 2077 Filius,
3163 2010 3220 2062 et
3248 2005 3365 2062 hoc
3421 2004 3664 2073 unicus,

2006 2102 2062 2154 ct
2088 2101 2331 2171 propter
2357 2098 2544 2154 Deum
2574 2095 2855 2166 Verbum,
2887 2094 3054 2169 quod
3083 2093 3183 2151 illo
3213 2096 3495 2167 suscepto
3522 2108 3662 2150 caro

2004 2186 2230 2244 factum
2281 2190 2390 2255 est,
2419 2186 2624 2260 utique
2681 2188 2876 2241 Deus:
2910 2188 2976 2240 ut
3025 2182 3545 2258 quemadmodum
3575 2185 3666 2240 est

2005 2292 2127 2333 una
2153 2292 2413 2350 persona
2438 2274 2686 2349 quilibet
2705 2274 2913 2345 homo,
2936 2272 3141 2330 anima
3158 2271 3377 2329 scilicet
3403 2270 3665 2329 rationa-

2002 2365 2073 2421 lis
2102 2369 2159 2422 et
2184 2382 2347 2435 caro,
2381 2365 2493 2421 ista
2526 2364 2601 2420 sit
2628 2362 2897 2420 Christus
2926 2378 3053 2418 una
3080 2376 3365 2435 persona,
3398 2358 3661 2417 Verbum

2003 2459 2061 2511 et
2088 2456 2293 2511 homo.
2328 2454 2493 2511 Unde
2520 2456 2749 2509 naturm
2779 2452 3066 2508 humanae
3094 2454 3263 2507 tanta
3287 2449 3498 2521 gloria,
3528 2448 3663 2506 nul-

2002 2542 2074 2598 lis
2091 2541 2566 2616 prtecedentibus
2588 2541 2811 2598 meritis
2834 2540 2961 2597 sine
2984 2538 3355 2595 dubitatione
3378 2537 3657 2610 gratuita,

2002 2632 2117 2688 nisi
2143 2632 2288 2705 quia
2336 2646 2561 2701 magna
2588 2630 2685 2687 hic
2715 2634 2773 2687 et
2801 2628 2930 2685 sola
2962 2627 3063 2685 Dei
3104 2627 3297 2699 gratia
3324 2625 3578 2683 fideliter
3604 2627 3664 2682 et

2005 2721 2203 2777 sobrie
2228 2718 2749 2778 considerantibus
2782 2717 3089 2775 evidenter
3117 2714 3470 2785 ostenditur,
3490 2717 3558 2772 ut
3575 2714 3663 2771 in-

2003 2810 2269 2882 telligant
2299 2809 2575 2867 homines
2604 2824 2712 2882 per
2740 2806 3021 2865 eamdem
3055 2804 3310 2877 gratiam
3360 2819 3421 2862 se
3446 2801 3661 2876 justiti-

2003 2899 2125 2956 cari
2175 2915 2212 2956 a
2248 2898 2529 2972 peccatis,
2558 2913 2664 2971 per
2709 2913 2897 2969 quam
2943 2896 3171 2952 factum
3221 2898 3310 2951 est
3358 2896 3425 2950 ut
3472 2891 3659 2950 homo

2004 2987 2267 3046 Christus
2315 2986 2549 3043 nullum
2578 2988 2781 3058 posset
2826 2983 3049 3040 habere
3103 2985 3438 3056 peccatum.
3481 2980 3573 3035 Sic
3602 2982 3661 3037 et

2001 3077 2133 3150 ejus
2160 3080 2413 3133 matrem
2437 3074 2687 3146 angelus
2710 3072 3008 3141 salutavit,
3030 3069 3280 3144 quando
3306 3068 3360 3126 ei
3387 3067 3658 3125 futurum

2000 3164 2299 3222 nuntiavit
2326 3164 2488 3221 hunc
2512 3165 2787 3236 partum:
2817 3161 2961 3230 Ave,
2986 3157 3202 3231 inquit,
3230 3156 3433 3229 gratia
3451 3157 3652 3227 plena.

2001 3257 2067 3311 Et
2095 3253 2278 3328 paulo
2308 3257 2481 3328 post:
2518 3251 2828 3322 Invenisti,
2858 3249 2957 3317 ait,
2988 3248 3252 3320 gratiam
3279 3245 3447 3317 apud
3469 3245 3657 3302 Deum

2002 3342 2164 3415 (Luc.
2211 3360 2249 3415 ι,
2281 3346 2369 3411 28,
2404 3344 2515 3410 30).
2550 3342 2617 3396 Et
2643 3340 2775 3396 hmc
2828 3336 3077 3412 quidem
3124 3334 3314 3407 gratia
3368 3332 3568 3407 plena,
3601 3334 3659 3388 et

2000 3432 2295 3489 invenisse
2325 3429 2492 3504 apud
2523 3432 2710 3486 Deum
2744 3426 2999 3500 gratiam
3032 3417 3267 3492 dicitur,
3299 3427 3367 3480 ut
3418 3419 3659 3479 Domini

2003 3522 2116 3595 sui,
2142 3522 2266 3579 imo
2294 3519 2531 3578 Domini
2560 3519 2835 3576 omnium
2862 3519 3054 3573 mater
3077 3517 3251 3571 esset.
3285 3515 3367 3569 De
3391 3511 3526 3586 ipso
3555 3526 3659 3569 au-

1968 3616 2121 3669 -tem
2152 3611 2381 3669 Christo
2405 3613 2668 3667 Joannes
2699 3604 3068 3678 evangelista
3093 3620 3234 3661 cum
3261 3601 3507 3659 dixisset
3535 3617 3549 3658 :
3576 3601 3658 3657 Et

2009 3702 2262 3759 Verbum
2294 3716 2435 3758 caro
2462 3700 2695 3771 factum
2728 3703 2810 3755 est
2842 3700 2896 3753 et
2955 3693 3249 3752 habitavit
3280 3693 3342 3749 in
3370 3691 3537 3750 nobis
3555 3701 3581 3762 ,°
3603 3695 3658 3747 et

1999 3792 2276 3860 vidimus,
2302 3790 2513 3864 inquit,
2543 3788 2802 3861 gloriam
2834 3788 2984 3856 ejus,
3015 3784 3277 3854 gloriam
3317 3782 3494 3855 quasi
3520 3781 3657 3837 uni-

1997 3881 2189 3953 geniti
2212 3896 2249 3937 a
2275 3882 2484 3948 Patre,
2511 3879 2759 3951 plenum
2798 3873 3013 3946 gratia:
3058 3878 3111 3929 et
3158 3872 3426 3928 veritatis
3458 3870 3651 3943 (Joan.

1999 3987 2037 4039 1,
2076 3971 2161 4037 14,
2201 3970 2305 4040 15).
2340 3967 2513 4034 Quod
2557 3966 2638 4022 ait
2692 3963 2941 4021 Verbum
2974 3976 3116 4019 caro
3142 3962 3376 4032 factum
3406 3964 3508 4022 est,
3539 3957 3656 4015 hoc

1999 4064 2089 4117 est
2115 4058 2364 4133 plenum
2417 4054 2645 4127 gratim,
2671 4052 2839 4128 quod
2886 4051 2965 4109 ait
3006 4050 3265 4123 gloriam
3295 4047 3591 4120 unigeniti
3617 4060 3655 4104 η

1998 4150 2220 4215 Patre,
2238 4146 2352 4202 hoc
2392 4149 2477 4202 est
2519 4145 2767 4215 plenum
2817 4141 3108 4200 veritatis.
3150 4138 3381 4196 Veritas
3429 4135 3655 4210 quippe

2001 4236 2153 4309 ipsa,
2171 4233 2517 4308 unigenitus
2546 4232 2649 4291 Dei
2676 4231 2873 4302 Filius,
2904 4245 3027 4288 non
3048 4228 3259 4301 gratia,
3282 4227 3383 4285 sed
3415 4230 3651 4295 natura,

2002 4326 2196 4399 gratia
2224 4324 2486 4400 suscepit
2513 4320 3046 4381 hominem‘tanta
3090 4319 3318 4377 unitate
3355 4332 3651 4392 personae,

2003 4420 2068 4473 ut
2104 4416 2265 4472 idem
2290 4415 2419 4489 ipse
2449 4417 2607 4471 esset
2635 4412 2814 4470 etiam
2842 4409 3105 4469 hominis
3133 4407 3313 4464 ﬁlius.

2073 4508 2115 4576 -ξ-
2146 4508 2227 4561 De
2255 4505 2370 4561 hac
2408 4503 2703 4576 Propheta
2729 4501 2992 4575 loquitur
3012 4498 3092 4557 ad
3121 4498 3340 4554 Deum:
3363 4496 3652 4565 Quoniam

1997 4594 2350 4667 pra’venisti
2407 4609 2534 4650 eum
2602 4593 2667 4648 in
2749 4586 3250 4648 benedictionibus
3318 4584 3654 4641 dulcedinis

2000 4681 2189 4755 (Psal.
2234 4699 2336 4750 xx,
2366 4681 2444 4753 ll).
2483 4678 2798 4745 Quomodo
2841 4678 3003 4734 enim
3055 4678 3391 4752 praeventus
3442 4675 3535 4729 est
3591 4672 3653 4728 in

1998 4769 2520 4827 benedictionibus
2572 4766 2926 4833 dulcedinis,
2978 4766 3093 4822 nisi
3146 4764 3291 4838 quia
3364 4761 3495 4819 sola
3550 4761 3655 4818 Dei

2001 4859 2256 4931 gratuita
2313 4859 2508 4930 gratia
2561 4857 2786 4914 factum
2842 4860 2930 4912 est
2975 4859 3042 4911 ut
3095 4870 3293 4927 neque
3345 4851 3653 4910 nascendo

2000 4947 2255 5006 traheret
2282 4946 2517 5015 vitium,
2538 4961 2736 5019 neque
2755 4942 3012 5001 vivendo
3037 4942 3449 5000 committeret.
3470 4941 3654 4997 Beata

2001 5036 2299 5112 siquidem
2326 5036 2428 5094 Dei
2460 5035 2715 5107 genitrix
2744 5048 2982 5108 semper
3011 5033 3198 5105 virgo,
3231 5048 3371 5089 cum
3400 5046 3653 5088 consue-

2001 5127 2209 5185 tudine
2252 5125 2578 5197 generandi
2610 5128 2789 5199 atque
2833 5122 3121 5180 nascendi
3147 5124 3433 5192 generata
3458 5124 3513 5177 et
3542 5135 3652 5176 na-

2002 5219 2079 5284 ta,
2140 5216 2379 5273 traxerit
2439 5230 2512 5272 cx
2568 5212 2919 5288 parentibus
2972 5210 3259 5283 originale
3314 5211 3653 5284 peccatum,

2001 5305 2311 5380 quomodo
2339 5304 2571 5378 absque
2601 5303 2814 5361 eodem
2860 5301 3105 5360 traduce
3150 5313 3434 5371 generare
3458 5295 3653 5351 ﬁlium

2002 5395 2317 5468 potuisset,
2345 5394 2462 5450 nisi
2492 5394 2607 5450 hoc
2638 5393 2697 5449 iu
2725 5409 2795 5450 eo
2824 5390 3208 5464 singulariter
3236 5387 3337 5445 Dei
3361 5384 3552 5458 gratia
3589 5384 3652 5440 in

2003 5484 2135 5558 ipso
2187 5483 2592 5558 conccptionis
2644 5481 2895 5539 articulo
2935 5481 3173 5549 faceret,
3205 5483 3271 5534 ut
3318 5480 3461 5534 esset
3490 5475 3653 5532 solus

2002 5574 2161 5630 inter
2215 5578 2477 5629 mortuos
2527 5571 2941 5643 liber?(Psal.
2992 5583 3249 5638 Lxxxvu,
3300 5569 3377 5633 ϐ.)
3420 5570 3500 5620 Ac
3545 5576 3654 5634 per

2003 5660 2120 5718 hoc
2149 5662 2326 5717 natus
2372 5660 2601 5734 absque
2649 5658 3088 5734 propagatione
3132 5653 3384 5713 humani
3428 5664 3649 5709 concu-
