4116 6186
477 155 607 213 1001

1561 153 1618 206 S.
1658 145 2026 206 PRUDENTII
2065 143 2444 204 TRECENSIS
2483 147 2796 207 EPISCOPI

3761 153 3906 206 i092

473 281 662 350 bitus,
691 279 1000 348 factusque
1047 275 1233 330 homo
1285 274 1386 329 Dei
1435 273 1642 341 Filius,
1674 271 1838 328 solus
1891 268 2120 326 nullam
2155 279 2199 326 Α
2238 269 2436 342 itaque
2465 272 2682 329 animm
2713 271 3020 329 rationalis
3042 276 3177 328 ante
3201 276 3516 344 peccatum
3543 278 3672 329 tam
3704 274 3912 330 fuerat

476 367 952 442 compulsionem
982 363 1331 435 nullamque
1351 363 1769 419 necessitatem
1788 360 1865 417 ad
1893 359 2125 416 bonum

475 459 778 517 malumve
830 469 1149 532 perpessus
1203 458 1309 509 est.
1361 452 1564 511 Cmteri
1621 457 1822 508 autem
1851 448 2126 506 homines

473 552 608 620 post
633 544 841 617 primm
875 543 1371 612 transgressionis
1415 542 1775 609 admissum,
1808 538 1986 596 tantis
2034 551 2128 592 ne-

472 634 850 694 cessitatibus
903 633 1127 690 astricti
1181 638 1474 702 tenentur,
1508 637 1574 688 ut
1627 631 1890 687 volentes
1947 628 2125 684 etiam

473 728 764 794 cogantur
813 737 991 792 agere
1047 739 1182 794 qum
1212 738 1323 778 nec
1351 721 1638 778 deberent
1667 735 1779 776 nec
1807 718 2020 775 vellent
2045 736 2058 784 ;
2090 733 2127 773 a

469 813 696 886 quibus
721 827 784 868 se
807 810 1048 867 liberari
1076 811 1365 883 poscebat
1395 808 1828 883 Propheta,qui
1850 806 2084 862 dicebat
2109 823 2122 860 :

476 901 912 959 Tribulationes
965 900 1160 956 cordis
1208 901 1320 956 mei
1363 899 1782 968 multiplicatm
1839 902 1977 953 sunt
2011 911 2024 950 :
2055 896 2128 950 de

469 991 916 1048 necessitatibus
968 990 1110 1045 meis
1157 1003 1298 1045 erue
1342 1005 1434 1044 me
1479 988 1665 1059 (Psal.
1696 1002 1844 1052 xxiv,
1880 984 1984 1056 l7).
2016 983 2127 1050 Qui

471 1081 632 1137 em’m
662 1083 874 1152 sponte
903 1077 1113 1150 lapsus
1143 1082 1231 1133 est
1262 1078 1323 1132 in
1371 1080 1712 1150 peccatum,
1737 1089 1982 1130 necesse
2039 1077 2128 1128 est

471 1175 536 1225 ut
559 1168 770 1225 merito
796 1165 1070 1237 ejusdem
1111 1165 1460 1222 voluntariae
1492 1162 1894 1237 prolapsionis
1924 1159 2127 1217 multis

471 1257 812 1316 involvatur
855 1254 1330 1324 difﬁcultatibus,
1361 1253 1438 1312 ab
1490 1253 1583 1310 his
1640 1269 1764 1309 non
1825 1251 2128 1308 voluntate

472 1353 577 1405 aut
619 1346 890 1402 libertate
918 1345 1186 1418 propria,
1224 1344 1330 1400 sed
1378 1343 1475 1400 Dei
1507 1343 1702 1414 gratia
1755 1340 2123 1398 liberandus.

473 1435 1002 1504 Quemadmodum
1055 1434 1268 1490 beatus
1317 1433 1686 1504 Augustinus
1732 1431 1794 1487 in
1833 1429 1986 1486 libro
2016 1431 2126 1485 En-

471 1525 766 1583 chiridion
799 1525 951 1596 (cap.
987 1527 1076 1590 80,
1105 1525 1196 1594 81)
1226 1521 1488 1595 loquitur
1521 1539 1535 1577 :

2234 358 2383 414 liber
2411 377 2596 433 quam
2628 361 3022 428 voluntarius;
3052 366 3186 434 post
3215 367 3529 434 peceatum
3548 368 3755 418 autem
3784 380 3914 419 ser-

2237 448 2373 504 vitio
2401 449 2738 505 durissimm
2772 450 3143 506 necessitatis
3176 450 3476 517 addictus,
3501 451 3762 508 Domino
3793 469 3914 510 suo

2235 537 2415 592 etiam
2441 538 2652 594 nolens
2673 539 2887 594 servire
2911 539 3312 611 compellitur.
3332 540 3496 595 Unde
3525 546 3581 596 et
3606 541 3914 598 Dominus

2234 626 2528 683 mentium
2539 627 2947 684 humanarum
2961 627 3518 705 perspicacissimus
3529 629 3911 702 speculator,

2233 714 2642 772 vivacissimus
2671 722 3093 790 perscrutator,
3105 718 3473 788 justissimus
3495 720 3910 789 examinator,

2233 804 2296 859 in
2340 804 2470 874 lege
2522 822 2630 863 sua
2678 806 3058 879 peccantium
3109 805 3472 863 ditferentias
3517 808 3911 866 oblationum

2234 892 2586 950 discretione
2617 895 2831 964 corrigi
2866 895 3238 968 praecipiens,
3263 895 3568 952 nolentem
3595 913 3632 953 a
3662 898 3909 956 volente

2234 982 2515 1040 discrevit
2547 1003 2558 1040 :
2594 985 2762 1041 aliter
2793 986 2974 1055 hunc,
3007 986 3175 1041 aliter
3205 985 3374 1042 illum
3425 987 3522 1042 vel
3570 989 3779 1059 puniri
3815 989 3909 1045 vel

2234 1071 2515 1128 mundari
2533 1073 2846 1129 deﬁniens.
2863 1074 3006 1129 Hinc
3025 1075 3204 1130 etiam
3221 1073 3489 1131 civitates
3505 1076 3905 1148 fugitivorum

2234 1161 2498 1234 separari
2528 1161 2822 1225 discrevit,
2859 1163 2934 1218 ad
2959 1179 3113 1236 quas
3143 1163 3246 1236 qui
3277 1163 3492 1220 nolens
3535 1167 3901 1236 sanguinem

2234 1248 2528 1318 funderet,
2542 1251 2865 1320 confugere
2888 1252 3426 1325 persequentisque
3446 1253 3720 1324 gladium
3739 1255 3903 1326 fuge-

2235 1355 2296 1394 re
2327 1339 2638 1412 potuisset.
2671 1341 2967 1414 Scriptum
3007 1347 3100 1397 est
3142 1341 3302 1397 enim
3334 1342 3397 1397 in
3425 1341 3580 1398 libro
3609 1346 3850 1400 Numeri
3883 1363 3896 1400 :

2234 1431 2337 1485 Ait
2371 1431 2655 1486 Dominus
2686 1431 2768 1487 ad
2796 1432 3040 1501 Moysen
3075 1448 3086 1486 :
3117 1433 3385 1503 Loquere
3417 1433 3564 1501 ﬁliis
3600 1435 3813 1503 Israel,
3846 1443 3897 1492 et

2236 1518 2392 1574 dices
2409 1518 2490 1574 ad
2509 1533 2603 1574 eos
2624 1534 2644 1574 .°
2669 1517 2919 1587 Quando
2936 1520 3298 1590 transgressi
3308 1521 3552 1590 fueritis
3567 1523 3891 1580 Jordanem

542 1616 658 1687 [Sic
688 1613 908 1670 nostris
928 1610 1301 1686 temporibus
1327 1611 1411 1666 ita
1441 1609 1634 1666 multa
1660 1607 1844 1678 mala,
1867 1607 1974 1664 etsi
2003 1622 2126 1663 non
2154 1629 2203 1686 Β
2236 1607 2298 1662 in
2321 1612 2483 1664 terra
2502 1608 2838 1676 Chanaam,
2854 1609 3152 1666 decernite
3172 1624 3302 1681 qum
3319 1610 3494 1666 urbes
3510 1627 3631 1668 esse
3641 1613 3890 1668 debeant

471 1704 638 1770 talia,
665 1704 726 1760 in
757 1706 1031 1776 apertam
1063 1699 1559 1758 consuetudinem
1583 1700 1712 1770 jam
1739 1701 2044 1762 venerunt,
2064 1701 2127 1751 ut

471 1809 582 1867 pro
602 1794 694 1850 his
713 1809 836 1849 non
855 1791 1056 1847 solum
1073 1789 1596 1848 excommunicare
1622 1787 1885 1860 aliquem
1903 1786 2126 1841 laicum

471 1899 593 1939 non
622 1882 977 1949 audeamus,
1006 1880 1112 1937 sed
1137 1895 1248 1936 nec
1277 1878 1560 1936 clericum
1586 1876 1940 1947 degradare.
1965 1876 2127 1931 Unde

473 1988 612 2027 cum
643 1987 1007 2044 exponerem
1055 1973 1191 2026 ante
1222 1968 1449 2040 aliquot
1472 1982 1664 2023 annos
1697 1964 2018 2038 Epistolam
2049 1964 2127 2022 ad

473 2060 730 2128 Galatas,
753 2059 813 2114 in
845 2075 915 2114 eo
946 2057 1076 2131 ipso
1106 2057 1238 2116 loco
1266 2057 1373 2113 ubi
1399 2056 1481 2113 ait
1535 2053 1852 2128 Apostolus
1886 2071 1899 2109 :
1933 2055 2126 2110 Timeo

471 2163 548 2205 ne
573 2150 732 2218 forte
762 2149 889 2205 sine
935 2162 1118 2204 causa
1150 2147 1546 2203 laboraverim
1576 2145 1638 2200 in
1666 2143 1826 2200 vobis
1855 2142 2018 2210 (Gal.
2049 2159 2124 2212 1v,

476 2239 585 2310 ll),
612 2236 950 2293 exclamare
999 2234 1350 2309 compulsus
1379 2250 1515 2290 sum
1544 2251 1557 2289 :
1588 2235 1684 2289 Vm
1727 2231 1988 2306 peccatis
2017 2231 2124 2287 ho-

471 2326 880 2398 minum,qum
904 2323 1034 2381 sola
1054 2323 1338 2380 inusitata
1364 2321 1845 2379 exhorrescimus
1869 2339 1881 2375 :
1910 2320 2126 2375 usitata

473 2432 633 2484 vero,
664 2430 776 2489 pro
801 2413 1024 2488 quibus
1054 2412 1370 2470 abluendis
1403 2411 1524 2468 Filii
1570 2410 1670 2467 Dei
1700 2409 1946 2480 sanguis
1977 2409 2123 2464 effu-

417 2527 425 2536 ί
473 2522 576 2561 sus
627 2509 734 2573 est,
765 2503 1044 2579 quamvis
1102 2507 1226 2559 tam
1284 2516 1511 2573 magna
1566 2500 1702 2570 sint,
1755 2504 1820 2556 ut
1876 2497 2125 2554 omnino

471 2594 672 2652 claudi
715 2599 926 2650 contra
973 2608 1102 2649 sese
1151 2606 1406 2662 regnum
1448 2589 1547 2646 Dei
1577 2588 1822 2655 faciant,
1856 2603 2016 2660 smpe
2040 2586 2124 2642 vi-

470 2683 672 2741 dendo
724 2683 932 2740 omnia
980 2680 1252 2750 tolerare,
1281 2695 1439 2752 smpe
1477 2677 1787 2734 tolerando
1833 2674 2126 2732 nonnulla

470 2773 650 2832 etiam
679 2772 873 2828 facere
902 2769 1211 2840 cogimur!
1264 2773 1454 2841 Atque
1485 2767 1739 2830 utinam,
1775 2781 1811 2822 o
1852 2764 2122 2832 Domine,

470 2877 594 2919 non
618 2861 824 2917 omnia
847 2876 983 2933 qum
1013 2875 1137 2916 non
1162 2859 1532 2932 potuerimus
1562 2854 1899 2928 prohibere,
1940 2852 2124 2908 faciao

469 2968 631 3009 mus.
652 2950 767 3008 Sed
795 2949 1000 3005 videro
1031 2952 1232 3004 utrum
1262 2962 1359 3002 me
1381 2944 1814 3002 immoderatus
1844 2941 2015 3035 dolor
2037 2941 2124 2996 in-
2155 2979 2197 3035 ο

469 3046 643 3098 caute
675 3038 904 3114 aliquid
934 3036 1289 3111 compulerit
1317 3036 1531 3092 dicere.
1566 3037 1683 3090 Hoc
1711 3049 1873 3089 nunc
1901 3031 2122 3097 dicam,

469 3128 638 3204 quod
654 3128 901 3202 quidem
923 3133 980 3184 et
998 3127 1061 3184 in
1087 3126 1217 3183 aliis
1242 3124 1673 3200 Opusculorum
1688 3137 1964 3179 meorum
1979 3121 2126 3177 locis

473 3234 636 3291 smpe
659 3217 791 3288 jam
815 3217 939 3273 dixi
972 3234 985 3272 :
1021 3215 1267 3272 Duabus
1295 3230 1369 3270 ex
1394 3213 1594 3270 causis
1640 3227 1991 3285 peccamus,
2021 3216 2127 3268 aut

473 3306 752 3363 nondum
782 3306 1046 3362 videndo
1075 3303 1222 3378 quid
1249 3303 1446 3360 facere
1473 3300 1827 3368 debeamus,
1859 3305 1964 3356 aut
2001 3314 2126 3355 non

469 3394 746 3452 faciendo
771 3394 936 3465 quod
964 3393 1184 3449 debere
1208 3393 1336 3448 fieri
1355 3393 1485 3463 jam
1513 3390 1788 3447 videmus
1818 3406 1830 3444 :
1863 3405 2125 3462 quorum

471 3483 733 3538 duorum
757 3481 904 3536 illud
934 3481 1285 3551 ignorantim
1315 3480 1547 3536 malum
1589 3484 1702 3548 est,
1731 3478 1846 3535 hoc
1873 3477 2122 3534 inﬁrmi-

472 3569 630 3627 tatis.
681 3569 900 3624 Contra
946 3584 1137 3641 quam
1179 3569 1309 3641 [al.,
1358 3567 1519 3640 qum]
1560 3565 1808 3638 quidem
1854 3581 2125 3638 pugnare

471 3673 583 3715 nos
609 3655 886 3714 convenit
915 3674 928 3713 :
965 3655 1072 3713 sed
1117 3654 1380 3730 perfecto
1409 3655 1723 3718 vincimur,
1753 3653 1867 3710 nisi
1907 3653 2124 3710 divini-

473 3751 568 3803 tus
595 3746 976 3818 adjuvemur,
1009 3750 1075 3802 ut
1100 3759 1227 3801 non
1255 3743 1447 3800 solum
1503 3741 1820 3800 videamus
1859 3743 2008 3816 quid
2036 3743 2123 3799 fa-

471 3833 754 3891 ciendum
783 3833 877 3906 sit,
908 3833 1014 3891 sed
1044 3833 1225 3890 etiam
1272 3831 1592 3890 accedente
1635 3830 1886 3888 sanitate
1934 3831 2125 3888 delec-

468 3923 614 3980 tatio
638 3923 880 3997 justitim
909 3923 1112 3979 vincat
1132 3921 1193 3978 in
1213 3920 1394 3979 nobis
1413 3937 1624 3978 earum
1649 3935 1851 3977 rerum
1873 3919 2126 3978 delecta-

467 4012 685 4084 tiones,
714 4027 868 4086 quas
918 4011 1014 4070 vel
1067 4012 1290 4070 habere
1347 4009 1669 4085 cupiendo,
1714 4009 1806 4066 vel
1856 4010 2124 4068 amittere

471 4102 794 4158 metuendo
853 4102 1104 4159 scientes
1149 4101 1541 4173 videntesque
1591 4115 1953 4173 peccamus;
1993 4101 2124 4173 jam

470 4206 596 4246 non
642 4189 839 4247 solum
883 4197 1251 4264 peccatores,
1279 4189 1446 4262 quod
1491 4205 1735 4245 eramus
1772 4189 1955 4245 etiam
1981 4206 2122 4244 cum

2238 1698 2298 1752 in
2329 1697 2615 1766 prmsidia
2645 1699 3037 1769 fugitivorum
3081 1699 3187 1768 qui
3228 1699 3492 1756 nolentes
3538 1703 3882 1772 sanguinem

2231 1785 2505 1855 fuderint
2537 1787 2738 1859 (Num.
2767 1803 2947 1859 xxxv,
2971 1787 3138 1859 9-11).
3171 1787 3407 1845 Etinfra
3431 1807 3444 1844 :
3469 1790 3542 1846 Ut
3568 1793 3880 1861 confugiat

2236 1875 2318 1931 ad
2341 1891 2458 1942 eas,
2492 1880 2597 1947 qui
2626 1878 2832 1933 nolens
2859 1878 3213 1948 sanguinem
3261 1879 3480 1949 fuderit
3510 1879 3702 1949 (Ibid,
3763 1883 3859 1950 15).

2236 1965 2299 2019 In
2330 1965 2544 2020 eodem
2573 1983 2585 2020 :
2618 1966 2696 2021 Et
2727 1967 2960 2038 rogabit
2989 1967 3265 2024 sacerdos
3286 1983 3391 2038 pro
3419 1970 3575 2024 omni
3601 1970 3871 2025 multitu-

2235 2053 2373 2110 dine
2423 2054 2686 2123 ﬁliorum
2740 2056 2949 2123 Israel,
2985 2062 3037 2112 et
3093 2056 3426 2113 dimittetur
3468 2058 3567 2126 eis,
3597 2059 3883 2128 quoniam

2236 2159 2355 2199 non
2375 2149 2583 2213 sponte
2605 2149 3006 2214 peccaverunt
3039 2146 3240 2214 (Num.
3270 2162 3372 2213 xv,
3403 2149 3514 2214 25).

2308 2233 2475 2289 Hanc
2507 2233 2694 2289 secuti
2714 2234 3130 2291 auctoritatem
3171 2236 3542 2292 venerabiles
3565 2237 3776 2292 Patres
3807 2253 3888 2292 sa-

2235 2337 2475 2378 crorum
2492 2337 2797 2378 canonum
2822 2323 3260 2390 constitutores,
3275 2330 3330 2380 et
3354 2323 3482 2398 ipse
3503 2324 3769 2381 nolentis
3793 2325 3888 2381 ho-

2234 2409 2542 2466 micidium
2569 2427 2604 2466 a
2624 2409 2957 2468 voluntario
2980 2411 3410 2482 discernentes,
3429 2413 3549 2470 alia
3572 2413 3762 2476 hunc,
3787 2413 3888 2470 alia

2235 2499 2400 2554 illum
2432 2499 2791 2572 poenitentim
2840 2500 3240 2557 satisfactione
3289 2502 3602 2559 sanandos
3654 2519 3885 2559 censue-

2233 2592 2390 2644 runt.
2412 2589 2530 2644 Has
2548 2588 2968 2645 necessitatum
2991 2589 3428 2647 inextricabiles
3454 2591 3882 2648 vicissitudines

2233 2677 2446 2734 beatus
2463 2695 2623 2752 papa
2640 2678 2954 2749 Gregorius
2966 2680 3307 2736 acutissime
3325 2679 3656 2738 discutiens
3670 2683 3733 2738 in
3753 2683 3874 2738 libro

2235 2765 2541 2823 Moralium
2560 2783 2676 2822 xxv
2693 2768 2848 2838 (cap.
2864 2769 2942 2841 9),
2956 2767 3036 2825 ita
3050 2767 3342 2842 loquitur:
3363 2771 3721 2841 [Sciendum
3744 2788 3884 2827 sum-

2233 2869 2477 2928 mopere
2509 2854 2786 2926 estquod
2826 2857 3066 2928 iniquus
3114 2857 3370 2931 quisque
3419 2859 3669 2916 duobus
3702 2859 3878 2916 modis

2233 2945 2297 3000 in
2327 2950 2498 3000 nocte
2525 2945 2876 3014 conteritur,
2908 2945 2998 3001 vel
3025 2963 3166 3002 cum
3197 2947 3502 3004 exterioris
3526 2948 3744 3020 judicii
3765 2951 3885 3021 [al.,

2235 3033 2454 3108 pmnm}
2505 3034 2884 3092 tribulatione
2937 3036 3278 3109 percutitur,
3308 3037 3403 3094 vel
3457 3055 3603 3095 cum
3661 3039 3887 3096 occulta

2235 3127 2526 3180 sententia
2563 3123 2811 3180 interius
2842 3128 3114 3182 caecatur.
3158 3127 3228 3181 In
3278 3133 3449 3184 nocte
3474 3129 3726 3195 corruit,
3757 3145 3891 3185 cum

2235 3230 2340 3288 per
2366 3218 2699 3270 extremum
2725 3213 3022 3286 judicium
3047 3214 3292 3272 videndi
3336 3215 3545 3274 lumen
3590 3219 3650 3275 in
3685 3235 3891 3292 perpe-

2235 3309 2404 3360 tuum
2437 3304 2684 3371 amittit;
2709 3304 2869 3360 unde
2898 3304 3186 3378 scriptum
3207 3311 3331 3363 est:
3355 3308 3587 3380 Ligatis
3613 3309 3889 3366 manibus

2234 3399 2289 3450 et
2329 3394 2602 3464 pedibus,
2643 3394 2858 3451 mittite
2913 3411 3043 3452 eum
3105 3396 3166 3452 in
3234 3397 3506 3454 tenebras
3564 3401 3893 3456 exteriores

2233 3483 2474 3549 (Matth.
2506 3498 2646 3550 xxu,
2686 3482 2788 3554 l3).
2825 3482 2992 3539 Tunc
3023 3484 3183 3540 enim
3229 3490 3472 3542 coactus
3514 3486 3577 3543 in
3607 3489 3892 3545 tenebras

2234 3571 2552 3628 exteriores
2573 3571 2838 3640 mittitur,
2853 3572 2998 3645 quia
3016 3588 3176 3629 nunc
3197 3573 3258 3629 in
3285 3573 3670 3633 interioribus
3702 3595 3891 3634 excae-

2234 3665 2402 3717 catur
2428 3659 2784 3717 voluntarie.
2816 3661 3076 3718 Rursum
3105 3664 3168 3719 in
3198 3670 3368 3722 nocte
3415 3666 3659 3737 iniquus
3691 3676 3892 3725 conte-

2234 3751 2413 3817 ritur,
2445 3766 2582 3806 cum
2613 3756 2996 3823 peccatorum
3026 3752 3492 3824 prmeedentium
3535 3756 3892 3815 confusione

2232 3839 2580 3910 damnatur,
2610 3844 2667 3895 et
2691 3840 2952 3896 veritatis
2976 3839 3180 3898 lumen
3212 3857 3337 3898 non
3364 3843 3611 3915 invenit,
3637 3851 3698 3903 et
3744 3845 3894 3920 quid

2233 3927 2517 4002 deinceps
2542 3943 2719 3999 agere
2745 3928 2960 3985 debeat
2988 3946 3111 3986 non
3133 3931 3424 4003 agnoscit.
3452 3936 3643 3990 Omne
3665 3936 3892 4010 quippe

2232 4022 2570 4092 peccatum,
2619 4017 2786 4091 quod
2815 4021 3016 4074 tamen
3046 4019 3216 4076 citius
3241 4021 3590 4095 paenitendo
3621 4039 3745 4081 non
3775 4031 3887 4082 ter—

2232 4106 2410 4179 gitur,
2444 4112 2545 4164 aut
2570 4110 2880 4179 peccatum
2913 4112 3000 4164 est
3029 4113 3132 4165 aut
3156 4109 3288 4181 [al.,
3319 4111 3398 4182 et]
3445 4127 3633 4169 causa
3659 4115 3892 4186 peccati

2232 4200 2336 4252 aut
2358 4203 2672 4268 peccatum
2698 4201 2752 4252 et
2782 4212 2964 4268 paena
2989 4199 3238 4269 peccati.
3269 4202 3592 4258 Peccatum
3622 4219 3893 4278 namque

470 4295 579 4352 per
604 4279 1006 4378 ignorantiam
1055 4279 1486 4391 peccabamu‘s,
1519 4293 1730 4376 verum
1760 4277 1940 4391 etiam
1970 4276 2120 4347 legis
2147 4336 2194 4391 Β
2229 4283 2397 4358 quod
2426 4283 2774 4358 poenitentia
2803 4301 2926 4342 non
2955 4285 3144 4356 diluit,
3173 4288 3305 4361 ipso
3327 4305 3435 4346 suo
3456 4291 3730 4362 pondere
3748 4276 3897 4352 mox

470 4369 978 4440 praevaricatores,
1011 4385 1149 4426 cum
1179 4367 1238 4425 id
1270 4383 1395 4424 non
1423 4365 1678 4424 facimus
1698 4365 1865 4440 quod
1894 4365 2119 4423 facien-

469 4457 620 4515 dum
667 4475 797 4517 esse
837 4459 969 4532 jam
1019 4459 1320 4527 novimus,
1350 4455 1446 4514 vel
1491 4455 1744 4514 facimus
1784 4454 1951 4529 quod
1997 4471 2121 4513 non

466 4547 811 4608 faciendum
835 4565 968 4608 esse
988 4550 1118 4623 jam
1148 4547 1418 4620 scimus.]

539 4643 581 4712 -ι-
612 4640 712 4698 Hm
738 4645 878 4698 sunt
899 4639 1278 4698 necessitates
1296 4636 1516 4712 quibus
1536 4635 1619 4694 ita
1636 4634 1981 4707 astringitur
2006 4635 2120 4692 hu-

467 4747 652 4789 mana
678 4731 1016 4802 inﬁrmitas,
1048 4735 1115 4786 ut
1135 4727 1319 4786 semel
1346 4728 1409 4784 in
1437 4726 1750 4801 quodlibet
1803 4729 2122 4799 peccatum

468 4826 680 4892 sponte
726 4836 929 4890 ruens,
952 4820 1067 4878 nisi
1091 4818 1450 4894 quantocius
1505 4831 1778 4890 superum
1804 4815 2009 4889 gratim
2034 4831 2121 4871 re-

469 4912 678 4981 spectu
701 4910 1033 4983 resipiscat,
1062 4909 1400 4966 necessario
1428 4907 1491 4964 in
1522 4905 1686 4964 aliud
1711 4905 1996 4979 deterius,
2024 4905 2121 4963 vel

465 5012 660 5053 unum
687 4996 783 5051 vel
824 4997 1002 5069 plura
1031 5002 1304 5067 corruat;
1333 5013 1404 5055 ac
1435 4998 1842 5070 competenter
1863 4995 2117 5068 dicatur,

468 5087 610 5159 quia
621 5091 903 5156 peccator
915 5101 1050 5144 cum
1066 5088 1291 5143 venerit
1317 5088 1378 5143 in
1393 5086 1776 5158 profundum
1793 5085 2116 5153 malorum,

465 5174 788 5235 contemnit
809 5175 1008 5246 (Prov.
1022 5190 1185 5240 xviii,
1200 5174 1377 5244 3).Ab
1397 5174 1489 5230 his
1508 5189 1569 5230 se
1592 5173 1887 5230 salvatum
1907 5171 2118 5243 gloria-

464 5265 644 5324 batur
662 5261 1094 5336 Propheta,qui
1119 5262 1356 5320 dicebat
1385 5279 1398 5318 :
1427 5263 1554 5332 Ego
1595 5267 1792 5319 autem
1824 5261 1888 5317 in
1914 5262 2115 5318 Domi-

464 5372 542 5412 no
567 5352 840 5424 sperabo,
871 5351 1182 5409 exsultabo
1213 5358 1266 5408 et
1316 5352 1560 5407 laetabor
1591 5353 1654 5406 in
1704 5350 2115 5408 misericordia

467 5441 892 5514 tua,quoniam
919 5441 1236 5510 respexisli
1253 5440 1648 5496 humilitatem
1671 5452 1880 5499 meam,
1913 5440 2113 5496 salva-

465 5532 544 5587 sti
569 5531 644 5588 de
662 5529 1105 5586 necessitatibus
1129 5530 1392 5586 animam
1414 5542 1623 5595 meam,
1645 5541 1753 5586 nec
1773 5529 2118 5586 conclusisti

464 5635 556 5678 me
602 5619 667 5676 in
711 5617 984 5677 manibus
1038 5619 1266 5678 inimici
1312 5617 1500 5691 (Psal.
1529 5634 1672 5692 xxx,
1702 5619 1756 5686 8,
1794 5617 1898 5691 10).
1927 5620 2114 5679 Motus

2233 4374 2312 4430 ad
2339 4373 2504 4430 aliud
2535 4373 2748 4430 trahit:
2794 4375 2953 4432 unde
2981 4376 3049 4434 fit
3103 4383 3166 4434 ut
3192 4394 3315 4435 non
3344 4378 3537 4437 solum
3569 4389 3897 4456 peccatum

2232 4463 2329 4532 sit,
2365 4463 2471 4519 sed
2500 4466 2816 4536 peccatum
2847 4469 2904 4521 et
2932 4481 3116 4524 causa
3145 4468 3394 4540 peccati.
3415 4471 3500 4525 Ex
3527 4470 3630 4528 illo
3659 4474 3898 4548 quippe

2227 4552 2370 4608 vitio
2399 4551 2578 4625 culpa
2609 4551 2987 4626 subsequens
3015 4555 3219 4625 oritur,
3250 4573 3322 4613 ex
3346 4573 3468 4631 quo
3500 4576 3663 4617 cmca
3716 4579 3898 4620 mens

2227 4640 2463 4697 ducitur
2482 4645 2545 4696 ut
2566 4640 2738 4712 pejus
2766 4657 2839 4698 ex
2855 4643 2973 4700 alio
2994 4643 3226 4716 ligetur.
3246 4645 3357 4703 Sed
3383 4653 3705 4720 peccatum
3723 4651 3894 4724 quod

2227 4747 2301 4786 ex
2330 4734 2577 4804 peccato
2607 4730 2812 4803 oritur,
2839 4747 2962 4788 non
2988 4733 3118 4805 jam
3171 4741 3484 4808 peccatum
3515 4742 3896 4797 tantummo-

2226 4819 2328 4891 do,
2361 4819 2468 4877 sed
2496 4825 2810 4893 peccatum
2839 4825 2928 4877 est
2955 4827 3013 4878 et
3041 4839 3224 4896 poena
3278 4827 3530 4899 peccati,
3554 4827 3704 4900 quia
3724 4830 3899 4901 justo

2221 4909 2450 4982 judicio
2495 4908 2879 4983 omnipotens
2909 4913 3062 4968 Deus
3087 4927 3190 4969 cor
3217 4914 3521 4986 peccantis
3565 4917 3902 4978 obnubilat

2225 5002 2291 5056 ut
2315 4997 2704 5071 prmcedentis
2724 4999 2954 5073 peccati
2979 5001 3191 5059 merito
3217 5003 3398 5060 etiam
3419 5003 3482 5061 in
3503 5004 3635 5062 aliis
3668 5008 3895 5067 cadat:

2225 5101 2409 5160 quem
2439 5086 2600 5143 enim
2646 5086 2884 5144 liberari
2926 5088 3138 5161 noluit,
3186 5090 3519 5150 deserendo
3563 5100 3897 5166 percussit.

2225 5178 2355 5232 Non
2385 5190 2527 5246 ergo
2551 5177 2851 5234 immerito
2880 5193 3062 5252 pmna
3090 5181 3319 5252 peccati
3344 5182 3770 5258 dicitur,quod
3796 5189 3898 5260 ju-

2225 5268 2316 5321 sta
2343 5264 2602 5339 desuper
2627 5266 2890 5338 irrogata
2919 5268 3180 5326 caecitate
3211 5287 3286 5326 ex
3313 5272 3710 5343 prmcedentis
3742 5292 3892 5349 pec-

2225 5354 2340 5410 cati
2369 5353 2592 5411 ultione
2622 5361 2998 5430 perpetretur
3031 5375 3042 5414 :
3075 5359 3241 5431 quod
3271 5360 3544 5418 videlicet
3573 5364 3782 5434 agitur
3815 5366 3894 5422 di-

2225 5443 2548 5514 spositione
2565 5444 2838 5517 superius
2867 5446 3165 5516 ordinata,
3180 5448 3284 5504 sed
3307 5448 3549 5505 inferius
3570 5451 3893 5525 iniquitate

2223 5532 2498 5604 confusa,
2530 5538 2594 5591 ut
2635 5538 2691 5591 et
2743 5536 3088 5608 prmcedens
3136 5538 3314 5612 culpa
3365 5539 3438 5596 sit
3465 5556 3649 5598 causa
3681 5543 3894 5599 subseo

2221 5619 2479 5693 queritis,
2491 5626 2550 5680 et
2566 5638 2806 5682 rursum
2825 5623 3006 5698 culpa
3027 5625 3405 5701 subsequens
3427 5629 3500 5687 sit
3525 5645 3715 5703 poena
3733 5648 3890 5705 prm-
