4112 6184
233 139 365 193 1093

1180 140 1271 195 DE
1309 138 1993 206 ΡΗΕΒΕΞΤΙΝΑΤΙΟΝΕ
2029 141 2309 206 CONTRA
2345 144 2392 208 1.
2433 147 2704 208 SCOTUM

3506 157 3646 220 1094

227 258 689 353 cedentis.0uod
714 259 869 316 bene
888 261 1309 320 ininﬁdelibus
1326 264 1642 322 etlubricis
1655 266 1873 324 Paulus
1914 273 1960 326 Δ
2000 272 2093 326 tur
2122 271 2343 338 adhuc,
2370 277 2435 330 ut
2461 279 2856 344 augmentum
2882 276 3158 352 supplicii
3195 277 3482 351 subroget
3510 296 3643 353 pec-

224 347 400 421 quasi
417 348 732 420 quoddam
759 366 964 406 semen
982 353 1196 408 erroris
1223 361 1540 426 aspexerat
1560 373 1697 412 cum
1715 355 1873 413 dice-

223 437 360 493 bat:
399 436 514 503 Qui
535 453 668 494 cum
699 442 1345 512 cognovissentﬁeum,
1379 461 1498 501 non
1519 447 1670 502 sicut
1689 447 1876 503 Deum

217 526 743 596 gloriﬁcaverunt,
765 534 871 584 aut
901 531 1138 599 gratias
1170 537 1441 602 egerunt,
1469 535 1570 590 sed
1622 549 1875 592 evanue-

218 620 368 670 runt
397 617 461 670 in
488 617 947 686 cogitationibus
976 620 1098 674 suis
1143 620 1334 690 (Rom.
1366 623 1535 695 1,21);
1566 623 1670 678 sed
1711 624 1878 696 quod

217 720 292 761 ex
317 705 450 777 ejus
480 705 699 761 erroris
740 706 966 763 semine
1011 708 1325 781 pullalavit
1379 711 1533 768 illico
1582 713 1873 783 adjunxit,

214 794 429 849 dicens
454 812 466 848 :
500 795 764 864 Propter
793 797 953 866 quod
979 798 1234 855 tradidit
1263 800 1402 855 illos
1432 802 1589 857 Deus
1639 804 1702 857 in
1727 802 1879 857 desi-

213 884 391 939 deria
419 884 616 940 cordis
643 899 872 952 eorum;
898 886 961 941 in
992 887 1456 959 immunditiam,
1487 895 1552 944 ut
1585 895 1880 946 contume-

215 974 318 1028 liis
349 975 629 1043 afﬁciant
662 990 917 1045 corpora
947 991 1058 1032 sua
1088 978 1152 1033 in
1182 980 1505 1048 semetipsis
1542 979 1742 1049 (Ibid,
1767 983 1879 1047 24)-

210 1063 370 1128 Quia
392 1063 1011 1136 enim,cognoscentes
1035 1067 1562 1141 Deum,peccatum
1587 1068 1881 1142 superbiae

207 1151 609 1223 intelligendo
632 1153 1082 1222 commiserunt,
1126 1162 1426 1213 caecantur
1455 1157 1656 1223 etiam,
1685 1173 1761 1213 ne
1798 1158 1885 1214 in-

208 1242 487 1313 telligant
509 1242 658 1315 quid
680 1243 1080 1301 committunt.
1112 1248 1179 1302 Et
1195 1247 1300 1320 qui
1322 1247 1774 1318 intelligentiam
1788 1264 1883 1302 su-

207 1348 318 1388 am
348 1331 520 1404 sequi
547 1331 761 1388 nolunt
785 1334 847 1387 in
874 1339 1125 1406 peccato
1145 1340 1202 1390 et
1227 1352 1414 1392 causa
1449 1337 1702 1410 peccati,
1726 1337 1882 1409 etip-

206 1437 352 1476 sum
376 1420 584 1476 lumen
605 1420 1008 1492 intelligentiae
1031 1423 1292 1494 perdunt
1326 1425 1386 1480 in
1407 1431 1657 1498 peccato
1685 1431 1743 1480 et
1761 1441 1883 1498 poe-

205 1526 296 1566 na
315 1509 792 1582 peccati.Prioris
814 1526 956 1582 ergo
987 1512 1219 1584 peccati
1248 1513 1462 1570 merito
1495 1521 1882 1586 peccatorum

1989 364 2190 416 catum
2217 367 2273 417 et
2329 379 2510 435 poena
2556 364 2805 436 peccati.
2857 364 3211 438 Plerumque
3255 383 3396 424 vero
3445 386 3637 426 unum

1999 448 2279 522 idemque
2307 458 2642 524 peccatum,
2666 457 2724 509 et
2750 461 3064 526 peccatum
3105 459 3162 511 et
3209 472 3390 528 poena
3439 463 3530 514 est
3574 464 3632 517 et

1987 551 2175 594 causa
2204 541 2454 611 peccati,
2477 541 2642 615 quod
2672 542 2887 599 melius
2937 544 3310 602 ostendimus
3343 546 3394 602 si
3422 561 3520 602 res
3559 548 3644 621 ip-

1989 644 2085 684 sas
2111 628 2190 686 ad
2220 631 2487 686 medium
2517 630 2912 690 deducamus.
2944 633 3242 692 Efi‘renata
3301 637 3466 694 enim
3503 647 3646 696 ven‘

1995 717 2098 772 tris
2128 717 2418 787 ingluvies
2443 719 2505 776 in
2534 720 2763 779 fervore
2791 721 3036 780 luxuria:
3058 723 3491 796 plenitudinem
3511 744 3642 784 car-

1988 806 2082 861 nis
2112 807 2385 878 instigat:
2421 815 2760 882 perpetrata
2800 818 3026 884 autem,
3060 813 3301 873 luxuria
3328 833 3487 890 saepe
3541 824 3645 875 aut

1989 895 2252 966 perjurio
2277 900 2380 952 aut
2400 895 2725 956 homicidio
2759 901 2993 970 tegitur,
3024 917 3100 957 ne
3129 903 3536 961 humanarum
3564 905 3645 961 le-

1991 998 2137 1052 gum
2171 983 2392 1040 ultione
2431 986 2737 1058 puniatur.
2781 992 3086 1046 Conamus
3113 1006 3255 1062 ergo
3302 998 3440 1050 ante
3467 1010 3642 1051 occu-

1987 1072 2080 1128 los
2103 1073 2271 1145 quod
2301 1074 2550 1147 quidam
2572 1077 2906 1135 voracitatis
2928 1079 3041 1136 sibi
3061 1079 3229 1138 frena
3243 1081 3487 1156 laxavit,
3518 1100 3642 1157 qua

1991 1163 2313 1220 voracitate
2343 1171 2680 1237 superatus,
2715 1165 2990 1224 adulterii
3020 1169 3251 1226 facinus
3296 1172 3638 1242 admiserit;

1991 1253 2402 1325 deprehensus
2443 1259 2645 1312 autem
2694 1256 2756 1312 in
2803 1257 3118 1318 adulterio.
3149 1259 3398 1318 latenter
3446 1263 3640 1319 virum

1991 1341 2276 1398 adulterae
2331 1359 2406 1398 ne
2429 1344 2507 1400 ad
2533 1344 2831 1416 judicium
2877 1347 3227 1419 traheretur,
3255 1349 3489 1406 occidit.
3519 1353 3641 1408 Hoc

1989 1431 2192 1504 itaque
2215 1432 2738 1490 adulteriuminter
2761 1437 3149 1494 voracitatem
3170 1443 3227 1494 et
3245 1439 3639 1497 homicidium

1990 1520 2274 1591 positum,
2304 1521 2378 1577 de
2403 1521 2504 1578 illa
2525 1522 2795 1581 videlicet
2831 1541 3110 1594 nascens,
3157 1527 3272 1585 hoc
3325 1545 3638 1600 generans,

205 1599 719 1689 subsequentium
751 1599 923 1656 fovea
956 1601 1189 1670 tegitur,
1210 1606 1275 1657 ut
1305 1601 1409 1674 qui
1430 1602 1660 1658 malum
1690 1603 1881 1658 sciens
1913 1625 1956 1684 ε
1991 1615 2304 1681 peccatum
2334 1615 2426 1667 est
2447 1615 2504 1667 et
2529 1627 2712 1683 poena
2741 1618 2798 1669 et
2825 1629 3014 1670 causa
3034 1616 3298 1688 peccati:
3325 1599 3639 1689 peccatum

201 1694 538 1762 perpetrat,
564 1687 848 1762 deinceps
866 1690 1024 1761 juste
1053 1689 1114 1746 in
1131 1690 1261 1746 aliis
1284 1692 1466 1748 etiam
1495 1693 1770 1748 nesciens
1789 1708 1882 1749 ca.

202 1777 472 1833 dat.Hoc
497 1777 723 1850 quippe
743 1778 1032 1848 agitur,ut
1061 1779 1254 1852 culpis
1278 1779 1455 1853 culpa
1486 1781 1732 1837 feriatur
1748 1783 1876 1859 (ab,

201 1865 408 1939 culpae
421 1865 1010 1940 feriatur],quatenus
1030 1868 1324 1941 supplicia
1333 1869 1482 1926 ﬁant
1499 1870 1879 1944 peccantium

201 1955 350 2028 ipsa
379 1955 752 2012 incrementa
790 1956 1092 2013 vitiorum.
1127 1961 1277 2014 Nam
1307 1959 1453 2030 quia
1496 1959 1877 2032 omnipotens

203 2047 370 2100 Deus
391 2045 468 2100 ad
492 2045 908 2118 paenitentiam
936 2051 1172 2120 tempus
1193 2047 1655 2121 indulget,quod
1675 2053 1876 2104 tamen

201 2134 488 2190 humana
504 2134 735 2191 malitia
756 2135 834 2191 ad
857 2152 1034 2191 usum
1053 2153 1178 2191 suae
1200 2136 1532 2209 iniquitatis
1552 2136 1872 2210 intorquet,

203 2223 500 2279 nimirum
527 2224 690 2293 justo
711 2223 942 2296 judicio
967 2225 1174 2295 augeri
1206 2225 1384 2298 culpa
1414 2225 1790 2298 permittitur,
1813 2229 1878 2282 ut

203 2311 290 2368 ad
317 2311 655 2368 feriendum
707 2312 882 2368 altius
931 2313 1303 2387 quandoque
1338 2314 1694 2370 cumuletur.
1729 2313 1875 2370 Hinc

205 2400 377 2456 enim
409 2417 650 2458 rursum
677 2401 752 2456 de
785 2401 1157 2474 quibusdam
1207 2402 1430 2458 Paulus
1457 2402 1764 2476 apostolus
1789 2401 1870 2458 di-

205 2489 323 2546 cit:
370 2491 443 2547 Ut
473 2491 783 2560 ampteant
805 2498 1063 2560 peccata
1092 2507 1206 2548 sua
1237 2507 1470 2562 semper
1502 2493 1558 2563 (Ι
1591 2491 1786 2548 Thess.
1811 2509 1872 2559 ιι,

208 2582 325 2645 16).
361 2579 507 2634 Hinc
536 2595 682 2634 voce
710 2578 984 2649 angelica
1010 2580 1087 2636 ad
1119 2582 1418 2636 Joannem
1471 2580 1722 2636 dicitur:
1760 2579 1879 2648 Qui

204 2673 380 2724 nocet
414 2675 616 2724 noceat
666 2667 888 2738 adhuc,
923 2674 976 2725 et
1006 2671 1114 2740 qui
1142 2671 1206 2726 in
1231 2669 1506 2726 sordibus
1539 2676 1619 2726 est
1645 2669 1874 2726 sordes-

207 2763 308 2814 cat
335 2758 541 2828 (Apoc.
584 2773 726 2829 xxu,
765 2757 870 2828 tl).
924 2757 1066 2814 Hinc
1123 2757 1308 2814 David
1342 2758 1424 2815 ait
1453 2759 1739 2828 :Appone
1759 2759 1872 2814 ini—

207 2847 498 2918 quitatem
525 2863 708 2916 super
733 2847 1110 2918 iniquitatem
1137 2848 1426 2917 ipsorum,
1448 2853 1633 2904 etnon
1648 2843 1876 2903 intrent

209 2937 276 2991 in
307 2942 474 2992 tuam
493 2938 800 3007 justitiam
834 2936 958 3007 (Ps.
990 2952 1185 3004 vam,
1219 2939 1332 3006 28).
1366 2936 1514 2992 Hinc
1567 2952 1774 2993 rursus
1799 2935 1873 2991 de

211 3026 470 3082 Domino
503 3025 581 3082 ab
607 3025 820 3082 eodem
848 3025 1165 3082 Psalmista
1193 3025 1410 3082 dicitur
1434 3044 1446 3082 :
1479 3027 1874 3083 Immissiones

207 3130 320 3185 per
343 3117 589 3186 angelos
617 3117 808 3172 malos
840 3132 853 3170 :
881 3115 1037 3172 viam
1065 3116 1214 3185 fecit
1228 3116 1452 3172 semitae
1474 3116 1580 3170 ira:
1599 3131 1720 3170 suae
1746 3115 1870 3182 (Ps.

211 3220 429 3268 Lxxvu,
461 3208 550 3275 49,
581 3205 690 3276 50).
720 3205 832 3260 Cor
851 3205 1075 3277 quippe
1101 3204 1393 3261 Dominus
1420 3203 1724 3276 prioribus
1752 3219 1874 3259 me.

215 3292 343 3348 ritis
376 3298 764 3362 aggravatum
797 3293 948 3364 juste
988 3293 1273 3366 permittit
1297 3291 1476 3348 etiam
1503 3291 1875 3364 subsequen-

221 3380 382 3436 tibus
403 3380 804 3451 malignorum
837 3381 1156 3454 spirituum
1177 3380 1678 3454 persuasionibus
1709 3380 1832 3436 falli
1857 3399 1870 3449 ;

216 3470 382 3543 quod
409 3470 556 3527 dum
581 3471 759 3541 digne
787 3473 846 3527 in
880 3470 1059 3544 culpa
1110 3471 1384 3542 trahitur,
1424 3474 1624 3527 reatus
1649 3470 1780 3542 ejus
1811 3469 1874 3526 in

210 3576 396 3633 paena
420 3561 784 3628 cumulatur,
807 3559 968 3617 unde
990 3565 1047 3617 et
1067 3561 1170 3617 irae
1193 3577 1316 3617 sure
1346 3561 1504 3617 viam
1526 3562 1656 3633 [at.,
1676 3559 1875 3616 Domi-

208 3666 325 3706 nus
347 3650 509 3707 viam
530 3650 605 3707 de
636 3650 869 3707 semina
896 3649 1106 3707 fecisse
1127 3650 1492 3724 perhibetur,
1515 3650 1688 3707 latior
1712 3649 1872 3706 enim

216 3745 310 3797 est
343 3740 439 3797 via
482 3757 670 3814 quam
729 3739 977 3797 semita:
1013 3755 1084 3796 ex
1125 3740 1339 3796 semita
1387 3755 1531 3796 vero
1586 3739 1686 3795 irae
1745 3754 1872 3794 suae

214 3831 402 3900 viam,
431 3831 568 3904 etc.]
600 3831 795 3888 facere
817 3834 904 3886 est
939 3829 1041 3887 irae
1072 3846 1286 3886 causas
1315 3829 1574 3886 districte
1597 3829 1873 3900 judican-

207 3920 290 3978 do
311 3921 586 3978 dilatare.
624 3923 692 3978 Ut
722 3920 828 3994 qui
880 3919 1200 3976 illuminati
1255 3933 1434 3989 agere
1486 3922 1642 3975 recte
1668 3917 1872 3974 nolue-

207 4015 368 4078 runt,
397 4011 557 4082 juste
605 4009 807 4067 caecati
858 4009 1058 4066 adhuc
1101 4007 1344 4079 faciant,
1395 4007 1556 4063 unde
1609 4006 1869 4079 amplius

206 4099 409 4174 puniri
439 4103 804 4155 mereantur.
835 4098 982 4154 Hinc
1011 4113 1120 4172 per
1148 4100 1390 4170 Moysen
1430 4096 1678 4152 dicitur:
1711 4096 1869 4151 Non-

205 4191 353 4246 dum
389 4191 682 4260 compteta
713 4195 855 4246 sunt
876 4195 1126 4260 peccata
1149 4187 1646 4245 Amorrhceorum
1666 4187 1864 4254 (Deut.

203 4295 396 4347 χχιιι,
427 4280 536 4350 32);
572 4278 712 4335 hinc
742 4295 849 4352 per
883 4278 1163 4334 eumdem
1212 4281 1451 4351 Moysen
1507 4279 1660 4332 Deus
1689 4275 1867 4332 dicit:

205 4369 311 4426 Ea:
341 4369 515 4426 vinea
546 4370 700 4426 enim
729 4367 1119 4425 Sodomorum
1164 4369 1300 4424 vitis
1331 4382 1532 4424 eorum
1559 4371 1613 4424 et
1636 4381 1864 4437 propa-

206 4475 286 4530 go
308 4474 515 4516 eorum
543 4474 618 4515 ex
648 4458 985 4516 Gomorrha
1009 4470 1032 4530 ;
1059 4473 1179 4515 uva
1208 4473 1411 4514 eorum
1441 4471 1559 4513 uva
1590 4457 1783 4527 fellis,
1813 4461 1868 4511 et

214 4549 429 4606 botrus
448 4549 876 4605 amaritudinis
905 4549 1081 4618 ipsis:
1096 4549 1281 4618 furor
1309 4548 1640 4604 draconum
1668 4548 1871 4603 vinum

209 4653 443 4709 eorum,
475 4644 526 4694 et
556 4638 739 4706 furor
765 4637 1042 4708 aspidum
1087 4637 1460 4694 insanabilis.
1492 4637 1707 4692 Nonne
1749 4635 1872 4692 ἠως

219 4734 592 4800 congregata
625 4735 764 4785 sunt
797 4729 965 4800 apud
996 4742 1109 4792 me,
1135 4733 1190 4785 et
1219 4731 1461 4798 signata
1480 4727 1543 4782 in
1576 4727 1872 4783 thesauris

215 4821 408 4873 mets?
463 4820 534 4875 In
581 4819 678 4875 die
714 4819 962 4873 uttionis
993 4815 1242 4872 reddam
1286 4817 1367 4870 eis
1416 4815 1606 4887 (ibid,
1664 4813 1870 4884 23-35).

213 4909 410 4975 Quam
441 4907 632 4965 multa
656 4923 866 4966 eorum
887 4906 1051 4964 mala
1076 4903 1387 4962 narravit?
1415 4909 1471 4960 et
1495 4908 1696 4960 tamen
1716 4902 1874 4959 illico

209 4997 492 5070 adjunxit
514 5014 527 5054 :
553 4999 626 5055 In
649 5008 911 5068 tempore
928 5011 1044 5068 quo
1072 4997 1274 5066 lapsus
1298 4995 1488 5064 fuerit
1513 5009 1615 5064 pes
1646 5007 1868 5050 eorum.

210 5091 361 5146 Ecce
391 5087 771 5146 atrocissima
794 5085 1036 5143 illorum
1064 5083 1334 5142 facinora
1363 5081 1804 5154 describuntur,
1817 5085 1875 5139 et

209 5181 420 5236 tamen
449 5177 529 5235 ad
559 5176 800 5234 ultionis
847 5175 1008 5232 diem
1034 5173 1234 5232 adhuc
1261 5173 1640 5247 subsequens
1661 5172 1873 5247 lapsus

208 5267 526 5341 aspicitur,
549 5283 674 5340 quo
703 5281 916 5323 eorum
944 5263 1136 5336 culpae
1177 5263 1558 5320 cumulentur
1577 5265 1605 5319 ‘I
1639 5261 1876 5318 Habent

200 5358 337 5429 jam
364 5357 616 5430 quidem
648 5356 808 5413 unde
840 5355 999 5412 feriri
1020 5359 1390 5421 mereantur;
1415 5353 1524 5409 sed
1549 5352 1875 5408 sustinetur

204 5451 420 5505 tamen
481 5447 681 5504 adhuc
723 5450 1039 5520 peccatum
1091 5459 1378 5508 crescere,
1435 5446 1500 5498 ut
1558 5446 1875 5515 peccantes

204 5537 407 5611 possit
437 5536 696 5595 atrocior
722 5551 905 5610 poena
931 5535 1221 5592 cruciare.
1266 5533 1400 5589 Jam
1445 5537 1706 5589 meretur
1736 5547 1874 5605 sup-

1989 1699 2253 1770 profecto
2284 1703 2374 1756 est
2410 1716 2518 1774 per
2546 1718 2609 1757 se
2644 1701 2866 1774 ipsum,
2897 1719 3079 1777 poena
3111 1721 3249 1762 vero
3275 1708 3503 1778 peccati
3531 1714 3639 1778 est,

1986 1788 2130 1858 quia
2152 1788 2391 1862 culpam
2420 1790 2761 1847 voracitatis
2794 1792 2990 1861 auxit;
3027 1809 3211 1850 causa
3262 1799 3464 1852 autem
3505 1812 3640 1868 pec-

1987 1877 2101 1934 cati
2117 1883 2204 1934 est
2233 1879 2377 1952 quia
2405 1880 2780 1953 subsequens
2801 1881 2979 1938 etiam
3004 1883 3394 1940 homicidium
3411 1886 3635 1956 genuit.

1989 1968 2180 2022 Unum
2213 1983 2355 2037 ergo
2386 1968 2667 2042 idemque
2696 1975 3012 2042 peccatum
3034 1977 3090 2026 et
3115 1988 3297 2044 poena
3318 1973 3638 2045 preceden-

1983 2055 2082 2124 tis,
2110 2059 2167 2111 et
2197 2072 2380 2112 causa
2407 2057 2598 2130 culpae
2626 2057 3048 2131 subsequentis
3069 2066 3156 2116 est
3181 2077 3193 2115 :
3223 2059 3368 2133 quia
3397 2066 3453 2117 et
3481 2067 3636 2118 tran-

1985 2149 2148 2199 sacta
2175 2144 2321 2200 dum
2351 2146 3026 2218 exaggeratdamnat,et
3045 2147 3244 2204 adhuc
3275 2147 3640 2222 subsequen-

1986 2231 2079 2294 tia,
2113 2248 2249 2304 quae
2282 2233 2563 2291 damnari
2593 2234 2873 2304 debeant,
2932 2237 3208 2294 seminat.
3260 2237 3444 2312 Igitur
3491 2239 3636 2312 quia

1981 2323 2244 2392 peccatis
2272 2324 2749 2396 praecedentibus
2781 2330 3034 2382 caecatur
3046 2326 3257 2383 oculus
3279 2327 3635 2400 cordis,ipsa

1982 2408 2217 2466 caecitas
2243 2427 2376 2483 quae
2404 2412 2710 2485 peccantis
2736 2413 3006 2470 animam
3029 2431 3102 2471 ex
3128 2420 3415 2472 anteactae
3440 2416 3634 2489 culpae

1982 2497 2370 2556 damnatione
2399 2501 2730 2570 confundit,
2772 2503 2985 2559 merito
3012 2519 3136 2561 nox
3172 2509 3443 2576 vocatur,
3490 2507 3635 2578 quia

1980 2604 2088 2661 per
2117 2589 2274 2645 hanc
2305 2590 2384 2646 ab
2432 2590 2620 2647 oculis
2662 2591 3063 2666 delinquentis
3113 2592 3320 2650 lumen
3372 2593 3634 2650 veritatis

1983 2676 2400 2736 absconditur.
2431 2679 2590 2737 Bene
2618 2680 2820 2755 itaque
2841 2681 3056 2738 dicitur
3080 2699 3092 2736 :
3123 2683 3303 2740 Novit
3332 2685 3486 2741 enim
3499 2699 3634 2754 ope-

1983 2782 2054 2823 ra
2086 2783 2289 2826 eorum
2316 2776 2370 2825 et
2395 2771 2618 2827 idcirco
2647 2770 2882 2828 inducit
2910 2777 3140 2829 noctem
3162 2778 3218 2829 et
3251 2779 3635 2830 conterentur

1985 2856 2133 2926 (Job.
2168 2872 2365 2925 xxxrv,
2395 2859 2481 2929 25)
2513 2876 2526 2925 ;
2562 2859 2727 2931 quia,
2753 2864 2817 2914 ut
2842 2875 2998 2931 saepe
3028 2859 3252 2916 dictum
3280 2866 3386 2931 est,
3417 2877 3636 2933 praece-

1983 2944 2186 3000 dentia
2216 2945 2504 3002 nimirum
2531 2947 2693 3003 mala
2722 2947 2948 3003 faciunt
3010 2953 3072 3004 ut
3122 2951 3200 3004 ad
3255 2949 3634 3022 peccandum

1982 3033 2197 3089 iterum
2217 3034 2478 3090 tenebris
2508 3034 3016 3108 subsequentibus
3039 3035 3445 3105 involvantur,
3469 3041 3534 3092 ut
3561 3052 3632 3094 eo

1978 3123 2106 3193 jam
2136 3122 2344 3178 lumen
2370 3123 2611 3194 justitiae
2634 3123 2837 3179 videre
2855 3139 2982 3180 non
3031 3123 3286 3197 possint,
3317 3141 3444 3198 qua
3486 3125 3634 3182 illud

1982 3215 2040 3266 et
2063 3210 2311 3282 quando
2361 3215 2660 3283 poterant,
2704 3210 2904 3267 vicere
2956 3211 3296 3269 noluerunt.
3351 3213 3634 3270 lnducere

1983 3304 2184 3355 autem
2211 3303 2451 3356 noctem
2480 3300 2772 3356 Dominus
2801 3299 3040 3373 dicitur,
3059 3316 3183 3357 non
3201 3300 3370 3374 quod
3391 3301 3519 3374 ipse
3549 3306 3632 3356 te-

1981 3387 2201 3445 nebras
2229 3388 2465 3458 inferat,
2505 3389 2611 3446 sed
2637 3389 2806 3464 quod
2851 3390 3113 3447 obscura
3159 3391 3344 3448 corda
3374 3406 3634 3464 peccan-

1983 3477 2132 3533 tium
2161 3476 2622 3534 misericorditer
2667 3493 2792 3534 non
2847 3477 3119 3546 illustrat,
3147 3483 3214 3536 ut
3261 3479 3378 3536 hoc
3429 3479 3636 3552 ipsum

1979 3570 2220 3622 noctem
2240 3565 2551 3623 induxisse
2582 3566 2799 3640 [at.,in
2822 3570 2996 3624 nocte
3025 3574 3310 3635 caecasse]
3340 3567 3434 3640 sit,
3460 3583 3500 3624 a
3530 3583 3634 3624 caa-

1981 3654 2174 3711 citatis
2203 3653 2464 3711 tenebris
2487 3654 2743 3712 liberare
2782 3655 3097 3729 noluisse]

2051 3743 2087 3811 τ
2099 3744 2322 3800 Deinde
2341 3744 2670 3817 respondes
2685 3743 2780 3800 his
2799 3744 2904 3818 qui
2917 3743 3336 3814 nolentes,imo
3355 3759 3637 3818 spernen-

1981 3835 2088 3901 tes,
2123 3849 2236 3890 sua
2263 3837 2516 3906 peccata
2555 3831 2878 3904 corrigere,
2918 3837 3254 3904 queruntur
3300 3832 3376 3889 de
3431 3834 3638 3892 divina

1979 3923 2345 3994 operatione,
2372 3937 2478 3976 cur
2511 3923 2665 3976 Deus
2713 3919 2943 3976 dederit
2994 3919 3253 3977 liberum
3297 3920 3635 3992 arbitrium,

1979 4025 2101 4083 quo
2131 4009 2259 4065 solo
2281 4024 2530 4082 peccare
2558 4007 2973 4065 convincatur.
3001 4011 3064 4064 In
3094 4024 3217 4082 qua
3242 4008 3634 4081 responsione

1979 4098 2147 4172 quod
2175 4098 2348 4170 dicis,
2366 4099 2556 4156 Deum
2585 4101 2947 4155 occasionem
2968 4104 3356 4168 peccatorum
3385 4099 3634 4169 dedisse,

1980 4188 2201 4245 falsum
2232 4193 2351 4245 est:
2375 4205 2497 4246 non
2525 4187 2685 4245 enim
2715 4186 2880 4244 dedit
2905 4187 3306 4259 occasionem,
3328 4187 3435 4246 sed
3461 4188 3637 4247 liber-

1979 4283 2187 4336 tatem.
2215 4279 2272 4334 Si
2301 4294 2464 4352 ergo,
2501 4278 2656 4335 sicut
2682 4276 2974 4349 annectis,
3000 4293 3120 4334 non
3150 4283 3232 4335 est
3259 4279 3510 4336 liberum
3538 4294 3635 4337 ar-

1983 4369 2228 4426 bitrium
2252 4375 2637 4441 peccatorum
2662 4382 2869 4436 causa,
2901 4383 3038 4425 cum
3064 4369 3144 4424 sit
3172 4368 3420 4440 donum,
3445 4369 3634 4442 sequi-

1981 4462 2076 4515 tur
2101 4464 2167 4515 ut
2193 4475 2304 4516 nec
2339 4459 2578 4517 occasio
2607 4460 2995 4531 peccatorum
3026 4456 3118 4514 sit.
3147 4455 3204 4513 Si
3223 4456 3402 4527 igitur
3427 4473 3636 4515 secun-

1981 4548 2132 4606 dum
2165 4553 2218 4605 te
2257 4549 2507 4606 libertas
2560 4552 2740 4622 atque
2791 4545 3070 4603 voluntas
3109 4547 3381 4603 humana
3403 4551 3630 4604 natura

1983 4642 2145 4708 sunt,
2176 4637 2488 4711 quomodo
2511 4641 2728 4694 natura
2756 4641 3142 4710 peccatorum
3172 4634 3412 4692 occasio
3440 4633 3634 4691 dicen-

1981 4728 2064 4784 da
2093 4727 2170 4784 sit
2203 4743 2326 4782 non
2366 4727 2556 4782 video.
2607 4726 2686 4793 Si,
2713 4741 2986 4799 mquam,
3017 4725 3274 4782 liberum
3323 4722 3636 4782 arbitrium

1981 4832 2103 4874 non
2135 4819 2223 4871 est
2242 4831 2428 4871 causa
2452 4816 2700 4888 peccati,
2747 4814 2852 4871 sed
2910 4814 3040 4886 ejus
3072 4819 3271 4871 motus
3317 4829 3638 4888 pervorsus

1983 4909 2162 4977 atque
2184 4904 2247 4960 in
2276 4903 2490 4961 inﬁma
2512 4907 2569 4960 et
2588 4903 2840 4962 inhibita
2857 4902 3222 4961 damnabilis
3242 4902 3636 4977 inﬂexio,quo

1981 4998 2160 5069 pacto
2181 4994 2410 5068 peccati
2422 4994 2660 5051 occasio
2688 4993 2950 5051 dicitur?
2971 4993 3330 5052 Mandatum
3350 4993 3635 5069 equidem

1980 5087 2216 5158 poterat
2263 5082 2380 5140 dici
2422 5083 2662 5141 occasio
2720 5083 2974 5157 peccati,
3019 5083 3540 5157 quemadmodum
3577 5088 3639 5142 et

1981 5173 2304 5248 Apostolus
2333 5172 2507 5230 dicit:
2560 5173 2883 5231 Peccatum
2938 5179 3160 5240 autem,
3199 5175 3508 5232 occasione
3531 5189 3634 5232 ac-

1981 5272 2151 5335 cepta
2166 5280 2281 5335 per
2320 5264 2694 5331 mandatum,
2726 5277 2843 5334 per
2887 5263 3048 5321 illud
3085 5265 3299 5322 occidit
3324 5281 3418 5322 me
3439 5267 3634 5333 (Rom.

1981 5361 2081 5418 v11,
2131 5355 2237 5426 tt).
2272 5357 2402 5410 Non
2429 5353 2578 5410 dixit
2604 5368 2711 5426 per
2753 5351 3010 5409 liberum
3076 5352 3410 5423 arbitrium,
3466 5351 3635 5425 quod

1983 5446 2071 5498 est
2099 5443 2331 5500 donum
2365 5443 2486 5510 Dei,
2529 5459 2639 5499 nec
2667 5458 2776 5515 per
2825 5447 3127 5509 naturam,
3168 5458 3304 5514 quae
3344 5446 3434 5500 est
3476 5458 3640 5515 opus

1981 5531 2104 5602 Dei,
2161 5532 2269 5588 sed
2313 5548 2422 5601 per
2458 5532 2833 5602 mandatum,
2874 5529 3042 5604 quod
3069 5529 3187 5586 dici
3241 5536 3438 5603 potest
3463 5546 3640 5604 expe-

203 5626 464 5700 plicium
502 5630 815 5699 peccatum
835 5629 890 5683 et
940 5639 1128 5682 causa
1157 5620 1386 5695 peccati
1416 5620 1523 5676 sed
1567 5625 1875 5694 exspecta-
1955 5619 2293 5677 rimentum
2325 5621 2475 5692 ejus,
2519 5636 2641 5692 quo
2705 5618 3042 5691 experiatur
3079 5617 3229 5690 quid
3258 5618 3635 5692 sequendum
