4116 6186
503 150 636 202 1095

1568 139 1623 194 8.
1666 126 2037 192 PRUDENTII
2084 123 2460 182 TRECENSIS
2503 123 2839 188 EPISCOPI,

3780 120 3937 178 1096

499 270 680 342 eligat
732 268 1013 323 creaturae
1050 261 1359 319 rationalis
1406 259 1776 318 voluntarius
1823 253 2142 331 appetitus.
2182 252 2230 307 Α
2260 247 2529 342 cundum
2558 264 2630 306 ea
2659 265 2794 322 quae
2814 247 2937 318 jam
2969 245 3128 303 dicta
3145 247 3305 315 sunt,
3332 245 3510 303 etiam
3538 249 3645 301 tua
3669 245 3943 303 assertio

501 365 645 417 Item
675 355 922 414 eosdem
952 352 1265 426 alloquens
1298 350 1483 407 dicis:

1090 457 1339 498 JOANNES
1368 455 1571 497 SCOTUS

570 538 725 608 (cap.
748 539 802 606 5,
824 534 1240 603 num.i9,sect.
1265 531 1342 603 7),
1366 534 1405 583 Θ
1425 529 1494 587 Si
1512 535 1713 586 autem
1736 527 1932 583 vivere
1950 523 2149 587 vultis,

497 626 678 683 dicite
704 629 910 680 utrum
935 622 1100 679 beate
1128 636 1208 677 an
1228 620 1476 677 misere:
1504 619 1713 675 nullus
1734 622 1817 673 est
1836 616 1942 688 qui
1965 615 2152 670 vitam

498 717 774 773 miseram
814 712 976 780 velit,
1010 709 1494 783 quandoquidem
1523 708 1726 764 nvllus
1776 712 1859 762 est
1913 703 2019 775 qui
2070 703 2151 758 vi—

499 808 621 858 tam
656 800 889 856 beatam
918 812 1038 853 non
1063 800 1328 867 appetat.

1171 901 1474 942 CORRECTIO

568 980 762 1046 1-Cum
791 975 1025 1033 dicatur
1053 975 1232 1032 beata
1259 974 1383 1030 vita
1412 974 1596 1040 caste,
1623 966 2156 1040 sobric,juste,pie-

497 1086 616 1143 que
651 1068 872 1137 vivere,
917 1063 1250 1140 probisquc
1305 1061 1580 1120 moribus
1636 1059 1867 1117 caelitus
1925 1055 2155 1113 collatis

500 1157 834 1230 abundare,
867 1160 986 1212 Deo
1014 1154 1306 1210 inhaerere
1336 1156 1393 1209 et
1421 1150 1500 1208 ad
1525 1154 1810 1207 aeternam
1836 1145 2154 1204 beatitudi-

498 1264 641 1305 nem
662 1246 797 1303 totis
823 1244 1053 1302 viribus
1096 1241 1405 1299 anhelare:
1464 1240 1685 1297 misera
1726 1241 1949 1308 autem,
1976 1234 2154 1304 vitiis,

503 1336 828 1394 sceleribus
853 1338 1031 1408 atque
1053 1332 1295 1404 ﬂagitiis
1324 1331 1633 1401 incubare,
1668 1332 1899 1385 certum
1929 1328 2019 1383 est
2032 1341 2157 1382 om-

499 1443 607 1484 nes
634 1441 932 1500 paganos,
962 1428 1038 1495 et,
1051 1422 1218 1497 quod
1246 1421 1575 1479 dolendum
1602 1417 1935 1486 est,multos
1958 1415 2156 1471 Chris-

502 1517 804 1574 tianorum
826 1514 991 1571 illam
1021 1528 1144 1569 non
1179 1515 1481 1585 appetere,
1516 1511 1638 1566 imo
1667 1510 1967 1579 refugere;
1998 1508 2156 1565 hanc

2260 337 2621 395 confutatur.

2334 426 2449 483 Sed
2477 426 2644 499 quod
2670 426 2781 495 ais,
2804 442 2935 498 qua:
2966 431 3165 482 tamen
3197 426 3372 482 nulla
3386 431 3489 492 est,
3509 425 3563 480 si
3590 426 3689 481 vel
3716 431 3947 482 coacta

2263 516 2571 572 voluntate
2590 516 2952 588 acquiritur,
2984 515 3077 571 vel
3095 514 3225 570 sine
3248 514 3526 571 libertate
3544 515 3905 584 possidetur
3924 528 3948 585 ;

2264 603 2315 659 si
2343 602 2510 660 nulla
2532 607 2640 670 est,
2671 603 2927 677 qualiter
2954 617 3322 675 quocunque
3350 600 3536 658 modo
3568 602 3947 676 acquiritur?

2265 693 2324 750 Si
2360 692 2528 751 nulla
2551 696 2662 764 est,
2694 697 3000 766 quatenus
3032 692 3212 749 etiam
3256 691 3386 748 sine
3429 691 3709 748 libertate
3739 693 3947 765 possi-

2264 780 2479 837 detur?
2510 784 2637 838 Non
2687 781 2849 837 enim
2902 780 2997 836 vel
3029 779 3405 853 acquiritur,
3452 778 3550 836 vel
3581 780 3944 853 possidetur

2264 870 2433 943 quod
2462 870 2710 928 omnino
2734 886 2859 927 non
2889 873 2995 926 est.
3028 868 3320 935 Quocirca
3348 868 3666 925 fatendum
3682 874 3775 926 est
3806 887 3943 927 esse

2262 959 2450 1016 vitam
2479 959 2742 1023 beatam,
2767 964 2824 1017 et
2852 959 2949 1016 hic
2974 976 3109 1017 eam
3150 958 3370 1015 divinae
3424 958 3627 1028 gratiae
3676 959 3942 1033 inspira-

2267 1048 2425 1105 tione
2446 1048 2799 1122 appetitam,
2839 1065 3081 1106 morum
3100 1048 3387 1120 deinceps
3416 1047 3745 1121 probitate,
3769 1050 3941 1121 adju-

2267 1136 2418 1193 torio
2446 1137 2648 1208 gratiae
2680 1137 2940 1210 acquiri;
2974 1142 3031 1194 et
3077 1135 3471 1210 postmodum
3516 1136 3670 1208 justi
3706 1138 3937 1209 judicis

2268 1226 2651 1283 retributione
2676 1226 2945 1284 libertate
2969 1226 3275 1284 liberrima
3303 1225 3622 1299 possideri.
3646 1227 3937 1285 Miseram

2266 1332 2407 1372 vero
2428 1316 2635 1379 vitam,
2668 1316 2778 1372 sia
2803 1316 3103 1373 contrario
3126 1316 3471 1386 gehennam
3502 1315 3935 1390 appellas,cer-

2267 1411 2393 1463 tum
2420 1411 2511 1463 est
2534 1407 2840 1463 neminem
2872 1411 3084 1481 sponte
3123 1405 3324 1462 subire
3354 1425 3368 1475 ;
3394 1422 3609 1463 omnes
3638 1412 3845 1465 tamen
3871 1413 3936 1465 ut

2270 1496 2527 1553 subeant
2549 1500 2763 1570 sponte
2793 1496 3472 1569 contrahere,quamvis
3500 1497 3580 1553 ad
3608 1501 3931 1573 utramque

502 1609 705 1662 autem
734 1606 899 1660 tanto
931 1584 1249 1669 desiderio,
1264 1584 1570 1673 tantaque
1602 1598 1775 1671 sequi
1820 1595 2156 1667 ﬂagrantia,
2186 1587 2229 1661 ὴ
2268 1585 2484 1642 divinae
2521 1585 2987 1659 dispensationis
3036 1584 3284 1642 occultis
3313 1584 3926 1661 inscrutabilibusque

501 1699 568 1752 ut
596 1710 913 1768 nunquam
945 1692 1023 1750 ab
1049 1707 1121 1749 ea
1146 1690 1346 1747 divelli
1372 1690 1637 1763 cupiant,
1672 1687 1779 1745 sed
1799 1687 1871 1746 in
1890 1702 2062 1743 emno
2076 1685 2161 1742 vi-

501 1787 579 1841 ta:
612 1781 979 1841 damnabilis
1005 1778 1639 1849 delectabiliterinﬁxi,
1672 1778 1750 1834 ad
1778 1777 1943 1834 illam
1973 1791 2048 1832 ne
2069 1791 2160 1831 as-

500 1874 699 1947 pirare
748 1871 996 1945 quidem
1047 1874 1152 1927 aut
1181 1870 1256 1926 de
1287 1885 1361 1926 ea
1388 1868 1485 1924 vel
1518 1868 1727 1925 audire
1756 1866 1853 1924 vel
1897 1865 2159 1937 cogitare

500 1961 818 2037 quippiam
847 1959 1066 2016 velint:
1092 1958 1261 2033 quod
1282 1963 1337 2015 et
1361 1958 1407 2014 si
1440 1958 1648 2015 audire
1676 1955 2005 2025 contigerit,
2024 1969 2163 2010 con-

500 2054 667 2111 tinuo
694 2051 1105 2122 advertuntur,
1134 2048 1550 2120 indignantur,
1595 2046 1918 2117 refugiunt,
1968 2060 2163 2118 perse-

497 2144 786 2215 quuntur.
820 2141 900 2196 De
923 2137 1148 2213 quibus
1177 2141 1233 2194 et
1272 2137 1570 2211 Propheta
1599 2135 1905 2209 loquitur:
1950 2134 2161 2191 Noluit

500 2231 841 2301 intelligere
871 2234 937 2284 ut
990 2228 1131 2285 bene
1172 2231 1396 2299 ageret,
1428 2226 1804 2299 iniquitatem
1840 2224 2160 2280 meditatus

498 2326 583 2378 est
607 2320 671 2375 in
702 2318 888 2375 cubili
916 2332 1022 2373 suo
1051 2330 1072 2387 ,'
1098 2317 1290 2374 astitit
1336 2316 1499 2372 omni
1522 2315 1634 2371 vite
1662 2330 1781 2370 non
1815 2314 1999 2384 bonae,
2031 2329 2159 2369 ma-

499 2409 694 2466 titiam
721 2413 919 2465 autem
950 2422 1069 2463 non
1094 2406 1278 2463 adivit
1310 2405 1497 2477 (Psal.
1520 2420 1693 2472 xxxv,
1716 2406 1772 2476 4,
1804 2402 1875 2475 5).
1902 2404 2161 2469 Quomo-

498 2497 579 2555 do
601 2496 760 2554 enim
791 2495 1017 2569 appetit
1043 2493 1141 2551 vel
1172 2508 1451 2567 paganus
1480 2492 1647 2566 quod
1671 2492 1930 2563 ignorat,
1944 2491 2037 2548 vel
2054 2492 2160 2550 fal-

499 2601 567 2643 so
597 2585 842 2642 nomine
873 2583 1244 2640 Christianus
1264 2580 1431 2656 quod
1452 2584 1812 2654 oppugnat?
1836 2584 1979 2637 Nam
1996 2581 2071 2636 de
2088 2580 2157 2637 il-

496 2673 570 2732 lis
596 2674 849 2731 dicitur:
880 2672 997 2741 Qui
1021 2673 1264 2743 ignorat
1293 2669 1675 2742 ignorabitur
1703 2670 2153 2740 (ICor.x1v,38);

495 2758 572 2815 de
603 2758 727 2815 istis
748 2760 952 2815 autem
986 2774 999 2812 :
1033 2755 1223 2812 Multi
1248 2755 1447 2811 dicent
1477 2752 1631 2810 mihi
1656 2754 1719 2809 in
1750 2752 1866 2809 illa
1896 2753 2011 2822 die,
2044 2754 2158 2809 Do-

497 2849 676 2920 mine,
704 2848 975 2906 Domine.
1008 2861 1209 2903 nonne
1247 2846 1310 2901 in
1357 2844 1596 2901 nomine
1651 2848 1752 2899 tuo
1774 2843 2157 2913 prophetam“-

496 2954 648 3009 mus,
680 2942 736 2995 et
765 2937 826 2993 in
853 2936 1093 2993 nomine
1121 2939 1224 2991 tuo
1253 2932 1554 2991 dcemonia
1579 2932 1940 3003 ejecimus,et
1969 2932 2033 2987 in
2055 2936 2156 2987 tuo
2184 2961 2227 3015 ο

497 3026 737 3083 nomine
757 3025 1006 3081 virtutes
1033 3023 1265 3080 multas
1294 3021 1547 3092 fecimus
1570 3024 1598 3075 ?
1649 3020 1727 3076 Et
1752 3024 1895 3077 tunc
1919 3020 2155 3088 conﬁte-

500 3116 606 3172 bor
632 3115 779 3186 illis,
802 3112 945 3186 quia
975 3127 1287 3185 nunquam
1314 3111 1457 3167 novi
1478 3125 1600 3166 vos.
1631 3109 1930 3166 Discedite
1975 3124 2013 3165 a
2041 3123 2153 3179 me,

496 3204 763 3275 operarii
790 3203 1127 3275 iniquitatis
1153 3202 1393 3273 (Matth.
1426 3215 1530 3273 vn,
1553 3200 1760 3271 22-23),

567 3296 653 3350 Tu
679 3306 823 3349 vero
853 3295 922 3347 ut
949 3288 1272 3348 conﬁrmes
1316 3305 1580 3347 errorem
1607 3292 1800 3359 tuum,
1846 3302 1970 3360 quo
2022 3302 2155 3359 gra-

496 3381 645 3437 tiam
670 3378 773 3435 Dei
799 3392 1047 3435 omnem
1072 3377 1219 3435 boni
1235 3377 1606 3434 voluntatem
1631 3376 1693 3433 in
1713 3376 1891 3433 nobis
1904 3392 2153 3450 operan-

496 3471 621 3525 tem
642 3482 937 3524 evacuare
963 3465 1216 3537 moliris,
1248 3481 1521 3523 asserens
1545 3482 1618 3522 ex
1647 3468 1723 3536 te,
1750 3466 1872 3522 imo
1894 3466 2155 3539 teipsum

498 3554 606 3613 tibi
635 3569 764 3612 esse
791 3553 964 3626 velle,
998 3557 1055 3611 et
1082 3567 1206 3610 non
1236 3553 1297 3608 id
1318 3552 1481 3610 dono
1512 3569 1789 3627 supernae
1822 3554 2155 3626 inspiratio-

496 3644 592 3702 nis
615 3643 960 3718 percipere:
991 3656 1305 3699 asseveras
1327 3642 1491 3698 omni
1517 3642 1747 3699 homini
1786 3643 2156 3699 naturaliter

497 3734 686 3791 inesse
714 3732 1046 3803 appetitum
1070 3730 1475 3801 beatitudinis,
1510 3729 1574 3786 id
1616 3734 1705 3787 est
1731 3729 1886 3787 bene
1914 3728 2154 3788 vivendi

497 3821 866 3880 desiderium
879 3821 979 3889 ,‘et
1001 3818 1236 3877 nullum
1258 3833 1475 3893 cupere
1504 3818 1789 3877 miseram
1813 3820 2021 3891 vitam,
2038 3820 2154 3877 hoc

499 3915 589 3970 est
610 3911 976 3983 ﬂagitiosam
1009 3913 1191 3984 atque
1217 3908 1590 3977 sceleratam,
1644 3925 1784 3967 cum
1833 3909 2153 3983 utrobique

499 4004 625 4059 tam
652 4001 729 4057 sit
756 3998 1002 4056 evidens
1033 3998 1326 4057 certitudo
1378 4014 1567 4073 quam
1613 3997 1996 4072 quotidiana,
2029 3998 2153 4055 imo

496 4088 785 4146 continua
810 4086 1153 4145 multitudo.
1205 4087 1369 4144 Unde
1392 4090 1450 4144 et
1478 4086 1768 4144 Dominus
1795 4086 1858 4143 in
1885 4089 2154 4159 Evange-

495 4176 577 4235 lio
602 4193 617 4233 :
653 4177 1006 4234 Contendzte
1024 4177 1260 4234 intrare
1279 4191 1391 4247 per
1412 4183 1729 4247 angustam
1742 4177 2153 4247 portam,quia

495 4271 757 4338 angusta
784 4271 963 4337 porta
995 4270 1050 4323 et
1082 4270 1257 4324 arcta
1296 4266 1394 4321 via
1407 4271 1491 4321 est
1521 4281 1652 4336 quae
1680 4266 1847 4321 ducit
1874 4266 1957 4322 ad
1967 4266 2150 4322 vitam

494 4361 553 4415 et
573 4355 765 4426 pauci
801 4361 942 4412 sunt
996 4356 1104 4429 qui
1138 4354 1451 4411 inveniunt
1500 4368 1627 4410 eam
1659 4353 1901 4422 (Matth.
1929 4370 2026 4423 vn,
2062 4358 2147 4427 i3,

503 4444 611 4519 14).
635 4444 735 4503 Isti
758 4447 898 4502 sunt
925 4443 1150 4518 quibus
1178 4442 1505 4517 inspiratur
1534 4441 1817 4499 divinitus
1840 4442 2153 4499 beatitudi-

493 4534 592 4594 nis
618 4534 949 4610 appetitus,
997 4548 1124 4591 non
1172 4533 1421 4589 inﬂatur
1456 4535 1688 4589 naturae
1730 4531 1975 4605 typhus.
2007 4535 2151 4589 Item

492 4620 574 4677 ait
604 4637 619 4689 ;
653 4621 840 4689 Quam
869 4620 998 4677 lata
1023 4623 1207 4689 porta
1230 4622 1315 4675 est
1341 4624 1395 4675 ct
1424 4617 1689 4689 spatiosa
1712 4618 1809 4674 via
1831 4631 1967 4689 qute
1984 4617 2149 4673 ducit

491 4709 574 4766 ad
600 4709 1021 4779 perditionem,
1041 4713 1095 4765 et
1123 4707 1304 4765 multi
1329 4713 1470 4765 sunt
1501 4711 1605 4781 qui
1626 4708 1860 4764 intrant
1884 4722 2000 4778 per
2018 4721 2149 4764 eam

490 4795 690 4867 (Ibid.,
717 4801 827 4869 13).
860 4799 1087 4855 Horum
1101 4797 1304 4855 nullus
1324 4797 1551 4872 appetit
1573 4795 1747 4854 beate
1763 4796 1982 4867 vivere,
2005 4796 2150 4871 quia

490 4878 584 4934 vel
611 4879 849 4949 ignorat
862 4882 1012 4953 quid
1041 4883 1134 4955 sit,
1147 4881 1241 4938 vel
1268 4897 1395 4939 non
1423 4880 1551 4938 vult
1571 4881 1741 4955 sequi
1769 4881 1937 4954 quod
1958 4882 2144 4939 novit.

493 4966 688 5031 Quam
714 4968 1009 5039 peccandi
1027 4969 1422 5027 differentiam
1452 4970 1668 5027 beatus
1702 4970 2147 5040 Augustinusin

492 5055 787 5112 sententia
815 5055 1000 5127 paulo
1028 5059 1303 5131 superius
1335 5059 1652 5132 praemissa
1679 5058 1911 5130 liquido
1935 5060 2149 5131 perdo-

489 5137 631 5196 cuit.
660 5141 776 5197 Nos
806 5144 1011 5197 autem
1039 5147 1098 5197 et
1126 5143 1458 5215 appetitum
1488 5143 1643 5199 bene
1671 5142 1936 5212 vivendi,
1970 5142 2145 5199 etde-

489 5230 778 5289 siderium
798 5243 978 5301 atque
1025 5229 1367 5287 facultatem
1422 5231 1692 5288 miserias
1720 5230 2016 5287 evadendi
2061 5237 2145 5290 at-

490 5335 609 5392 que
654 5318 885 5376 vitandi
914 5319 1118 5389 gratiae
1159 5321 1430 5390 gratuitae
1474 5320 1638 5376 dono
1690 5318 1866 5374 nobis
1912 5320 2042 5377 dari
2081 5322 2144 5379 li-

486 5402 631 5460 bere
660 5402 1017 5459 conﬁtemur
1048 5406 1107 5459 et
1128 5401 1430 5459 humiliter
1474 5401 1881 5475 postulamus.
1937 5405 1994 5462 Si
2033 5422 2141 5463 au-

489 5494 610 5547 tem
636 5490 824 5548 vitam
874 5491 1115 5548 beatam
1144 5489 1325 5547 vitam
1355 5495 1641 5548 aeternam
1686 5507 2022 5568 nuncupas,
2056 5512 2143 5553 se-

557 5654 574 5681 ³
594 5647 829 5708 Additio
860 5647 1233 5723 marginalis.

2264 1674 2504 1748 judiciis
2531 1674 2701 1731 multi
2732 1675 3054 1746 adigantur
3080 1677 3262 1748 atque
3293 1679 3598 1745 cogantur,
3619 1675 3705 1732 ita
3731 1680 3925 1733 utnec

2268 1764 2512 1821 libertas
2539 1764 3105 1832 arbitriiauferatur,
3128 1778 3241 1820 nec
3268 1764 3508 1821 omnino
3532 1764 3918 1834 gratiadene-

2270 1859 2458 1925 getur.
2483 1856 2522 1927 [⁸
2553 1856 2622 1912 Et
2650 1854 2899 1929 quidem
2928 1854 3103 1926 juxta
3134 1854 3196 1910 id
3225 1853 3381 1927 quod
3404 1853 3628 1910 homini
3654 1854 3901 1911 libertas

2270 1944 2467 2002 adicta
2497 1949 2675 2018 atque
2724 1943 2953 2001 servilis
2976 1942 3290 2012 remansit,
3319 1942 3515 1999 dicitur
3541 1944 3595 2001 ei
3624 1943 3706 2000 ad
3751 1944 3914 2000 testi-

2270 2033 2541 2090 monium
2570 2050 2691 2090 suae
2720 2032 3131 2090 damnationis
3157 2031 3397 2089 relictus
3416 2031 3801 2089 beatitudinis
3821 2047 3926 2105 ap-

2272 2123 2510 2197 petitus,
2542 2127 2625 2192 ut,
2672 2123 2788 2180 hoc
2819 2121 3025 2181 audito
3066 2121 3391 2193 vocabulo,
3423 2122 3551 2193 ejus
3604 2120 3924 2178 dulcedine

2268 2213 2497 2271 illectus
2528 2216 2771 2287 appetat
2797 2212 3253 2279 beatitudinem,
3297 2211 3377 2268 ad
3400 2212 3573 2284 cujus
3597 2210 3925 2285 perceptio-

2268 2317 2411 2359 nem
2430 2302 2605 2371 bene,
2637 2305 2796 2358 recte
2825 2301 3044 2376 pieque
3100 2301 3385 2373 vivendo,
3437 2301 3758 2374 pervenire
3809 2317 3922 2357 non

2267 2391 2409 2447 vult.
2439 2394 2505 2448 Et
2524 2390 2669 2464 quia
2691 2390 2826 2448 talis
2878 2390 3177 2464 appetitus
3206 2407 3279 2447 ex
3328 2390 3698 2459 testimonio,
3751 2394 3813 2447 ut
3846 2390 3919 2446 ita

2267 2480 2541 2549 dixerim,
2575 2479 2803 2537 servilis
2851 2479 3159 2549 libertatis,
3190 2496 3318 2537 non
3383 2496 3458 2536 ex
3522 2480 3694 2537 dono
3731 2480 3916 2551 gratiae

2265 2570 2553 2643 procedit,
2586 2569 2648 2627 in
2680 2585 2810 2625 sese
2830 2568 3040 2626 relisus
3067 2572 3248 2643 atque
3278 2568 3699 2627 comminulus
3745 2585 3911 2627 emar-

2266 2660 2465 2730 ceseit,
2497 2658 2783 2716 continuo
2809 2663 2866 2716 et
2894 2658 3242 2724 evanescit.]

2333 2751 2466 2805 Jam
2496 2764 2639 2805 vero
2668 2746 2913 2805 libertas
2943 2747 3171 2805 arbitrii
3196 2747 3392 2822 qualis
3414 2752 3553 2806 ante
3585 2754 3913 2822 peccatum,

2264 2837 2460 2912 qualis
2482 2841 2624 2911 post
2647 2841 2965 2911 peccatum
2995 2836 3171 2895 fuerit
3191 2838 3334 2895 satis
3373 2854 3685 2913 superque
3724 2855 3916 2895 mons-

2264 2930 2484 2984 tratum
2515 2925 2803 2992 est.Quod
2826 2941 2967 2983 vero
2991 2926 3249 2984 liberum
3274 2927 3594 2984 arbitrium
3616 2944 3689 2985 ac
3717 2928 3920 2985 volun-

2268 3019 2447 3074 tatem
2476 3015 2537 3072 in
2561 3015 2807 3073 homine
2834 3016 3024 3073 Deum
3045 3031 3206 3073 nunc
3229 3032 3462 3075 creasse
3492 3018 3918 3088 etcondidisse,

2264 3121 2426 3162 nunc
2455 3104 2697 3162 dedisse
2733 3104 2965 3162 homini
2985 3104 3196 3163 scribis
3227 3123 3240 3161 :
3275 3106 3501 3165 mirum
3551 3106 3671 3163 nisi
3715 3123 3922 3163 secun-

2263 3189 2411 3247 dum
2436 3190 2789 3263 Pelagianos
2812 3196 3014 3265 patres
3026 3197 3162 3250 tuos
3185 3193 3383 3268 ipsam
3408 3199 3696 3253 naturam
3718 3195 3927 3253 huma-

2261 3296 2407 3337 nam
2428 3280 2685 3352 gratiam
2713 3297 3058 3356 nuncupas,
3106 3293 3171 3341 ut
3196 3287 3410 3357 postea
3437 3284 3744 3359 quidquid
3772 3285 3926 3342 ocell-

2262 3373 2357 3427 tus
2385 3370 2564 3428 datur
2592 3386 2717 3428 non
2746 3370 2819 3428 sit
2840 3372 3114 3443 gratuitae
3145 3372 3349 3443 gratiae
3374 3372 3560 3446 datio,
3590 3373 3707 3431 sed
3732 3376 3929 3433 meriti

2261 3459 2603 3530 retributio;
2636 3460 2743 3534 qui
2766 3464 2969 3518 tamen
2996 3462 3276 3535 quamvis
3327 3462 3391 3520 in
3433 3469 3669 3522 naturae
3723 3466 3927 3523 condi-

2262 3547 2422 3604 tione
2452 3548 2869 3605 constituerint
2906 3550 3185 3624 gratiam,
3236 3567 3557 3626 nunquam
3608 3558 3825 3611 tamen
3853 3554 3926 3611 1e-

2263 3642 2485 3708 guutur
2513 3638 2734 3695 dixisse
2752 3638 3129 3697 voluntatem
3149 3645 3206 3698 et
3233 3641 3569 3699 libertatem
3597 3642 3699 3701 vel
3736 3644 3928 3701 homi-

2260 3726 2354 3783 nis
2378 3725 2475 3783 vel
2503 3727 2743 3784 alterius
2768 3733 3055 3787 creaturae
3098 3730 3429 3797 rationalis,
3460 3747 3592 3790 esse
3641 3733 3928 3792 substan-

2262 3816 2583 3873 tiamrubi
2612 3818 2928 3876 manifeste
2986 3819 3298 3892 conjicitur
3356 3824 3521 3879 tanto
3564 3822 3929 3881 deteriorem

2262 3921 2392 3962 esse
2420 3906 2756 3979 Pelagianis
2787 3908 3060 3981 patribus
3080 3908 3217 3974 tuis,
3246 3914 3474 3983 quanto
3495 3910 3557 3967 in
3580 3913 3806 3969 erroris
3839 3929 3931 3971 eo-

2260 4010 2399 4053 rum
2455 3995 2782 4053 assertione
2814 4011 2887 4053 ea
2932 3997 3337 4071 superaddere
3391 4014 3755 4073 prmsumas,
3786 4017 3927 4075 qua:

2259 4100 2372 4142 nec
2397 4084 2513 4158 ipsi
2541 4100 2651 4143 nec
2676 4084 2774 4143 alii
2808 4088 2944 4144 ante
2968 4089 3024 4142 te
3070 4086 3294 4144 dixisse
3321 4089 3565 4163 uspiam
3614 4092 3931 4165 reperiun-

2261 4177 2375 4231 tur.
2434 4177 2673 4232 Errores
2745 4175 2964 4233 etenim
3020 4176 3480 4249 Pelagianorum
3527 4180 3636 4254 qui
3680 4182 3928 4255 fuerint,

2260 4263 2541 4336 quamvis
2604 4264 2750 4321 actis
2805 4264 3109 4339 synodicis
3164 4267 3387 4342 quibus
3444 4269 3724 4327 damnati
3789 4276 3934 4329 sunt

2262 4356 2736 4423 cognoscantur,
2767 4355 3070 4430 praecipue
3113 4360 3318 4415 tamen
3371 4373 3445 4415 ex
3494 4358 3669 4416 libris
3725 4359 3932 4419 beata:

2259 4442 2566 4499 memoriae
2586 4443 2919 4514 Augustini,
2952 4460 3108 4519 quos
3137 4448 3234 4504 vel
3254 4447 3549 4506 adversus
3579 4465 3684 4507 eos
3719 4450 3831 4508 vel
3855 4451 3933 4508 de

2258 4532 2590 4603 nonaginta
2626 4532 2962 4590 heeresibus
3007 4535 3214 4607 edidit,
3254 4537 3535 4597 facillime
3585 4539 3932 4613 deprehen-

2257 4618 2500 4676 duntur.
2526 4620 2755 4687 Quibus
2780 4621 3066 4697 inspectis
3113 4641 3421 4701 nusquam
3443 4628 3709 4702 reperire
3752 4630 3929 4688 valui

2257 4708 2423 4782 quod
2465 4714 2881 4783 portentorum
2951 4717 3194 4773 tuorum
3260 4716 3547 4775 fetoribus
3596 4710 3927 4780 exhalasti.

2258 4799 2402 4854 Item
2431 4799 2598 4873 quod
2624 4801 2745 4858 ais:

2822 4908 3060 4952 JOANNES
3110 4912 3337 4954 SCOTUS.

2326 4977 2493 5052 (Cap.
2536 4984 2588 5050 5,
2615 4996 2784 5038 num.
2813 4986 2901 5046 2t,
2929 4988 3073 5041 sect.
3125 4986 3202 5059 9).
3243 4991 3283 5040 6
3316 4987 3618 5061 Quemque
3644 4991 3931 5050 libertati

2255 5068 2503 5125 arbitrii
2540 5070 2944 5143 derogantem,
3006 5080 3111 5132 aut
3141 5077 3487 5146 minuendo,
3518 5085 3626 5136 aut
3672 5086 3927 5151 penitus

2254 5157 2606 5227 auferendo,
2654 5166 2761 5217 aut
2812 5162 3281 5234 blasphemando
3334 5168 3515 5225 totius
3547 5168 3927 5230 Christiana

2253 5245 2591 5317 disciplina:
2628 5252 2847 5319 procul
2866 5253 3046 5309 dubio
3076 5255 3407 5314 inimicum.

2926 5358 3235 5401 CORRECTIO

2321 5424 2511 5492 ’ἱεραῖς
2528 5428 2779 5499 minuat,
2811 5430 2929 5487 nisi
2951 5433 3054 5505 qui
3076 5438 3307 5507 peccat;
3327 5435 3463 5508 quis
3478 5437 3723 5509 penitus
3753 5439 3920 5496 aufe-

2248 5517 2361 5586 rat,
2391 5515 2503 5572 nisi
2529 5517 2634 5590 qui
2672 5517 2944 5591 ignorat;
2979 5522 3115 5595 quis
3161 5523 3559 5598 blasphemet,
3590 5526 3710 5583 nisi
3740 5529 3854 5601 qui
3885 5545 3923 5584 a
