4112 6184
275 121 420 176 1097

1217 136 1304 189 DE
1345 137 2002 194 PR/EDESTINATIONE
2040 138 2323 196 CONTRA
2361 141 2411 198 J.
2451 142 2744 203 SCOTUM.

3547 164 3566 216 l
3577 163 3682 218 098

269 243 488 326 pietate
517 245 815 306 discedit?
849 253 1049 310 Minuit
1076 256 1299 329 quippe
1331 259 1444 315 sibi
1471 261 1803 318 libertatem
1835 278 1929 317 ar-
1962 269 2007 319 Α
2041 265 2576 347 creatum‘dixeris,
2610 270 2916 339 miramur,
2973 289 3109 330 cum
3151 275 3314 332 aliud
3363 279 3435 336 sit
3465 298 3690 358 creare,

271 329 426 358 L:4..::
486 335 582 358 ...ηε
620 343 823 358 -.--,.ιΑ
882 357 890 358 ,
1115 344 1129 358 1
1341 348 1370 358 ..
1431 350 1460 358 _.
1677 353 1691 358 -
1721 353 1755 358 -.
1807 353 1815 358 .
2076 351 2111 358 -.
2184 353 2196 358 -
2247 354 2261 358 ._
2529 357 2536 358 κ

267 329 449 401 bitrii,
481 335 586 407 qui
617 343 830 409 sponte
863 344 1172 413 peccando
1204 348 1464 404 servituti
1514 369 1574 405 sc
1619 353 1864 421 addixit,
1895 369 1929 407 a

266 436 395 492 qua
431 421 507 478 de
555 429 770 482 c:etcro
819 445 942 484 non
986 431 1202 489 habuit
1242 435 1500 495 liberum
1550 456 1587 497 a
1630 440 1926 496 servitutis

267 508 561 575 dominio,
616 513 732 570 nisi
795 533 902 590 per
958 520 1058 576 Dei
1110 527 1166 578 et
1223 524 1540 584 hominum
1599 529 1927 586 Mediatoris

266 599 524 668 gratiam
548 601 808 660 liberari.
841 607 1044 665 Aufert
1073 615 1275 668 autem
1308 615 1528 684 nullus,
1576 617 1690 673 nisi
1722 624 1926 674 aucto-

266 688 456 744 ritatis
482 690 730 760 ignarus
756 699 811 751 et
834 696 1081 754 rationis
1110 717 1340 775 expers,
1373 721 1567 778 neque
1596 706 1927 764 bonitatem

266 778 391 848 Dei,
424 795 620 854 neque
641 783 933 854 justitiam
960 788 1060 844 Dei
1089 792 1296 847 valens
1329 796 1541 850 mentis
1571 797 1758 852 oculis
1783 815 1926 854 con-

264 869 439 926 tueri.
474 871 855 945 Blaspbemat
886 894 1025 934 vero
1069 881 1342 954 quisquis
1391 901 1426 939 a
1476 884 1691 957 pietate
1734 887 1925 943 disce-

264 958 442 1030 dens,
475 961 717 1034 suisque
744 963 1151 1037 impietatibus
1179 973 1644 1044 vituperabilitcr
1670 976 1925 1032 innoda-

265 1054 385 1121 tus,
413 1050 486 1106 de
505 1051 748 1122 judiciis
778 1056 878 1111 Dei
900 1059 1132 1116 mavult
1156 1061 1528 1134 iniquissime
1549 1066 1719 1138 queri
1739 1083 1924 1139 quam

263 1138 341 1194 de
373 1139 495 1195 suis
549 1141 870 1199 sceleribus
923 1151 1025 1203 aut
1075 1151 1245 1218 argui
1299 1157 1402 1207 aut
1448 1138 1777 1222 emendari,
1823 1161 1926 1212 aut

264 1235 421 1284 certe
446 1229 726 1299 judicari,
755 1249 1090 1308 omnesque
1122 1255 1242 1294 non
1273 1241 1468 1297 solum
1515 1259 1550 1299 a
1582 1244 1920 1318 disciplina,

262 1333 473 1374 verum
501 1319 681 1376 etiam
710 1338 746 1377 a
778 1324 1055 1381 societate
1088 1328 1390 1386 catholicae
1428 1331 1694 1389 Ecclesiae
1723 1335 1918 1397 alieni,

261 1414 529 1464 exsortes
569 1411 910 1468 nullatenus
954 1414 1322 1474 dubitantur.
1365 1423 1676 1478 Peccatum
1720 1429 1921 1480 autem

259 1511 392 1552 esse
423 1497 827 1557 voluntarium
858 1502 1134 1576 quisquis
1162 1515 1361 1578 negat,
1411 1510 1664 1566 modum
1713 1513 1920 1584 primm

257 1589 752 1657 transgressionis
781 1591 1024 1648 minime
1056 1594 1366 1665 diligenter
1406 1599 1677 1656 advertit.
1711 1604 1919 1658 Postea

257 1691 425 1743 vero,
477 1680 758 1749 quamvis
805 1679 963 1736 illius
1018 1686 1368 1743 necessitate
1425 1703 1656 1758 omnes,
1706 1695 1920 1763 praeter

258 1780 452 1820 unum
465 1765 842 1823 Mediatorem
862 1770 962 1826 Dei
979 1775 1032 1827 et
1050 1771 1387 1845 hominum,
1408 1777 1915 1848 constringuntur,

253 1855 633 1928 proindeque
691 1857 771 1913 ad
825 1859 1015 1916 multa
1072 1878 1207 1935 quas
1257 1865 1422 1936 prius
1460 1866 1777 1924 noluerant
1807 1885 1917 1926 nec

253 1944 528 2001 meditati
559 1946 813 2018 fuerant,
849 1951 1306 2024 compellantur,
1350 1955 1663 2012 fatendum
1713 1962 1801 2013 est
1829 1963 1914 2014 ta-

253 2049 400 2089 men
429 2050 553 2092 non
583 2035 815 2110 absque
863 2039 1166 2098 voluntate
1221 2059 1292 2098 ea
1336 2045 1646 2114 committi,
1693 2047 1916 2119 quibus

247 2123 417 2193 justa
465 2141 659 2197 pceure
707 2127 1014 2184 retributio
1072 2137 1548 2204 compcusctur:
1604 2135 1688 2192 ita
1738 2141 1803 2192 ut
1859 2142 1917 2194 ct

254 2211 426 2270 inviti
479 2214 730 2286 quidam
781 2216 859 2272 ad
915 2233 986 2276 ea
1039 2222 1440 2293 perpetranda
1491 2229 1803 2294 cogantur,
1859 2229 1917 2282 et

257 2305 462 2358 tamen
491 2303 792 2375 voluntas,
839 2309 1115 2379 quamvis
1134 2310 1265 2381 jam
1297 2311 1538 2384 captiva
1567 2319 1624 2369 et
1651 2314 1910 2379 addicta,

254 2407 383 2447 non
412 2392 584 2460 desit,
613 2410 749 2467 quae
779 2397 991 2454 merito
1020 2399 1325 2471 puniatur.

911 2506 1134 2564 CAPUT
1172 2510 1257 2564 Vt.

251 2607 345 2664 De
369 2622 433 2664 eo
465 2610 624 2687 quod
653 2627 772 2666 non
813 2613 1061 2687 aliunde
1107 2617 1180 2670 sit
1221 2630 1390 2673 omne
1438 2624 1745 2687 peccatum
1798 2620 1916 2676 nisi

514 2682 696 2738 libero
718 2686 986 2754 propria'
1020 2687 1349 2743 voluntatis
1379 2682 1658 2746 arbitrio.

329 2789 479 2845 Cum
507 2806 650 2846 vero
679 2791 1046 2849 fastidiosius
1095 2799 1151 2850 et
1196 2812 1318 2852 non
1367 2799 1701 2855 necessario
1742 2804 1910 2856 sexto

250 2881 807 2948 supervacuitatum
839 2887 1076 2939 tuarum
1109 2885 1355 2942 articulo
1386 2888 1541 2958 (cap.
1575 2893 1627 2956 6,
1661 2905 1823 2946 num.
1857 2894 1904 2957 t,

251 2975 396 3024 sect.
430 2975 480 3036 t)
507 2971 759 3044 replicas
781 2973 947 3045 quod
974 2991 1097 3030 non
1125 2975 1366 3033 aliunde
1385 2978 1456 3033 sit
1484 2994 1663 3034 omne
1694 2995 1906 3051 pecca-
1939 2975 1980 3031 C

251 3060 387 3112 tum
413 3058 526 3114 nisi
556 3059 744 3116 libero
769 3063 1024 3134 propriae
1072 3062 1394 3120 voluntatis
1434 3065 1696 3134 arbitrio,
1750 3067 1908 3122 unde

250 3145 457 3201 nullus
486 3147 599 3219 piae
627 3149 841 3204 mentis
867 3155 1065 3223 potest
1109 3151 1436 3222 ambigere,
1493 3155 1674 3210 uteris
1728 3170 1907 3225 argu-

251 3239 462 3290 mento
491 3237 653 3308 quod
682 3239 936 3296 sumitur
962 3255 997 3296 a
1030 3242 1500 3314 comparatione,
1533 3243 1770 3301 dicens:

820 3362 1058 3403 JOANNES
1110 3364 1336 3405 SCOTUS.
1373 3423 1381 3430 '

331 3445 498 3519 (Cap.
530 3450 581 3516 6,
610 3465 774 3506 num.
809 3455 862 3522 2,
896 3459 1034 3510 sect.
1070 3455 1144 3524 t.)
1175 3460 1213 3508 Θ
1244 3456 1315 3511 Si
1339 3456 1606 3512 humana
1629 3457 1909 3513 voluntas

250 3541 341 3591 est
383 3538 702 3595 secundum
746 3547 1054 3610 naturam,
1104 3546 1264 3602 unde
1308 3545 1586 3603 dubitare
1626 3548 1907 3603 stultissi-

247 3642 436 3694 mum,
471 3630 631 3683 nulli
652 3629 897 3688 dubium
946 3648 1074 3690 eam
1108 3651 1228 3691 non
1284 3650 1404 3691 esse
1453 3651 1742 3692 summam
1785 3653 1909 3692 om-

243 3715 418 3769 nium
465 3716 854 3786 voluntatem,
907 3735 971 3776 eo
1028 3723 1286 3779 maxime
1341 3729 1697 3794 argumento
1750 3725 1910 3796 quod

245 3804 560 3860 mutabilis
588 3808 684 3861 sit.
718 3809 785 3862 Si
810 3810 964 3864 enim
989 3825 1218 3868 summa
1245 3815 1507 3869 omnium
1551 3819 1717 3881 esset,
1764 3830 1908 3885 quo-

246 3893 424 3949 modo
452 3895 761 3952 mutabilis
782 3912 901 3952 esse
923 3899 1166 3968 posset?
1217 3901 1354 3956 Non
1405 3903 1596 3972 igitur
1651 3918 1904 3960 summa.

246 3982 544 4050 Quoniam
575 4000 712 4041 vero
759 4001 889 4042 eam
944 3989 1194 4044 rationis
1245 4005 1491 4047 summa:
1544 3993 1904 4061 participem

243 4088 373 4130 esse
403 4073 684 4144 videmus,
725 4076 1002 4133 dubitare
1047 4093 1167 4133 non
1201 4093 1514 4147 possumus
1565 4081 1754 4150 ipsam
1808 4097 1905 4136 ra-

247 4163 537 4220 tionalem
566 4165 959 4222 substantiam
991 4181 1130 4224 esse.

919 4289 1239 4330 CORRECTIO.

318 4362 363 4430 ιιι
399 4362 464 4416 Et
491 4359 666 4416 addis
696 4361 882 4433 (num.
915 4367 968 4430 3,
999 4369 1137 4419 sect.
1171 4363 1226 4434 2)
1249 4361 1409 4420 beati
1433 4364 1750 4436 Augustini
1778 4382 1910 4423 seu-

245 4448 522 4517 teutiam,
551 4464 711 4522 quae,
742 4449 1021 4523 quamvis
1041 4448 1102 4506 in
1123 4450 1490 4524 quibusdam
1516 4457 1639 4521 tua,
1662 4454 1786 4510 imo
1809 4469 1907 4511 ca-

248 4536 496 4607 tholica,
520 4538 850 4610 conﬁrmet,
871 4539 934 4595 in
961 4555 1032 4596 eo
1059 4544 1260 4596 tamen
1281 4540 1622 4598 nullatenus
1641 4547 1744 4600 aut
1765 4559 1908 4601 cou-

245 4626 418 4683 venit
445 4632 548 4683 aut
572 4627 954 4700 suffragatur,
983 4629 1152 4702 quod
1174 4629 1512 4688 humanum
1537 4630 1909 4689 voluntatem

247 4711 611 4769 rationalem
639 4712 1041 4770 substantiam
1070 4729 1395 4782 asseveras,
1429 4713 1573 4788 quia
1593 4731 1910 4790 nunquam

252 4799 320 4856 id
349 4801 477 4873 ejus
504 4801 710 4858 litterae
741 4803 1041 4860 continere
1073 4802 1428 4877 probantur.

899 4913 1122 4968 CAPUT
1159 4910 1270 4967 νη.

251 4997 428 5066 Quod
443 4998 696 5055 liberum
715 5000 1042 5056 voluntatis
1053 4999 1373 5056 arbitrium
1385 5001 1824 5058 numerandum
1837 5002 1914 5059 sit

324 5071 488 5144 inter
511 5070 662 5126 bona
688 5086 819 5142 quae
833 5073 991 5126 Deus
1015 5070 1244 5126 homini
1259 5072 1542 5143 largitur,
1558 5075 1829 5144 quamvis
1849 5089 1914 5131 eo

323 5143 486 5197 male
515 5147 761 5198 utatur:
792 5157 922 5212 qua:
951 5147 1035 5199 est
1057 5156 1240 5199 causa
1253 5145 1489 5214 peccati
1507 5143 1911 5215 et’peccatum.

323 5253 391 5304 In
422 5264 494 5304 eo
519 5253 720 5305 autem
769 5249 934 5322 quod
961 5249 1214 5322 septimo
1253 5266 1621 5308 nausearum
1675 5255 1910 5308 tuarum

249 5336 434 5392 taedio
466 5341 622 5407 (cap.
654 5343 710 5405 7,
742 5353 905 5392 num.
944 5341 992 5405 t,
1021 5344 1159 5394 sect.
1199 5338 1247 5409 t)
1293 5337 1551 5396 liberum
1591 5336 1915 5395 voluntatis

251 5425 572 5482 arbitrium
603 5425 1051 5482 numerandum
1099 5441 1309 5483 censes
1359 5428 1512 5484 inter
1562 5427 1728 5485 bona
1779 5442 1916 5500 quas

247 5514 488 5571 homini
517 5515 724 5571 divina
752 5515 1023 5586 largitate
1049 5515 1276 5572 donata
1307 5522 1466 5580 sunt,
1518 5520 1575 5572 et
1605 5516 1914 5590 amplecti-

251 5621 396 5661 mur
425 5609 483 5661 et
512 5605 870 5676 gaudemus.
904 5604 1018 5660 Sed
1047 5604 1216 5679 quod
1244 5604 1392 5662 illud
1423 5604 1697 5678 superius
1727 5622 1764 5664 a
1793 5610 1912 5664 Deo

618 5697 863 5752 ΡΑτιιοι.
906 5694 1063 5751 CXV.

2039 351 2201 407 aliud
2226 354 2452 413 donare
2479 376 2491 426 ;
2523 357 2656 415 licet
2681 360 2741 415 in
2767 361 2903 434 ipsa
2926 364 3220 420 creatione
3238 367 3380 424 data
3406 351 3692 432 divinitus

2035 438 2266 496 homini
2295 445 2482 502 multa
2510 445 2675 505 bona
2705 465 2827 505 non
2862 450 3246 520 ignoremus:
3281 457 3482 526 veluti,
3516 467 3579 518 ut
3616 463 3693 521 de

2037 531 2262 586 caeteris
2291 533 2521 606 sileam,
2548 536 2706 594 facto
2736 540 2970 612 corpori
3003 542 3294 614 animam,
3347 546 3516 604 factae
3564 553 3692 609 ani-

2035 633 2150 673 mae
2197 620 2583 695 voluntatem,
2635 627 2964 699 scientiam,
3019 630 3255 704 aliaque
3293 650 3415 692 suae
3463 644 3692 698 naturae

2036 712 2453 780 competentia,
2487 714 2707 786 quibus
2733 716 2936 788 imago
2969 720 3069 776 Dei
3098 720 3160 776 in
3193 738 3264 778 ea
3291 724 3568 784 decenter
3608 735 3691 787 te-

2034 802 2245 852 neatur
2269 814 2338 854 ac
2368 800 2698 859 decoretur.
2734 808 2858 861 Non
2884 809 3046 878 quod
3077 808 3322 882 aliquod
3352 814 3531 872 veluti
3561 835 3693 891 spa-

2033 885 2203 953 tium,
2238 894 2338 944 aut
2369 889 2481 946 loci
2524 897 2627 949 aut
2661 896 2962 968 temporis,
3010 897 3160 955 inter
3214 885 3612 962 creationem-
3635 913 3694 966 et

2034 973 2263 1032 donum
2303 993 2678 1051 asseramus;
2742 985 2848 1040 sed
2895 987 3156 1044 creando
3213 990 3509 1051 donatum
3566 1013 3691 1054 non

2033 1063 2395 1123 dubitemus.
2412 1072 2559 1126 Nam
2585 1072 2952 1130 voluntatem
2978 1080 3156 1148 atque
3179 1079 3487 1139 scientiam
3511 1101 3692 1157 auge-

2033 1151 2101 1220 ri,
2153 1154 2241 1209 vcl
2290 1158 2479 1213 minui
2526 1158 2586 1214 in
2642 1167 2914 1218 creatura
2943 1165 3214 1222 rationali
3241 1171 3378 1241 quis
3408 1175 3636 1232 nesciat
3664 1176 3692 1232 ?

2035 1241 2178 1299 Dicit
2209 1245 2367 1301 enim
2397 1249 2693 1320 Propheta
2723 1251 2798 1306 dc
2831 1255 3055 1310 sanctis
3089 1261 3144 1310 et
3169 1258 3270 1312 Dei
3303 1261 3689 1322 tabernaculo

2031 1330 2255 1401 dignis:
2280 1335 2458 1390 Ibunt
2485 1337 2558 1393 de
2584 1341 2804 1396 virtute
2838 1343 2899 1397 in
2934 1345 3209 1400 virtutem
3242 1347 3687 1423 (Psal.1.xxx1u,

2031 1423 2103 1491 8).
2131 1422 2283 1486 Quid
2305 1431 2394 1479 est
2413 1426 2573 1482 enim
2597 1428 2681 1484 ire
2697 1428 2773 1484 de
2797 1431 3006 1487 virtute
3025 1432 3085 1489 in
3114 1435 3412 1506 virtutem,
3438 1442 3552 1497 nisi
3577 1445 3690 1516 pitu

2031 1508 2350 1568 voluntatis
2372 1530 2656 1589 saumque
2679 1519 2936 1574 scientiae
2964 1521 3346 1581 incrementis
3387 1544 3458 1584 eo
3500 1508 3690 1604 usque

1962 1621 2000 1676 Β
2031 1599 2340 1673 proficere,
2371 1603 2563 1660 donec
2592 1605 2865 1664 videatur
2897 1609 3048 1665 Deus
3076 1609 3330 1670 deorum
3379 1618 3441 1672 iu
3493 1599 3632 1675 Sion
3662 1622 3689 1676 ?

2029 1687 2306 1744 Crescere
2328 1695 2529 1748 autem
2547 1694 2837 1768 sapientia
2854 1697 3120 1757 animum
3141 1703 3491 1762 rationalem
3513 1725 3690 1766 evan-

2028 1776 2237 1846 gelista
2264 1780 2625 1853 manifestat,
2657 1785 2762 1856 qui
2792 1785 2865 1841 de
2897 1790 3130 1845 Domini
3158 1796 3215 1847 et
3246 1793 3567 1853 Salvator-is
3596 1799 3688 1855 in-

2026 1864 2212 1922 fantia
2242 1883 2495 1925 narrans
2523 1871 2640 1928 ait:
2671 1873 2746 1928 Et
2785 1876 2956 1930 Jesus
2980 1880 3337 1948 proﬁciebat
3365 1888 3684 1956 sapientia,

2026 1960 2081 2011 et
2113 1962 2307 2026 aetate,
2337 1965 2390 2014 ct
2419 1962 2625 2029 gratia
2655 1963 2821 2031 apud
2849 1966 3034 2022 Deum
3065 1974 3119 2025 et
3149 1970 3412 2029 homines
3438 1976 3603 2044 (Luc.
3625 1994 3683 2047 ιι,

2027 2048 2114 2111 52)
2142 2062 2156 2112 ;
2191 2047 2480 2118 sapientia
2506 2049 2751 2122 quidem
2770 2051 2847 2108 ad
2871 2054 3160 2124 animam,
3184 2065 3326 2116 tetas
3343 2062 3420 2118 ad
3443 2080 3684 2137 corpus,

2025 2133 2214 2201 gratia
2244 2137 2495 2207 pertinet
2526 2139 2604 2194 ad
2633 2145 2980 2215 utrumque.
3025 2147 3136 2212 Qui
3163 2147 3345 2217 igitur
3372 2133 3682 2222 proﬁcere,

2022 2222 2086 2278 id
2118 2228 2208 2279 est
2236 2241 2498 2282 crescere
2526 2231 2853 2304 augerique
2883 2233 3118 2308 dicitur,
3170 2239 3460 2311 sapientia
3506 2242 3683 2297 nimi-

2022 2327 2180 2383 rum,
2207 2329 2329 2370 non
2349 2320 2592 2374 aetatum
2616 2321 2821 2392 spatiis
2845 2329 3117 2396 augetur,
3149 2327 3256 2382 sed
3282 2329 3563 2386 virtutum
3592 2331 3683 2387 in-

2023 2404 2338 2460 crementis
2364 2407 2668 2464 attollitur.
2696 2412 2762 2466 Et
2790 2411 3062 2486 quisquis
3093 2415 3334 2474 scientia
3365 2424 3423 2474 et
3451 2420 3684 2492 sapien-

2023 2490 2104 2547 tia
2130 2493 2419 2564 proticere
2452 2495 2688 2566 dicitur,
2745 2514 2869 2555 non
2927 2501 3264 2561 substantia
3301 2490 3539 2576 augeri,
3577 2509 3684 2564 sed

2020 2579 2334 2638 virtutibus
2363 2584 2672 2642 sublimari
2697 2587 3033 2644 credendus
3050 2596 3140 2647 est
3158 2610 3171 2647 :
3199 2599 3304 2650 aut
3323 2611 3359 2650 a
3384 2598 3683 2653 contrario

2019 2670 2297 2743 quisquis
2362 2673 2642 2730 vitiorum
2706 2676 2952 2734 faecibus
3017 2680 3386 2754 inquinatur,
3453 2692 3681 2759 quanto

2021 2760 2214 2830 magis
2241 2777 2311 2816 ac
2338 2760 2748 2821 delectabilius
2795 2766 2879 2823 eis
2920 2768 3240 2841 inhaeserit,
3287 2777 3454 2830 tanto
3503 2776 3681 2833 virtu-

2021 2847 2178 2903 tibus
2212 2849 2518 2908 decrescit.

2081 2939 2210 3002 Qua
2229 2937 2302 2993 dc
2323 2955 2385 2994 re
2411 2940 2704 3012 colligitur
2718 2943 3121 3003 voluntarium
3141 2953 3319 3022 atque
3343 2951 3649 3008 scientiam
3663 2993 3681 3023 ,

2019 3023 2258 3097 aliaque
2280 3027 2378 3082 Dei
2400 3027 2564 3086 dona
2584 3031 2801 3088 animae
2822 3035 3095 3091 rationali
3116 3037 3256 3093 data
3288 3043 3469 3111 atque
3495 3039 3677 3095 insita

2017 3128 2140 3168 non
2163 3128 2290 3169 esse
2303 3114 2698 3175 substantiam
2714 3120 2764 3191 ej
2776 3137 2843 3176 us
2865 3138 2876 3174 :
2899 3124 3191 3194 quoniam
3208 3125 3254 3180 si
3269 3134 3496 3182 natura:
3515 3133 3673 3197 sunt,

2017 3216 2260 3258 necesse
2276 3207 2364 3259 est
2382 3209 2630 3262 naturas
2650 3207 3037 3282 incorporeas
3059 3228 3226 3268 more
3249 3229 3676 3286 corporearum

2017 3296 2370 3348 naturarum
2395 3297 2733 3366 augmentis
2753 3315 3036 3369 crescere,
3058 3301 3426 3360 detrimentis
3447 3303 3637 3360 minui
3658 3321 3671 3360 :

2017 3381 2183 3454 quod
2212 3381 2474 3439 alienum
2506 3385 2743 3457 penitus
2772 3403 2809 3443 a
2839 3394 3112 3446 creatura
3140 3391 3496 3464 incorporea
3534 3394 3670 3450 nul-

2017 3468 2109 3524 lus
2136 3469 2389 3540 ignorat.
2425 3474 2699 3530 Crescere
2733 3479 2933 3532 autem
2963 3477 3300 3535 voluntates
3329 3481 3672 3553 hominum,

2017 3559 2078 3614 id
2109 3563 2196 3614 est
2225 3560 2431 3630 augeri
2461 3561 2555 3617 vel
2585 3563 2796 3636 minui,
2825 3566 2978 3622 sicut
3007 3571 3063 3622 et
3092 3570 3504 3641 cogitationes,
3537 3587 3674 3645 qum

2018 3663 2142 3704 non
2184 3647 2301 3704 nisi
2331 3666 2401 3704 ex
2434 3650 2736 3708 voluntate
2765 3654 3084 3726 prodeunt,
3134 3659 3506 3730 quotidiana,
3550 3661 3674 3716 imo

2011 3736 2195 3808 jugis,
2229 3737 2404 3793 docet
2429 3737 2749 3796 alternitas.
2804 3743 3210 3802 Substautiam
3253 3753 3538 3805 creaturae
3577 3765 3674 3806 ra-

2020 3825 2254 3882 tionalis
2283 3826 2461 3882 nullis
2491 3835 2717 3885 naturae
2753 3847 2878 3887 suae
2909 3835 3248 3903 augmentis
3281 3853 3548 3895 crescere
3578 3842 3673 3897 vel

2018 3915 2359 3971 decrescere
2391 3920 2616 3971 certum
2649 3924 2756 3973 est.
2793 3920 3110 3977 Scientiam
3141 3927 3197 3977 et
3226 3925 3581 3996 sapientiam
3611 3929 3674 3984 in

2017 4002 2302 4060 creaturis
2345 4003 2735 4060 rationalibus
2783 4010 2984 4078 augeri
3039 4011 3128 4066 vel
3181 4012 3371 4070 minui
3417 4014 3674 4074 dubium

2016 4109 2139 4148 non
2161 4095 2267 4147 est.
2301 4091 2580 4164 Quisquis
2602 4109 2744 4164 ergo
2765 4095 3126 4154 voluntatem
3157 4106 3334 4174 atque
3363 4105 3673 4164 scientiam

2016 4181 2277 4238 hominis
2298 4185 2576 4238 naturam
2598 4184 2727 4255 ejus
2751 4201 2881 4242 esse
2901 4188 3233 4259 conﬁrmat,
3256 4194 3465 4265 procul
3486 4195 3672 4255 dubio

2019 4276 2354 4328 creaturam
2395 4271 2815 4346 incorpoream
2865 4281 3202 4348 augmentis
3258 4285 3671 4357 corporalibus

2019 4358 2351 4431 subjectum
2373 4376 2501 4416 esse
2533 4369 2763 4420 asserat
2792 4380 3036 4423 necesse
3086 4373 3208 4426 est:
3266 4372 3432 4445 quod
3485 4391 3671 4448 quam

2019 4449 2157 4505 sita
2185 4449 2411 4506 ratione
2443 4449 2727 4525 alienum,
2771 4471 2950 4512 nemo
3004 4457 3118 4514 nisi
3167 4461 3414 4517 rationis
3461 4480 3672 4537 expers

2017 4537 2274 4609 ignorat.
2307 4540 2475 4596 Dona
2507 4548 2708 4599 autem
2741 4545 2862 4608 Dei,
2915 4562 3050 4618 quae
3104 4552 3242 4604 sunt
3289 4550 3384 4606 vel
3426 4568 3670 4622 magna,

2017 4626 2114 4683 vel
2139 4626 2361 4694 media,
2385 4628 2478 4684 vel
2503 4631 2776 4703 minima,
2806 4637 3023 4690 animas
3040 4636 3314 4694 rationali
3335 4654 3444 4710 pro
3466 4640 3675 4697 volun-

2021 4717 2136 4772 tate
2172 4714 2474 4786 largientis
2526 4719 2862 4792 distributa,
2911 4723 3234 4795 Apostolus
3276 4726 3519 4796 iudicat,
3570 4729 3676 4802 qui

2020 4805 2347 4860 numeratis
2371 4805 2740 4878 quibusdam
2777 4809 3076 4868 donorum
3107 4815 3229 4882 Dei,
3265 4816 3555 4875 conclusit
3584 4819 3676 4876 di-

2022 4909 2162 4950 cens
2183 4909 2196 4948 :
2217 4895 2362 4950 Haec
2381 4902 2580 4952 autem
2601 4899 2820 4955 ommia
2840 4908 3127 4970 operatur
3147 4919 3300 4961 unus
3321 4912 3502 4979 atque
3521 4909 3676 4965 idem

2020 4984 2306 5053 Spiritus,
2339 4985 2607 5042 dividens
2633 4987 2890 5060 singulis
2910 4999 3099 5061 prout
3133 4996 3263 5052 vult
3311 4997 3369 5068 (I
3405 4998 3542 5053 Cor.
3573 5015 3673 5063 xii,

2029 5073 2133 5144 ll).
2163 5073 2273 5139 Qui
2297 5072 2476 5144 igitur
2507 5075 2817 5134 scientiam
2847 5079 2910 5135 in
2939 5081 3183 5139 homine
3205 5090 3490 5143 naturam
3511 5104 3678 5146 asse-

2022 5161 2115 5230 rit,
2146 5162 2432 5219 nimirum
2460 5165 2744 5237 Apostolo
2767 5170 3136 5243 contradicit,
3190 5173 3297 5247 qui
3343 5191 3479 5232 eam
3527 5177 3680 5234 inter

2024 5251 2126 5307 Dei
2151 5253 2313 5309 dona
2341 5253 2660 5310 enuntians
2689 5254 2867 5312 dixit:
2899 5259 3031 5316 Alii
3055 5261 3240 5318 datur
3256 5279 3368 5335 per
3384 5265 3676 5334 Spiritum

2022 5356 2213 5398 sermo
2230 5343 2558 5413 sapientiae,
2577 5346 2692 5402 alii
2706 5361 2897 5404 sermo
2917 5350 3177 5408 scicntia:
3200 5354 3260 5410 in
3278 5370 3396 5411 uno
3416 5355 3678 5427 Spiritu,

2025 5432 2130 5485 etc.
2186 5431 2377 5502 (Ibid.,
2436 5433 2514 5505 8).
2570 5435 2772 5491 Datur
2823 5435 2990 5507 dixit,
3046 5455 3171 5496 non
3229 5441 3525 5514 conditur,
3584 5445 3682 5502 vel

2026 5522 2298 5588 creatur;
2325 5520 2492 5593 quod
2521 5536 2664 5593 ergo
2694 5523 2870 5582 datur
2894 5525 3126 5584 donum
3149 5535 3258 5602 est,
3284 5547 3410 5588 non
3433 5536 3677 5590 natura:

2025 5606 2192 5680 quod
2221 5612 2422 5666 autem
2450 5609 2628 5669 datur
2672 5612 2735 5670 in
2789 5614 3095 5676 voluntate
3141 5617 3342 5677 dantis
3394 5625 3503 5692 est,
3556 5636 3682 5678 non

3257 5713 3323 5764 33
