4112 6184
476 132 497 186 1
508 133 610 187 099

1540 119 1596 175 S.
1638 115 2004 173 PRUDENTII
2041 108 2409 169 TRECENSIS
2456 113 2764 171 EPISCOPI

3738 118 3871 171 1100

470 254 533 310 in
560 254 853 328 potestate
876 253 1103 305 naturae
1132 243 1494 317 accipientis.
1536 241 1645 307 Qui
1673 239 1834 296 enim
1859 237 1980 304 dat,
2011 251 2123 328 pro
2153 237 2204 291 Α
2235 235 2428 290 stinus
2449 235 2732 328 (Retract.
2766 236 2870 293 lib.
2903 240 2947 298 l,
2983 250 3116 328 cap,
3146 236 3232 307 15)
3254 252 3285 328 :_
3324 236 3538 328 [‘Quod,
3593 236 3887 328 ίηεηιίθηε.

471 324 778 399 voluntate
808 338 1041 407 tribuit;
1088 336 1192 409 qui
1220 349 1364 390 vero
1413 330 1644 404 accipit,
1694 345 1818 415 non
1866 324 2123 401 propria:

470 431 792 489 voluntatis
821 427 1087 502 potentia
1118 428 1220 483 aut
1248 422 1565 485 desiderio,
1612 421 1724 477 sed
1752 434 1864 492 pro
1889 416 2122 472 donan-

472 520 545 577 tis
574 519 820 577 arbitrio
851 516 1121 591 percipit,
1158 512 1323 587 quid,
1357 516 1656 586 quantum
1685 512 1787 566 aut
1814 504 2122 580 quomodo

470 609 786 683 dispensat
815 606 930 679 ille,
960 606 1064 680 qui
1093 606 1296 662 omnia
1325 603 1388 658 in
1416 615 1718 666 mensura,
1756 604 1809 655 et
1837 596 2123 667 pondere,

470 705 528 756 et
559 713 805 755 numero
836 694 1159 754 constituit.
1198 697 1325 750 Non
1355 695 1444 748 est
1471 690 1651 761 igitur
1676 691 1947 744 creatura
1974 684 2123 739 libe-

469 805 607 845 rum
632 787 966 856 arbitrium,
1014 786 1078 842 id
1114 790 1203 841 est
1228 784 1513 839 humana:
1540 775 1864 836 voluntatis
1896 773 2122 844 electio,

473 876 579 933 sed
607 877 839 932 donum
869 875 971 930 Dei
1004 874 1160 930 inter
1202 870 1403 927 media
1443 869 1743 925 donorum
1772 864 1929 920 illius
1962 862 2125 918 bona

468 964 938 1024 numerandum.
972 962 1135 1019 Unde
1164 965 1221 1017 et
1249 958 1406 1016 facili
1432 962 1602 1015 motu
1627 972 1663 1012 a
1693 969 1931 1011 summo
1959 952 2124 1008 bono

470 1056 675 1119 averti,
708 1059 889 1130 atque
920 1054 995 1112 ad
1026 1051 1307 1109 interiora
1339 1047 1568 1105 deﬂecti
1614 1046 1824 1120 potuit,
1872 1042 2011 1100 inde
2069 1044 2127 1097 et

471 1146 684 1203 merito
713 1145 1003 1220 plectitur,
1058 1142 1389 1212 meritoque
1419 1135 1767 1195 voluntariae
1798 1150 1922 1190 sua;
1953 1146 2124 1189 aver-

472 1235 658 1292 sionis
686 1232 1074 1306 dignissimas
1102 1245 1315 1305 pcenas
1342 1227 1470 1284 luit.

1096 1376 1319 1432 CAPUT
1355 1373 1499 1428 VIII.

467 1509 556 1567 De
578 1502 922 1576 differentia
951 1502 1110 1557 inter
1135 1503 1419 1555 naturam
1472 1494 1724 1551 hominis
1768 1498 1822 1548 et
1871 1490 2120 1547 liberum

1035 1592 1164 1660 ejus
1211 1586 1548 1644 arbitrium.

538 1724 760 1780 Octavo
784 1713 1204 1790 disputationis
1232 1717 1349 1769 tuaa
1379 1708 1587 1767 ordine
1643 1708 1795 1779 (cap.
1851 1709 1905 1774 8,
1960 1721 2020 1761 η.
2070 1704 2115 1775 l,

464 1818 606 1871 sect.
634 1810 686 1878 1)
716 1805 952 1865 conaris
979 1804 1131 1861 inter
1157 1800 1409 1857 liberam
1438 1797 1700 1855 hominis
1726 1794 2115 1862 voluntatem,

463 1915 621 1974 quas,
654 1897 806 1955 sicut
827 1894 938 1965 ais,
967 1908 1041 1949 ex
1067 1894 1285 1948 natura
1309 1893 1416 1955 est,
1447 1892 1504 1944 et
1532 1885 1787 1942 liberum
1808 1884 1939 1974 ejus
1964 1882 2118 1939 arbi-

461 1972 665 2059 trium,
697 1984 863 2060 quod
899 1980 1109 2056 procul
1144 1978 1331 2035 dubio
1378 1977 1609 2033 donum
1648 1972 1938 2033 Creatoris
1984 1986 2115 2028 esse

463 2075 848 2134 manifestum
878 2075 992 2139 est,
1031 2066 1383 2125 distantiam
1412 2064 1626 2120 facere.
1677 2063 1742 2118 In
1799 2076 1922 2134 qua
1977 2075 2115 2116 cum

460 2167 566 2223 diu
594 2163 971 2235 multumque
1000 2158 1263 2224 labores,
1306 2154 1519 2211 deﬁnis
1560 2152 1924 2210 voluntatem
1966 2149 2113 2205 libe-

458 2272 592 2314 ram
621 2269 755 2312 esse
785 2248 1187 2309 substantiam
1214 2247 1582 2312 humanam;
1630 2242 1886 2299 liberum
1911 2245 2113 2297 autem

457 2344 771 2404 arbitrium
812 2340 1013 2398 liberae
1063 2335 1390 2394 voluntatis
1450 2339 1703 2389 motum.
1751 2330 1923 2396 Quod
1973 2345 2111 2385 cum

454 2434 703 2509 propria
730 2428 1155 2490 adinventione
1192 2422 1577 2491 conﬁnxeris,
1627 2422 1811 2479 miror
1843 2426 1898 2477 te
1945 2423 2114 2477 tanta

457 2523 722 2581 caecitate
740 2521 1052 2590 obtusum,
1077 2521 1143 2573 ut
1172 2514 1370 2572 videre
1392 2511 1729 2585 nequiveris
1753 2514 1963 2567 contra
1988 2525 2110 2565 om-

452 2611 622 2669 nium
655 2608 1088 2668 catholicorum
1114 2619 1293 2660 sensa
1319 2601 1653 2658 rectissima
1696 2603 1750 2656 te
1792 2598 2133 2675 impuden-r

453 2702 572 2759 tius
597 2700 847 2772 garrire,
876 2694 1423 2771 loquacitatemque
1468 2694 1657 2754 tuam,
1703 2688 1985 2746 omnibus
2031 2688 2109 2745 ri-

454 2789 741 2858 dendam,
792 2800 1097 2843 summam
1152 2781 1439 2839 fallaciter
1496 2779 1799 2852 putavisse
1847 2777 2108 2850 pruden-

451 2878 619 2937 tiam.
659 2880 927 2950 Cumque
971 2871 1132 2930 beati
1169 2868 1479 2940 Augustini
1510 2866 1866 2923 sententiam
1897 2866 2113 2923 conﬁr-

453 2944 1089 3025 mandarum—tuarum
1116 2959 1307 3032 gratia
1327 2956 1742 3014 deﬁnitionum
1766 2954 1905 3012 adhi
1916 2955 2105 3023 beres,
2141 2944 2184 3001 Ο

454 3063 512 3116 et
569 3073 709 3114 eum
778 3053 926 3112 nihil
993 3048 1156 3108 aliud
1219 3047 1472 3105 liberum
1551 3044 1862 3102 arbitrium
1920 3060 2105 3117 quam

451 3145 709 3204 liberam
790 3142 1161 3201 voluntatem
1230 3138 1292 3193 in
1363 3135 1575 3193 eadem
1630 3151 1738 3190 sua
1795 3133 2106 3205 sententia,

454 3232 968 3310 quemadmodum
996 3230 1059 3286 in
1088 3226 1390 3288 omnibus,
1426 3223 1817 3297 appellavisse
1860 3239 2110 3294 cognos-

454 3340 638 3394 ceres,
687 3323 964 3394 illiusque
993 3316 1342 3374 auctoritate
1373 3314 1613 3369 frivolas
1643 3312 2109 3382 argumentatio-

453 3429 563 3471 nes
604 3418 742 3469 tuas
790 3407 960 3466 evelli
1008 3410 1326 3474 metueres,
1373 3401 1654 3459 addidisti
1701 3404 2107 3473 portentosum

455 3498 889 3574 expositionem
915 3494 1122 3552 dicens
1151 3509 1164 3549 :

1021 3629 1260 3674 JOANNES
1310 3629 1538 3671 SCOTUS.

528 3734 691 3805 \Cap.
724 3733 782 3799 8,
808 3744 870 3785 n.
901 3729 956 3795 4,
990 3730 1131 3782 sect.
1159 3725 1232 3797 8.)
1287 3729 1326 3777 Θ
1372 3723 1445 3779 In
1476 3721 1689 3796 quibus
1719 3722 1908 3779 verbis
1938 3723 2106 3781 debe-

454 3838 585 3879 mus
604 3819 911 3878 intendere
926 3833 1000 3874 ne
1016 3817 1146 3889 quis
1166 3815 1563 3871 substantiam
1576 3813 1910 3884 confundat
1921 3820 1976 3870 et
1991 3829 2108 3871 mo-

456 3917 603 3983 tum,
617 3911 867 3969 audiens
886 3908 1133 3964 liberam
1149 3905 1537 3970 voluntatem,
1550 3917 1682 3973 quas
1693 3903 1910 3973 procul
1929 3903 2009 3959 du
2017 3904 2109 3961 bio

453 3999 869 4063 substantialis
885 4001 966 4054 est
978 4040 988 4052 .
1003 3996 1090 4052 Eo
1112 3996 1316 4066 itaque
1338 3992 1652 4049 locutionis
1673 3992 1845 4048 modo
1865 3998 2108 4049 sanctus

453 4089 693 4147 PaterA
705 4088 1021 4159 ugustinus
1038 4101 1177 4141 usus
1190 4089 1294 4156 est,
1310 4082 1559 4139 dicendo
1574 4081 1820 4138 liberam
1838 4083 2109 4139 volunta-

456 4184 569 4236 tem
590 4194 700 4249 pro
730 4192 794 4234 eo
814 4176 974 4248 quod
1005 4180 1111 4245 est,
1142 4174 1341 4229 liberae
1361 4172 1689 4228 voluntatis
1710 4175 1956 4242 motum,
1986 4172 2108 4228 sive

453 4268 772 4326 arbitrium
783 4309 796 4336 ,
812 4281 926 4339 quo
938 4265 1193 4321 solemus
1208 4263 1316 4328 uti,
1327 4261 1470 4354 ilum
1484 4274 1597 4354 per
1609 4274 1820 4354 causas
1835 4260 2107 4316 substan-
2138 4299 2184 4354 Β

454 4357 627 4415 tiales
643 4371 843 4413 eorum
859 4353 1264 4426 signiﬁcamus
1279 4349 1519 4419 e/fectus
1532 4364 1553 4403 :
1573 4348 1716 4404 hinc
1731 4353 1816 4404 est
1836 4363 1992 4406 vera’
2010 4364 2106 4406 ra-

453 4447 630 4505 tionis
657 4445 963 4515 circuitus,
989 4457 1102 4514 pro
1123 4454 1276 4497 verae
1293 4437 1774 4495 ratiocinationis
1800 4437 2076 4494 circuitu.

1116 4579 1437 4624 CORRECTIO.

519 4701 562 4771 -ι-
590 4700 728 4764 Quae
753 4701 857 4755 tua
883 4710 1009 4753 non
1038 4690 1355 4767 expositio,
1407 4687 1515 4746 sed
1542 4688 1895 4763 depravatio
1917 4690 2104 4766 ipsius

445 4787 607 4845 beati
644 4784 958 4855 Augustini
986 4782 1181 4840 verbis
1220 4796 1251 4836 e
1280 4777 1536 4850 vestigio
1566 4784 1835 4836 cassetur
1861 4796 2104 4838 necesse

446 4878 555 4944 est,
597 4873 703 4948 qui
728 4873 981 4930 liberam
1007 4870 1383 4929 voluntatem
1411 4866 1670 4925 liberum
1699 4872 1934 4926 motum
1973 4885 2104 4927 esse

444 4962 756 5033 deﬁniens,
805 4962 867 5017 in
922 4961 1074 5018 libro
1127 4975 1309 5034 quem
1357 4962 1568 5015 contra
1623 4959 1979 5016 Manichaeos
2026 4960 2103 5017 de

443 5051 682 5109 duabus
709 5051 1030 5108 animabus
1054 5048 1238 5106 edidit
1266 5047 1349 5104 ita
1376 5045 1612 5104 locutus
1653 5052 1742 5103 est
1784 5048 1941 5119 (cap.
1976 5048 2098 5120 10):

442 5140 752 5215 [Voluntas
777 5144 866 5197 est
889 5139 1076 5197 animi
1100 5142 1321 5209 motus,
1350 5140 1602 5207 cogente
1631 5134 1821 5206 nullo,
1864 5133 1942 5190 ad
1993 5135 2101 5192 ali-

441 5230 589 5304 quid
611 5228 707 5288 vel
748 5220 878 5289 non
925 5225 1387 5295 admittendum,
1441 5224 1536 5281 vel
1597 5221 2100 5297 adipiscendum.)

439 5322 484 5392 ἰ·
514 5319 736 5387 Quibus
762 5319 962 5378 verbis
986 5316 1306 5376 manifeste
1345 5319 1517 5372 tuum
1565 5324 1830 5367 errorem
1859 5311 2100 5370 detrun-

440 5414 557 5484 cat,
587 5427 709 5485 quo
737 5409 1110 5468 voluntatem
1134 5407 1468 5462 humanam
1490 5400 1622 5472 ejus
1645 5400 1967 5457 essentiam
1997 5402 2099 5460 de-

435 5499 644 5569 ﬁnisti,
676 5514 863 5572 quam
890 5495 1251 5555 sententiam
1278 5506 1354 5547 ne
1384 5489 1531 5546 forte
1555 5486 1891 5559 Pelagianis
1917 5489 2096 5566 patri-

437 5588 553 5646 bus
582 5589 701 5648 tuis
731 5585 1052 5661 suifragari
1073 5583 1395 5651 videretur,
1425 5580 1508 5637 ita
1531 5579 1871 5640 retractavit
1889 5584 2094 5654 Augu-

2231 328 2550 396 propterea
2578 324 2806 380 dictum
2835 330 2944 395 est,
2994 329 3059 381 ut
3100 324 3216 381 hac
3247 323 3592 381 definitione
3620 325 3827 381 volens
3853 341 3892 383 a

2231 412 2470 469 nolente
2501 413 2955 484 discerneretur,
3008 418 3065 469 et
3120 413 3204 469 sic
3263 413 3341 469 ad
3396 413 3527 469 illos
3582 415 3896 471 referretur

2232 500 2503 573 intentio,
2539 502 2647 574 qui
2688 502 2863 575 primi
2909 503 2969 558 in
3001 502 3285 575 paradiso
3338 503 3570 559 fuerent
3623 506 3897 560 humano

2233 590 2435 661 generi
2463 590 2633 661 origo
2672 590 2836 660 mali,
2882 590 3048 647 nullo
3102 596 3352 661 cogente
3408 592 3741 664 peccando,
3779 591 3899 647 hoc

2233 683 2325 734 est
2352 678 2542 734 libera
2596 678 2901 735 voluntate
2947 681 3279 752 peccando,
3335 680 3479 751 quia
3534 685 3593 736 et
3640 679 3898 736 scientes

2233 772 2442 824 contra
2468 772 2836 842 praeceptum
2863 767 3146 831 fecerunt,
3200 773 3254 825 et
3297 767 3393 824 ille
3421 772 3682 826 tentator
3709 769 3902 826 suasit

2233 860 2298 912 ut
2328 857 2443 912 hoc
2473 856 2660 925 ﬁeret,
2706 872 2828 913 non
2879 857 3091 926 coegit.
3144 860 3294 913 Nam
3346 861 3405 914 et
3463 858 3567 930 qui
3614 858 3900 914 nesciens

2232 945 2519 1018 peccavit,
2550 961 2677 1001 non
2706 946 3168 1017 incongruenter
3209 946 3421 1004 nolens
3463 962 3750 1020 peccasse
3782 948 3902 1004 dici

2232 1038 2450 1106 potest,
2480 1036 2761 1107 quamvis
2802 1039 2859 1092 et
2901 1036 3030 1108 ipse
3081 1035 3249 1108 quod
3292 1036 3566 1092 nesciens
3604 1036 3766 1104 fecit,
3800 1052 3903 1093 vo-

2231 1120 2362 1178 lens
2392 1128 2595 1179 tamen
2625 1123 2802 1191 fecit;
2843 1123 2926 1180 ita
2956 1139 3069 1180 nec
3110 1125 3302 1197 ipsius
3348 1141 3481 1181 esse
3532 1125 3727 1197 potuit
3770 1127 3903 1182 sine

2232 1210 2536 1269 voluntate
2574 1217 2908 1284 peceatum.
2959 1214 3100 1279 Quae
3139 1212 3420 1271 voluntas
3470 1214 3698 1287 utique,
3745 1215 3903 1272 sicut

2232 1300 2480 1357 deﬁnita
2508 1307 2621 1372 est,
2651 1301 2835 1357 animi
2865 1305 3068 1358 motus
3099 1300 3227 1369 fuit,
3279 1307 3531 1373 cogente
3575 1302 3765 1371 nullo,
3819 1303 3901 1360 ad

2233 1389 2459 1463 aliquid
2492 1390 2581 1446 vel
2608 1405 2732 1447 non
2762 1389 3226 1459 admittendum,
3279 1391 3369 1448 vel
3405 1392 3897 1466 adipiscendum.

2233 1480 2407 1544 Quod
2431 1481 2592 1535 enim
2624 1480 2672 1535 si
2701 1479 3012 1550 noluisset,
3043 1495 3165 1536 non
3196 1479 3454 1551 fecisset,
3492 1497 3618 1538 non
3645 1487 3896 1538 coactius

2156 1592 2202 1646 Β
2230 1570 2321 1623 est
2351 1566 2561 1625 facere.
2596 1566 2747 1633 Quia
2775 1566 2962 1623 voluit
2987 1582 3131 1639 ergo
3158 1568 3316 1639 fecit,
3339 1570 3574 1625 etiamsi
3596 1585 3723 1626 non
3749 1571 3899 1642 quia

2232 1656 2416 1712 voluit
2467 1656 2755 1729 peccavit,
2815 1656 3087 1713 nesciens
3157 1662 3472 1730 peccatum
3541 1672 3675 1714 esse
3725 1659 3899 1731 quod

2229 1745 2401 1803 fecit:
2461 1747 2544 1802 ita
2596 1762 2705 1802 nec
2757 1746 2873 1802 tale
2916 1752 3231 1820 peccatum
3265 1747 3393 1804 sine
3421 1747 3731 1804 voluntate
3761 1764 3895 1805 esse

2227 1835 2436 1908 potuit,
2472 1835 2578 1892 sed
2602 1836 2911 1892 voluntate
2935 1836 3096 1907 facti,
3140 1852 3267 1893 non
3295 1836 3602 1894 voluntate
3634 1840 3895 1912 peccati,

2227 1925 2389 1997 quod
2449 1931 2651 1982 tamen
2708 1925 2936 1982 factum
2987 1933 3303 1999 peccatum
3358 1926 3506 1995 fuit;
3559 1927 3679 1984 hoc
3726 1929 3896 1985 enim

2225 2013 2451 2070 factum
2480 2018 2571 2071 est
2595 2014 2763 2086 quod
2792 2014 2919 2070 ﬁeri
2948 2030 3073 2071 non
3096 2015 3323 2071 debuit.
3368 2016 3652 2089 Quisquis
3680 2023 3890 2074 autem

2228 2103 2422 2159 sciens
2452 2108 2682 2176 peccat,
2734 2103 2784 2158 si
2813 2108 3007 2176 potest
3038 2105 3274 2175 cogenti
3302 2105 3381 2161 ad
3408 2110 3724 2178 peccatum
3760 2107 3896 2163 sine

2224 2197 2471 2264 peccato
2500 2193 2797 2264 resistere,
2824 2209 2934 2249 nec
2964 2198 3166 2250 tamen
3200 2194 3358 2263 facit,
3410 2194 3614 2266 utique
3674 2196 3891 2252 volens

2227 2285 2451 2353 peccat,
2486 2281 2776 2353 quoniam
2807 2282 2911 2354 qui
2945 2286 3141 2354 potest
3167 2283 3462 2354 resistere,
3498 2298 3621 2339 non
3653 2284 3895 2353 cogitur

2224 2370 2454 2426 cedere.
2479 2370 2588 2435 Qui
2610 2385 2752 2427 vero
2783 2371 3015 2440 cogenti
3048 2371 3358 2443 cupiditati
3382 2371 3549 2429 bona
3577 2372 3891 2429 voluntate

2223 2458 2490 2514 resistere
2513 2473 2634 2514 non
2666 2464 2886 2532 potest,
2911 2463 2968 2516 et
2994 2459 3131 2517 ideo
3167 2459 3308 2516 facit
3336 2466 3544 2518 contra
3578 2469 3888 2535 precepta

2217 2547 2481 2620 justitiae,
2511 2548 2641 2619 jam
2672 2550 2783 2605 hoc
2826 2549 2908 2606 ita
2956 2554 3271 2622 peccatum
3302 2556 3415 2624 est,
3461 2556 3528 2610 ut
3570 2551 3636 2608 sit
3681 2551 3877 2607 etiam

2222 2651 2404 2709 poena
2429 2638 2702 2709 peccati.]

2292 2728 2335 2797 -ξ-
2347 2728 2488 2781 Ecce
2508 2725 2718 2783 doctor
2735 2727 3153 2784 veracissimus
3173 2728 3414 2785 duobus
3439 2730 3550 2786 tuis
3570 2728 3884 2785 erroribus

2222 2814 2538 2871 fortissime
2559 2814 3050 2883 contradicit.Qui
3072 2817 3235 2873 enim
3256 2817 3613 2875 voluntatem
3636 2823 3889 2874 motum

2220 2904 2404 2960 animi
2425 2902 2928 2976 deﬁnivit,procul
2942 2905 3128 2961 dubio
3150 2921 3275 2962 non
3290 2922 3420 2962 esse
3442 2905 3601 2962 aliud
3616 2906 3891 2963 liberum

2220 2992 2533 3050 arbitrium
2561 3009 2747 3067 quam
2782 2993 3146 3051 voluntatem
3174 2994 3429 3051 liberam
3457 2995 3766 3067 intellexit,
3800 2997 3894 3052 in-

2221 3082 2729 3156 telligendumque
2757 3082 2963 3139 litteris
2992 3084 3329 3141 mandavit.
3354 3084 3594 3141 Falsum
3622 3089 3710 3141 est
3732 3101 3891 3157 ergo

2218 3171 2386 3244 quod
2413 3171 2567 3226 inter
2593 3170 2847 3227 liberam
2887 3170 3258 3229 voluntatem
3299 3171 3674 3246 liberumque
3718 3174 3891 3230 arbi—

2219 3262 2398 3317 trium
2425 3262 2584 3317 hanc
2614 3260 2960 3317 distantiam
2991 3261 3274 3326 ﬁnxeras,
3295 3267 3356 3318 ut
3381 3262 3635 3319 liberam
3666 3263 3890 3319 volun-

2220 3353 2401 3406 tatem
2433 3350 2513 3405 ad
2540 3356 2843 3421 naturam,
2889 3349 3145 3406 liberum
3189 3356 3391 3407 autem
3442 3351 3757 3408 arbitrium
3806 3353 3891 3410 ad

2221 3443 2453 3495 motum
2520 3436 2723 3495 liberae
2803 3438 3123 3496 voluntatis
3176 3437 3490 3496 referenda
3540 3439 3883 3498 docuisses.

2220 3528 2393 3595 Quod
2419 3527 2482 3583 in
2505 3528 2775 3600 ejusdem
2803 3526 2938 3584 libri
2962 3527 3378 3586 retractatione
3409 3530 3561 3602 (cap.
3590 3533 3677 3602 15}
3706 3531 3888 3588 haud

2218 3616 2401 3673 dubie
2428 3616 2790 3686 manifestat,
2838 3633 2978 3673 cum
3024 3616 3204 3675 dicit:
3266 3616 3458 3692 [Quod
3512 3622 3740 3687 autem,
3790 3620 3890 3676 in-

2217 3706 2451 3779 quiens,
2494 3705 2659 3762 dixi:
2716 3705 2834 3762 Illae
2891 3706 3109 3764 animae
3162 3706 3463 3782 quidquid
3515 3707 3767 3777 faciunt,
3832 3708 3886 3765 si

2217 3797 2454 3866 natura,
2484 3811 2606 3852 non
2636 3795 2940 3853 voluntate
2970 3795 3219 3867 faciunt,
3261 3797 3324 3853 id
3372 3802 3459 3854 est
3508 3798 3559 3854 si
3597 3797 3794 3854 libero
3827 3803 3889 3855 et

2218 3883 2299 3942 ad
2315 3883 2658 3940 faciendum
2696 3888 2753 3941 et
2796 3883 2875 3942 ad
2921 3901 3046 3943 non
3085 3885 3432 3943 faciendum
3479 3891 3648 3944 motu
3687 3887 3886 3944 animi

2218 3978 2462 4043 carent;
2515 3974 2565 4029 si
2610 3973 2870 4047 denique
2913 3975 3008 4031 his
3057 3975 3400 4033 abstinendi
3446 3977 3525 4035 ab
3553 3992 3727 4050 opere
3758 3993 3882 4033 suo

2218 4069 2481 4137 potestas
2508 4062 2676 4120 nulla
2701 4063 3064 4134 conceditur,
3091 4071 3409 4138 peccatum
3435 4082 3640 4123 earum
3670 4071 3885 4123 tenere

2217 4169 2340 4210 non
2368 4169 2716 4227 possumus.
2748 4156 3071 4227 Propterea
3118 4171 3242 4211 non
3286 4158 3598 4230 perturbat
3625 4155 3699 4212 de
3738 4172 3886 4229 paro

2223 4242 2367 4298 vulis
2393 4242 2670 4315 quaestio,
2704 4243 2847 4315 quia
2877 4259 2951 4300 ex
2978 4244 3136 4300 illius
3168 4244 3398 4315 origine
3437 4246 3525 4302 rei
3569 4252 3879 4311 tenentur,

2216 4331 2322 4404 qui
2349 4330 2653 4388 voluntate
2671 4333 2959 4404 peccavit,
2981 4332 3229 4407 quando
3246 4333 3436 4391 libero
3465 4338 3524 4391 et
3551 4334 3631 4391 ad
3656 4333 3890 4391 facien-

2216 4421 2366 4477 dum
2393 4425 2451 4478 et
2478 4420 2558 4477 ad
2584 4435 2709 4478 non
2737 4421 3081 4480 faciendum
3111 4424 3239 4495 [al.,
3264 4439 3390 4481 non
3417 4424 3498 4482 ad
3526 4424 3669 4497 fac.]
3700 4430 3885 4481 motu

2215 4508 2403 4567 animi
2441 4523 2568 4566 non
2604 4510 2867 4584 carebat,
2911 4511 3087 4585 eique
3128 4512 3209 4570 ab
3244 4528 3426 4587 opere
3471 4513 3636 4572 malo
3690 4512 3886 4571 absti-

2215 4595 2399 4652 nendi
2428 4613 2670 4656 summa
2696 4605 2964 4673 potestas
2981 4602 3157 4674 erat.]

2287 4687 2330 4757 -ι-
2358 4688 2505 4744 Ecce
2535 4692 2592 4745 et
2620 4688 2684 4745 in
2714 4689 2829 4748 hac
2857 4692 3149 4748 sententia
3180 4690 3556 4749 voluntatem
3588 4707 3627 4749 a
3651 4698 3885 4751 natura

2214 4775 2772 4852 discrevit,eamque
2792 4783 3028 4837 motum
3046 4780 3231 4839 animi
3245 4780 3504 4838 liberum
3525 4797 3653 4839 non
3668 4784 3880 4850 tacuit,

2213 4881 2456 4922 rursum
2480 4867 2541 4923 in
2571 4884 2644 4925 eo
2667 4869 2836 4941 quod
2863 4870 2942 4927 ad
2965 4869 3343 4943 peccandum
3368 4871 3503 4942 cogi
3536 4872 3882 4944 perdocuit,

2212 4956 2400 5012 errori
2427 4960 2531 5013 tuo
2560 4958 2838 5016 vivaciter
2865 4960 3243 5030 contradixit,
3286 4976 3412 5033 quo
3441 4963 3666 5019 asseris
3692 4965 3886 5021 nemi-

2214 5059 2355 5101 nem
2399 5044 2490 5101 vel
2519 5046 2599 5104 ad
2642 5047 2807 5105 bona
2834 5049 2929 5106 vel
2958 5049 3039 5106 ad
3067 5049 3229 5108 mala
3256 5048 3538 5108 facienda
3567 5054 3881 5126 compelli.

2213 5132 2387 5200 Quod
2415 5149 2489 5190 ex
2517 5151 2640 5209 quo
2669 5137 2764 5194 vel
2793 5137 2872 5196 ob
2900 5154 3088 5212 quam
3125 5155 3256 5196 rem
3297 5140 3429 5197 ﬁeri
3470 5141 3881 5200 certissimum

2211 5226 2504 5294 teneatur,
2548 5224 2612 5282 in
2642 5228 2856 5285 eadem
2880 5231 3298 5287 retractatione
3327 5232 3569 5287 secutus
3596 5231 3701 5305 adj
3710 5233 3878 5289 unxit

2209 5314 2363 5385 (cap.
2403 5314 2490 5385 15)
2512 5332 2525 5370 :

2281 5404 3170 5479 [ltemque,inquiens,deﬁnitio
3185 5409 3415 5483 peccati
3432 5424 3559 5483 qua
3577 5410 3867 5468 diximus.

2209 5492 2528 5551 Peccatum
2559 5499 2647 5551 est
2666 5495 2942 5555 voluntas
2979 5498 3274 5556 retinendi
3311 5499 3403 5557 vel
3447 5500 3869 5574 consequendi

2208 5579 2375 5655 quod
2392 5582 2622 5655 justitia
2651 5589 2831 5660 vetat,
2861 5590 2920 5645 et
2946 5589 3110 5648 unde
3135 5587 3392 5648 liberum
3418 5593 3509 5651 est
3536 5590 3869 5662 abstinere,
