4112 6184
231 145 364 201 1101

1163 162 1246 215 ΟΕ
1287 163 1965 223 PRIEDESTINATIONE
2002 171 2281 230 CONTRA
2317 177 2366 232 Ι.
2409 178 2701 236 SCOTUM.

3510 190 3644 250 1102

226 273 548 380 propter-ea
578 287 720 329 vera
751 282 856 380 est,
875 280 1022 351 quia
1040 281 1100 337 id
1125 283 1438 380 deﬁnitum
1456 290 1716 380 estquod
1747 293 1875 346 tan-
1907 297 1954 350 Α
1993 297 2236 368 prOpria
2264 301 2567 359 voluntate
2596 308 2894 376 peccetur.
2931 306 3036 364 Ubi
3053 313 3366 380 peccatum
3385 311 3535 370 illud
3551 315 3646 372 in-

225 358 544 449 tummodo
575 369 885 431 peccatum
915 374 1023 439 est,
1042 385 1164 426 non
1194 374 1359 444 quod
1376 379 1466 430 est
1500 358 1680 432 etiam
1701 394 1883 449 paena

224 447 476 538 peccati.
511 451 658 506 Nam
688 456 936 524 quando
967 457 1082 515 tale
1113 466 1201 516 est
1229 466 1292 518 ut
1319 463 1477 519 idem
1517 466 1588 520 sit
1617 470 1674 522 et
1702 447 1883 538 poena

222 536 476 607 peccati,
505 545 801 611 quantum
834 550 922 602 est
951 549 1115 619 quod
1145 550 1301 606 valet
1330 553 1608 610 voluntas
1643 536 1754 610 sub
1776 555 1882 611 do-

223 624 496 681 minante
526 630 868 700 cupiditate.
891 636 1002 690 nisi
1034 637 1180 694 forte
1209 641 1254 694 si
1282 641 1382 713 pia
1402 649 1508 708 est,
1545 649 1607 700 ut
1632 650 1758 699 oret
1779 660 1883 700 au-

220 713 436 803 xilium
456 715 485 770 ?
511 720 572 771 lu
605 723 835 777 tantum
865 725 1022 781 enim
1051 726 1235 784 libera
1267 736 1376 799 est,
1404 732 1547 803 quia
1567 733 1626 788 in
1645 738 1878 789 tantum

220 801 475 859 liberata
504 811 612 869 est,
646 811 705 864 et
723 809 782 864 in
805 815 1035 869 tantum
1061 817 1396 889 appellatur
1411 801 1706 877 voluntas.
1725 822 1878 878 Alio-

220 893 375 964 quin
405 894 588 949 tutius
619 899 913 970 cupiditas
942 919 1128 975 quam
1154 907 1427 963 voluntas
1459 911 1695 983 proprie
1723 927 1878 967 nun-

219 984 510 1054 cupanda
538 992 628 1042 est
659 1004 671 1042 :
701 1005 836 1061 quae
862 1008 984 1048 non
1014 1000 1122 1062 est,
1167 997 1316 1052 sicut
1369 1000 1672 1056 Manichaei
1725 1001 1880 1056 desi-

218 1071 417 1142 piunt,
450 1073 657 1130 alienae
688 1082 919 1136 naturis
950 1082 1448 1154 additamentum,
1511 1088 1616 1144 sed
1663 1095 1878 1145 nostra:

218 1159 457 1229 vitium,
490 1179 526 1220 a
549 1181 672 1237 quo
701 1182 825 1224 non
849 1176 1098 1228 sanatur
1113 1175 1244 1244 [al.,
1272 1193 1480 1232 sanam
1493 1180 1580 1248 ur]
1613 1179 1726 1234 nisi
1749 1197 1878 1250 gra-

1994 382 2170 454 telligi
2200 387 2381 461 volui,
2409 392 2573 464 quod
2601 408 2724 450 non
2769 401 2858 450 est
2909 395 3088 454 etiam
3136 414 3319 470 paena
3365 405 3596 473 peccati
3628 422 3643 461 :

1990 486 2150 566 nam
2163 475 2238 566 de
2268 479 2371 534 tali
2390 495 2570 552 paena
2599 482 2722 539 dixi
2740 483 2880 541 alibi
2902 485 2962 542 in
2985 487 3200 544 eadem
3216 487 3644 566 disputatione,

1990 563 2155 634 quod
2180 565 2506 626 dicendum
2537 571 2686 644 fuit.)

2059 653 2101 721 -ξ-
2133 654 2274 711 Item
2301 657 2362 713 in
2394 662 2809 718 retractatione
2854 663 2990 722 libri
3037 665 3112 721 de
3153 682 3290 725 vera
3344 669 3646 742 Religione

1987 739 2270 811 (Retract.
2307 761 2436 816 cap.
2471 750 2559 821 t3)
2595 767 2607 803 :
2642 751 2732 820 [Et
2747 751 2924 807 alibi:
2954 756 3149 826 Usque
3173 755 3345 824 adeo,
3369 739 3643 831 inquam,

1987 837 2302 903 peccatum
2333 837 2738 897 voluntarium
2759 841 2991 899 malum
3020 849 3127 912 est,
3161 851 3225 902 ut
3254 847 3419 904 nullo
3459 851 3646 907 modo

1989 919 2061 976 sit
2089 929 2423 993 peccatum,
2459 928 2508 983 si
2534 945 2655 984 non
2689 930 2763 986 sit
2786 932 3214 991 voluntarium.
3251 939 3645 997 Potestvideri

1987 1007 2138 1066 falsa
2166 1011 2293 1068 haec
2323 1015 2588 1072 definitio
2623 1035 2635 1084 ;
2668 1018 2774 1074 sed
2801 1019 2847 1074 si
2909 1020 3224 1090 diligenter
3267 1024 3642 1095 discutiatur,

1986 1099 2316 1157 invenietur
2345 1120 2474 1160 esse
2495 1105 2831 1164 verissima.
2860 1111 3173 1167 Peccatum
3215 1113 3443 1186 quippe
3497 1115 3646 1172 illud

1988 1189 2377 1258 cogitandum
2399 1199 2506 1261 est,
2537 1196 2706 1268 quod
2736 1200 3156 1256 tantummodo
3184 1208 3496 1273 peccatum
3529 1210 3642 1272 est,

220 1251 306 1306 tia
339 1253 680 1310 Salvatoris.
715 1260 884 1323 Quod
917 1262 965 1316 si
994 1264 1318 1337 quisquam
1347 1266 1507 1338 dicit,
1567 1269 1749 1324 etiam
1795 1270 1880 1342 ip-
1929 1314 1940 1318 -

218 1356 359 1396 sam
382 1343 771 1415 cupiditatem
800 1350 947 1406 nihil
976 1368 1104 1409 esse
1151 1355 1314 1410 aliud
1364 1373 1552 1429 quam
1604 1358 1878 1414 volunta-

2445 1433 2464 1445 .
3112 1433 3135 1434 η
3183 1433 3267 1435 μή
3305 1433 3370 1436 --
3418 1433 3520 1438 ηψ
3555 1433 3640 1454 ---τ

219 1437 366 1498 tem,
399 1433 505 1540 sed
533 1435 812 1494 vitiosam
837 1447 1203 1515 peccatoque
1234 1446 1604 1515 servientem,
1642 1463 1766 1504 non
1792 1464 1878 1504 re-
1986 1456 2060 1512 de
2089 1457 2277 1514 libero
2305 1461 2579 1518 Arbitrio.
2603 1467 2884 1530 Quamvis
2915 1471 2972 1522 et
2998 1467 3099 1524 illa
3121 1484 3254 1540 quas
3283 1485 3406 1527 non
3435 1471 3644 1529 imme-

217 1522 556 1579 sistendum
581 1533 688 1597 est,
717 1544 827 1584 nec
855 1530 931 1585 de
946 1532 1166 1595 verbis,
1188 1550 1327 1590 cum
1350 1551 1442 1591 res
1468 1542 1717 1602 constet,
1741 1553 1878 1593 con—
1986 1548 2096 1602 rito
2126 1563 2246 1603 non
2273 1549 2610 1608 voluntaria
2637 1560 2886 1626 peccata
2912 1522 3212 1625 dicuntdr,
3265 1561 3410 1632 quia
3460 1562 3556 1618 vel
3605 1577 3646 1620 ο.

215 1614 510 1720 troversia
538 1614 815 1673 facienda
843 1625 950 1676 est.
971 1622 1061 1676 Sic
1087 1626 1246 1678 enim
1270 1627 1602 1682 ostenditur
1623 1627 1749 1683 sine
1770 1643 1876 1684 vo-
1909 1646 1946 1700 Β
1983 1636 2406 1706 nescientibus,
2437 1641 2528 1696 vel
2555 1657 2593 1698 a
2620 1614 2839 1700 coactis
2865 1614 3305 1720 perpetrantur:
3334 1664 3457 1706 non
3511 1667 3644 1707 om-

212 1697 450 1757 luntate
479 1704 712 1761 nullum
729 1723 858 1764 esse
890 1716 1203 1782 peccatum
1232 1714 1350 1769 sive
1380 1715 1440 1770 in
1469 1730 1648 1788 opem
1671 1716 1794 1772 sive
1814 1717 1876 1773 in
1982 1724 2232 1782 nimodo
2253 1734 2506 1799 possunt
2521 1729 2646 1786 sine
2667 1697 3326 1792 voluntratercommitti’:
3349 1739 3640 1811 quoniam

1987 1293 2110 1334 non
2138 1282 2305 1352 quod
2325 1288 2413 1339 est
2435 1284 2615 1340 etiam
2645 1302 2828 1358 paena
2859 1290 3106 1359 peccati,
3162 1290 3315 1348 sicut
3367 1295 3643 1366 superius

1987 1368 2222 1424 ostendi
2257 1386 2395 1426 cum
2424 1374 2707 1445 quaedam
2727 1391 3268 1435 commemorarem
3297 1396 3370 1436 ex
3418 1381 3522 1438 lib.
3554 1400 3640 1454 ιιι,

213 1790 472 1857 origine.

293 1881 337 1948 -ξ-
363 1881 504 1936 Hinc
535 1881 715 1939 etiam
729 1884 808 1941 ita
819 1887 1004 1959 paulo
1022 1891 1296 1962 superius
1316 1894 1656 1950 retractavit
1671 1897 1874 1967 Augu-

218 1966 418 2022 stinus
446 1969 645 2042 (Ιὺιίί.)
676 1989 688 2027 :
723 1975 890 2043 [Item
917 1978 1082 2048 quod
1112 1980 1233 2035 dixi
1264 1999 1275 2036 :
1312 1984 1622 2054 Nusquam
1658 1966 1879 2040 scilicet

215 2055 283 2110 in
311 2055 616 2115 voluntate
645 2075 773 2117 esse
804 2071 1140 2137 peccatum,
1174 2075 1427 2140 possunt
1450 2071 1750 2141 Pelagiani
1767 2089 1876 2144 pro

218 2160 285 2199 se
316 2145 541 2201 dictum
572 2154 778 2220 putare
807 2159 1050 2225 propter
1076 2157 1380 2228 parvulos,
1410 2175 1564 2231 quos
1593 2160 1727 2216 ideo
1776 2177 1877 2217 ne-

217 2240 368 2304 gant
393 2235 616 2293 habere
643 2247 976 2312 peccatum,
1008 2246 1174 2318 quod
1201 2247 1285 2301 eis
1314 2249 1374 2302 in
1424 2248 1726 2322 baptismo
1782 2265 1873 2306 re-

217 2324 506 2392 mittatur,
539 2328 684 2399 quia
697 2331 971 2388 nondum
989 2334 1231 2390 arbitrio
1260 2336 1576 2394 voluntatis
1609 2343 1872 2395 utuntur.

219 2414 406 2478 Quasi
433 2431 575 2472 vero
597 2424 909 2490 peccatum
931 2423 1097 2495 quod
1141 2441 1245 2480 eos
1271 2442 1345 2481 ex
1381 2427 1571 2483 Adam
1618 2427 1876 2484 dicimus

216 2503 586 2573 originaliter
615 2509 867 2580 trahere,
899 2512 960 2566 id
988 2518 1076 2569 est
1102 2520 1271 2570 reatu
1289 2517 1419 2587 ejus
1439 2518 1798 2590 implicatos,
1821 2524 1879 2575 et

217 2592 302 2646 ob
317 2593 434 2648 hoc
455 2610 650 2666 paena
670 2598 965 2656 obnoxios
985 2601 1254 2674 detineri,
1303 2622 1558 2678 usquam
1603 2623 1735 2663 esse
1766 2623 1873 2680 po-

217 2681 333 2736 tuit
359 2681 472 2738 nisi
499 2683 559 2739 in
603 2687 924 2760 voluntate,
967 2707 1089 2763 qua
1131 2692 1434 2750 voluntate
1478 2696 1871 2752 commissum

217 2776 328 2837 est,
360 2773 609 2844 quando
637 2776 821 2834 divini
849 2781 1130 2853 praecepti
1161 2788 1248 2838 est
1277 2782 1434 2839 facta
1457 2786 1871 2854 transgressio.

216 2861 414 2916 Potest
431 2863 612 2919 etiam
640 2868 838 2936 putari
862 2868 1010 2925 falsa
1034 2886 1166 2926 esse
1196 2873 1312 2927 ista
1332 2874 1622 2931 sententia
1640 2890 1764 2947 qua
1789 2875 1875 2930 di-

218 2949 434 3015 ximus,
466 2969 769 3026 nusquam
796 2959 908 3013 nisi
929 2960 987 3014 in
1013 2960 1318 3018 voluntate
1353 2980 1482 3019 esse
1533 2969 1870 3036 peccatum,

215 3040 365 3110 quia
386 3040 534 3099 dixit
563 3047 884 3118 Apostolus
918 3069 930 3104 :
963 3052 1032 3106 Si
1058 3058 1253 3108 autem
1284 3054 1444 3124 quod
1474 3056 1612 3109 nolo
1644 3054 1754 3110 hoc
1781 3056 1874 3123 fa-
1903 3040 1939 3058 υ

215 3133 329 3198 cio,
363 3133 495 3200 jam
525 3149 644 3190 non
684 3152 788 3208 ego
812 3153 1025 3207 operor
1050 3141 1226 3207 illud,
1256 3141 1360 3197 sed
1375 3143 1438 3196 id
1490 3143 1648 3213 quod
1688 3145 1751 3198 in
1782 3158 1875 3199 me

219 3218 459 3275 habitat
486 3231 793 3291 peccatum
825 3227 1013 3297 (Rom.
1043 3245 1147 3292 vn,
1184 3235 1266 3298 to,
1299 3232 1401 3300 t7).
1437 3233 1554 3286 Hoc
1571 3230 1870 3303 enimpec-

223 3312 433 3363 catum
465 3326 648 3383 usque
667 3316 818 3372 adeo
839 3333 959 3373 non
992 3325 1078 3373 est
1106 3318 1165 3374 in
1192 3318 1518 3386 voluntate,
1580 3327 1640 3376 ut
1692 3321 1872 3392 dicat,

225 3396 392 3465 quod
415 3401 551 3454 nolo
580 3403 686 3459 Iwc
703 3406 883 3474 facio.
912 3408 1226 3471 Quomodo
1257 3424 1399 3479 ergo
1430 3425 1730 3482 nusquam
1763 3416 1872 3480 est,

220 3484 339 3540 nisi
399 3486 459 3542 in
499 3491 798 3549 voluntate
832 3501 1143 3567 peccatum
1165 3499 1192 3552 ?
1254 3498 1370 3554 Sed
1391 3501 1504 3554 hoc
1535 3505 1872 3571 peccatum,

217 3573 295 3629 de
325 3590 450 3647 quo
473 3579 555 3634 sic
577 3587 664 3637 est
689 3582 922 3639 locutus
980 3586 1322 3658 Apostolus,
1364 3587 1503 3644 ideo
1560 3593 1873 3661 peccatum

217 3670 487 3734 vceatur,
519 3669 664 3740 quia
693 3677 937 3742 peccato
966 3675 1189 3731 factum
1217 3681 1326 3747 est,
1357 3682 1414 3733 et
1441 3692 1624 3748 poena
1662 3693 1874 3750 pecca-

219 3751 260 3807 ti
287 3760 400 3820 est,
434 3759 932 3833 quandoquidem
963 3765 1076 3821 hoc
1105 3765 1181 3822 de
1207 3767 1693 3838 concupiscentia
1739 3782 1872 3822 car-

213 3842 312 3896 nis
337 3843 571 3918 dicitur,
603 3851 771 3922 quod
799 3854 988 3926 aperit
1011 3855 1070 3910 in
1089 3855 1598 3928 consequentibus
1619 3855 1826 3912 dicens
1856 3872 1869 3910 :

212 3929 354 3988 Scio
384 3937 527 4006 quia
552 3955 672 3996 non
705 3942 938 4001 habitat
967 3945 1030 4000 in
1047 3961 1158 4012 me,
1188 3944 1297 4000 hoc
1321 3949 1404 4001 est
1440 3946 1501 4000 in
1532 3959 1713 4000 car-ne
1741 3960 1874 4001 mea

217 4019 440 4080 bonum
458 4029 651 4084 :vette
677 4032 834 4087 enim
859 4033 1098 4103 adjacet
1128 4033 1293 4102 mihi,
1331 4036 1619 4102 perﬁcere
1674 4039 1874 4089 autem

217 4109 440 4169 bonum
472 4133 590 4172 non
610 4119 798 4189 (lbid.,
832 4126 941 4190 18).
971 4121 1250 4178 Perfectio
1290 4121 1514 4195 quippe
1565 4120 1712 4176 boni
1763 4125 1872 4184 est,

215 4207 284 4258 ut
310 4219 419 4259 nec
449 4204 586 4278 ipsa
615 4211 1100 4283 concupiscentia
1128 4211 1356 4285 peccati
1387 4211 1460 4267 sit
1484 4212 1544 4266 in
1589 4210 1831 4266 homine
1855 4228 1871 4267 :

217 4293 316 4348 cui
335 4294 606 4366 quidem,
629 4299 879 4371 quando
921 4299 1074 4357 bene
1126 4302 1360 4368 vivitur,
1409 4317 1535 4357 non
1582 4300 1876 4356 consentit

218 4382 536 4440 voluntas:
561 4393 972 4445 verumtamen
1006 4406 1128 4446 non
1155 4390 1385 4464 perﬁcit
1417 4391 1669 4460 bonum,
1727 4390 1875 4462 quia

216 4471 377 4528 inest
405 4473 603 4531 adhuc
632 4479 1137 4551 concupiscentia,
1169 4480 1266 4536 cui
1319 4484 1618 4554 repugnat
1663 4479 1874 4535 volun-

221 4564 360 4630 tas;
419 4563 588 4635 cujus
619 4568 1115 4640 concupiscentiae
1169 4574 1367 4626 reatus
1407 4569 1469 4624 in
1515 4568 1877 4642 baptismate

221 4651 497 4721 solvitur,
529 4656 638 4712 sed
660 4656 976 4715 inﬁrmitas
996 4664 1327 4732 permanet,
1348 4659 1440 4715 cui
1480 4659 1676 4716 donec
1707 4675 1880 4716 sane-

224 4745 319 4796 tur
341 4745 542 4800 omnis
579 4746 772 4802 ﬁdelis
809 4749 915 4820 qui
953 4737 1109 4804 bene
1149 4748 1402 4821 proﬁcit,
1440 4749 1877 4805 studiosissime

223 4833 564 4890 reluctatur.
589 4835 906 4893 Peccatum
928 4842 1126 4894 autem
1148 4838 1314 4909 quod
1335 4853 1635 4910 nusquam
1658 4844 1747 4893 est
1767 4837 1880 4893 nisi

220 4923 284 4980 in
295 4923 620 4993 voluntate,
639 4926 787 4982 illud
809 4927 1108 5000 praecipue
1119 4926 1571 4996 intelligendum
1589 4931 1696 4990 est,
1712 4927 1876 5000 quod

214 5015 383 5086 justa
411 5014 723 5073 damnatio
753 5022 1073 5074 consecuta
1096 5021 1201 5073 est.
1235 5019 1352 5072 Hoc
1372 5017 1533 5072 enim
1562 5033 1670 5090 per
1689 5033 1882 5074 unum

219 5103 533 5160 hominem
563 5106 803 5162 intravit
830 5106 893 5162 in
913 5107 1211 5163 mundum
1240 5106 1428 5178 (Rom.
1456 5122 1516 5177 v,
1545 5106 1632 5179 l2)
1657 5123 1670 5162 :
1695 5122 1886 5180 quan-

217 5208 410 5267 quam
441 5199 500 5251 et
525 5195 641 5251 hoc
668 5199 1008 5268 peccatum,
1037 5213 1160 5269 quo
1210 5197 1579 5254 consentitur
1629 5200 1879 5269 peccato

219 5276 354 5351 [al.,
385 5282 638 5352 peccati]
666 5281 1189 5354 concupiscentiae,
1227 5297 1350 5339 non
1407 5282 1522 5338 nisi
1579 5281 1884 5338 voluntate

219 5369 634 5426 committitur.

292 5459 337 5529 -ι-
363 5458 527 5516 Idem
549 5477 689 5517 cum
713 5464 1057 5520 retractaret
1075 5467 1208 5519 acta
1242 5467 1450 5520 contra
1495 5463 1886 5517 Fortunatum

220 5547 617 5606 Manichmum
640 5550 787 5609 dixit
804 5555 1090 5620 (Retract.
1116 5554 1220 5609 lib.
1249 5569 1266 5608 ι
1289 5568 1422 5622 cap.
1449 5549 1534 5621 16)
1556 5567 1569 5606 :
1591 5547 1757 5623 [Item
1771 5551 1888 5608 alio

1985 1819 2042 1869 et
2070 1814 2164 1871 ille
2182 1816 2288 1888 qui
2309 1822 2517 1889 peccat
2546 1819 2854 1891 ignorans,
2879 1822 3184 1880 voluntate
3211 1825 3416 1899 utique
3435 1833 3646 1899 peccat

1984 1905 2086 1976 [aL
2100 1949 2113 1971 ,
2141 1905 2319 1978 facit],
2351 1908 2518 1980 quod
2544 1925 2683 1964 cum
2705 1909 3049 1967 faciendum
3065 1927 3189 1969 non
3211 1914 3305 1984 sit,
3327 1921 3500 1986 putat
3513 1933 3644 1974 esse

1985 1993 2349 2052 faciendum.
2378 1999 2446 2052 Et
2473 1995 2568 2052 ille
2599 1998 2702 2070 qui
2730 1999 3190 2072 concupiscente
3210 2002 3501 2060 adversus
3523 2005 3640 2077 spi-

1984 2083 2163 2139 ritum
2195 2100 2395 2156 carne,
2429 2101 2551 2142 non
2579 2103 2649 2142 ea
2700 2103 2835 2160 quae
2892 2088 3018 2145 vult
3059 2089 3218 2159 facit,
3275 2093 3645 2165 concupiscit

1985 2173 2229 2245 quidem
2255 2175 2487 2244 nolens,
2521 2181 2578 2232 et
2601 2176 2737 2233 ideo
2765 2177 2893 2248 [al.,
2926 2179 2989 2234 in
3013 2181 3106 2251 eo]
3139 2196 3261 2236 non
3287 2181 3427 2238 facit
3473 2183 3643 2255 quod

1986 2259 2107 2316 vult
2139 2278 2151 2315 :
2188 2262 2292 2318 sed
2324 2263 2373 2318 si
2397 2264 2676 2330 vincitur,
2711 2266 3210 2338 concupiscentiae
3231 2271 3526 2327 consentit
3543 2285 3641 2326 vo-

1983 2347 2133 2418 lens,
2161 2354 2216 2406 et
2241 2367 2302 2406 in
2332 2368 2403 2408 eo
2432 2369 2555 2409 non
2587 2352 2726 2410 facit
2757 2354 2866 2410 nisi
2889 2355 3056 2428 quod
3079 2356 3223 2427 vult,
3251 2357 3402 2415 liber
3423 2359 3646 2416 scilicet

1980 2438 2593 2514 justitiae,servusque
2640 2443 2889 2514 peccati,
2923 2449 3031 2501 etc.
3093 2447 3232 2503 Ideo
3291 2449 3483 2518 gratia
3542 2451 3644 2506 Dei

1984 2542 2106 2581 non
2135 2527 2330 2585 solum
2353 2536 2553 2587 reatus
2581 2533 2858 2588 omnium
2907 2536 3340 2606 praeteritorum
3391 2537 3644 2594 solvitur

1983 2616 2044 2671 in
2073 2618 2356 2673 omnibus
2389 2620 2492 2692 qui
2523 2620 2902 2693 baptizantur
2955 2623 3018 2678 in
3071 2625 3321 2692 Christo,
3376 2625 3544 2697 quod
3571 2626 3642 2684 ﬁt

1983 2705 2200 2777 Spiritu
2228 2709 2694 2778 regenerationis
2721 2728 2733 2778 ;
2767 2725 2977 2766 verum
3009 2712 3188 2769 etiam
3209 2713 3272 2768 in
3310 2713 3642 2784 grandibus

1982 2794 2261 2851 voluntas
2284 2796 2415 2868 ipsa
2455 2800 2722 2866 sanatur,
2763 2803 2821 2855 et
2869 2807 3244 2872 praeparatur
3297 2817 3335 2859 a
3388 2803 3644 2862 Domino

1986 2885 2184 2955 (Prov.
2206 2902 2330 2953 vni,
2362 2901 2476 2942 sec.
2506 2887 2715 2958 LXX),
2748 2889 2914 2959 quod
2942 2891 3006 2944 ﬁt
3033 2890 3244 2962 spiritu
3264 2891 3404 2947 ﬁdei
3436 2894 3644 2950 etchai-

1983 2973 2190 3029 ritatis.
2226 2975 2350 3030 Alio
2378 2975 2512 3030 loco
2540 2977 2602 3031 in
2630 2991 2700 3031 eo
2729 2977 2899 3046 quod
2926 2976 3050 3032 dixi
3074 2978 3149 3034 de
3195 2981 3448 3035 Domino
3503 2984 3642 3038 Jesu

1982 3061 2212 3118 Christo
2245 3078 2258 3116 :
2285 3062 2432 3118 Nihil
2453 3062 2573 3133 egit
2600 3063 2681 3132 vi,
2710 3066 2817 3118 sed
2845 3064 3052 3121 omnia
3083 3066 3399 3123 suadendo
3427 3072 3486 3124 et
3509 3084 3639 3126 mo-

1982 3149 2203 3220 nendo,
2232 3165 2353 3204 non
2402 3150 2546 3204 mihi
2600 3156 2943 3208 occurrerat
2990 3153 3157 3225 quod
3210 3155 3535 3212 vendentes
3583 3161 3641 3213 et

1981 3243 2245 3294 ementes
2274 3237 2638 3308 ﬂagellando
2666 3239 2839 3310 ejecit
2866 3239 2940 3296 de
2972 3241 3195 3314 templo
3236 3243 3483 3312 (Matth.
3515 3260 3640 3314 xxx,

1985 3329 2090 3399 l2).
2127 3326 2240 3384 Sed
2269 3327 2414 3399 quid
2445 3328 2581 3400 hoc,
2615 3334 2719 3385 aut
2746 3334 3045 3401 quantum
3075 3331 3212 3388 est?
3256 3333 3544 3399 Quamvis
3584 3339 3642 3390 et

1981 3416 2286 3472 daemones
2317 3416 2584 3474 nolentes
2631 3418 2710 3475 ab
2766 3417 3134 3489 hominibus,
3184 3437 3309 3479 non
3365 3437 3640 3480 sermone

1983 3505 2276 3562 suasionis
2306 3505 2414 3562 sed
2445 3507 2502 3562 vi
2532 3509 2844 3581 potestatis
2873 3509 3158 3582 ejecerit.]

2051 3593 2092 3660 -ι-
2126 3592 2191 3646 Et
2206 3591 2350 3663 quia
2370 3606 2443 3646 ex
2462 3591 2631 3648 libris
2651 3593 2703 3665 ej
2713 3610 2785 3649 us
2810 3592 2887 3649 de
2906 3593 3094 3652 libero
3119 3595 3445 3655 voluntatis
3487 3595 3642 3654 arbi-

1980 3679 2091 3734 trio
2119 3679 2308 3736 multa
2337 3681 2610 3753 superius
2636 3683 2908 3754 posuisti,
2950 3684 3176 3756 quibus
3221 3701 3454 3742 errores
3503 3690 3640 3744 tuos

1981 3768 2362 3840 potissimum
2382 3772 2808 3841 communires,
2834 3787 2960 3828 non
3000 3773 3405 3843 incongruum
3463 3776 3640 3832 duxi,

1981 3873 2118 3913 mus
2139 3858 2218 3914 ad
2241 3858 2512 3914 medium
2541 3859 2838 3916 deducere
2865 3860 3165 3933 quidquid
3181 3862 3243 3918 in
3272 3866 3640 3921 retractatio-

1980 3961 2057 4001 ne
2082 3945 2436 4000 eorumdem
2463 3945 2757 4002 librorum
2789 3963 3040 4004 suorum
3063 3949 3284 4021 posuit,
3341 3955 3407 4006 ut
3453 3950 3641 4008 cuivis

1981 4033 2262 4091 facillime
2291 4037 2494 4106 pateat
2523 4038 2659 4091 ante
2681 4035 2864 4092 etiam
2894 4036 2975 4092 ah
3003 4037 3106 4093 illo
3125 4037 3446 4096 damnatas
3475 4055 3640 4096 erro-

1980 4140 2076 4180 res
2105 4127 2239 4179 tuos
2268 4138 2458 4195 quam
2485 4124 2752 4179 nasceris
2801 4141 2813 4179 :
2859 4124 2940 4180 ita
2969 4126 3130 4182 enim
3167 4142 3377 4184 eorum
3429 4133 3644 4187 retrae-

1983 4211 2271 4269 tationem
2292 4226 2540 4266 exorsus
2570 4216 2658 4268 est
2688 4213 2973 4284 (Retract.
3008 4214 3111 4270 lib.
3143 4231 3183 4286 ι,
3205 4231 3336 4287 cap.
3370 4218 3426 4289 9)
3477 4234 3491 4274 :
3553 4219 3643 4290 [In

1983 4302 2077 4358 his
2091 4301 2261 4358 libris
2291 4301 2374 4358 ita
2428 4301 2618 4359 multa
2669 4302 2921 4361 disserta
2989 4311 3148 4375 sunt,
3199 4309 3265 4362 ut
3316 4307 3644 4366 incidentes

1984 4391 2290 4448 nonnullae
2313 4391 2696 4464 quaestiones,
2723 4409 2877 4466 quas
2907 4393 2999 4450 vel
3019 4395 3280 4451 enodare
3311 4411 3435 4452 non
3483 4401 3643 4469 pote-

1983 4498 2138 4549 ram,
2170 4482 2264 4538 vel
2292 4481 2539 4552 longam
2563 4484 3126 4540 sermocinationem
3156 4484 3218 4540 in
3243 4487 3522 4557 praesenti
3552 4501 3643 4542 re-

1985 4571 2324 4644 quirebant,
2355 4572 2437 4628 ita
2460 4571 2839 4629 differrentur
2864 4578 2930 4631 ut
2958 4574 3050 4630 vel
3076 4591 3147 4630 ex
3169 4578 3426 4646 utraque
3452 4577 3642 4648 parte,

1985 4660 2079 4716 vel
2099 4676 2171 4715 ex
2199 4660 2483 4716 omnibus
2513 4662 2864 4718 earumdem
2894 4663 3295 4736 quaestionum
3353 4661 3643 4733 partibus,

1986 4751 2046 4806 in
2071 4749 2293 4821 quibus
2314 4765 2438 4806 non
2468 4751 2801 4823 apparebat
2841 4753 2986 4824 quid
3041 4753 3242 4825 potius
3295 4755 3650 4822 congrueret

1985 4838 2238 4908 veritati,
2259 4838 2336 4894 ad
2365 4838 2480 4894 hoc
2514 4844 2714 4895 tamen
2746 4840 3119 4898 ratiocinatio
3169 4847 3376 4898 nostra
3403 4841 3648 4898 conciti»

1987 4928 2246 4999 deretur,
2278 4932 2343 4983 ut
2372 4927 2682 5000 quodlibet
2705 4943 2915 4985 eorum
2946 4945 3152 4986 verum
3175 4935 3352 5001 esset,
3401 4930 3652 4988 laudan-

1988 5017 2106 5073 dus
2129 5016 2468 5074 crederetur
2491 5018 2586 5074 vel
2605 5017 2787 5074 etiam
2813 5020 3224 5077 ostenderetur
3247 5025 3420 5077 Deus.
3468 5022 3652 5098 Prop-

1991 5112 2078 5164 ter
2107 5123 2209 5163 eos
2235 5107 2461 5180 quippe
2485 5107 2814 5180 disputatio
2839 5108 2940 5164 illa
2962 5114 3242 5183 suscepta
3265 5116 3378 5179 est,
3412 5111 3519 5184 qui
3541 5126 3650 5166 ne—

1994 5202 2140 5268 gant
2167 5214 2242 5254 ex
2268 5197 2456 5254 libero
2482 5197 2808 5255 voluntatis
2861 5199 3106 5256 arbitrio
3163 5201 3307 5258 mali
3364 5200 3657 5269 originem

1993 5287 2154 5356 duci,
2187 5291 2244 5343 et
2272 5289 2481 5355 Deum,
2515 5287 2566 5342 si
2594 5287 2678 5344 ita
2697 5292 2806 5355 est,
2837 5293 3169 5346 creatorem
3188 5289 3463 5346 omnium
3486 5293 3658 5345 natu-

1993 5394 2199 5434 rarum
2225 5377 2597 5452 culpandum
2624 5393 2756 5435 esse
2781 5378 3170 5436 contendunt.
3223 5383 3304 5436 Eo
3328 5379 3512 5436 modo
3548 5394 3658 5436 vo-

1996 5467 2183 5523 lentes
2214 5467 2550 5523 secundum
2607 5484 2730 5523 sua;
2777 5468 3099 5540 impietatis
3145 5486 3406 5526 errorem
3455 5469 3661 5542 (Mani-

1999 5552 2144 5608 chaei
2175 5552 2335 5606 enim
2367 5553 2523 5622 sunt)
2552 5552 2990 5608 immutabilem
3043 5554 3379 5621 quamdam
3437 5560 3494 5611 et
3541 5556 3662 5609 Deo

221 5634 394 5694 loco:
419 5639 542 5709 Ego
555 5637 712 5714 dico,
743 5639 1018 5716 inquam,
1042 5645 1358 5717 peccatum
1375 5654 1498 5697 non
1514 5653 1668 5710 esse,
1693 5638 1891 5697 sinon
2003 5644 2364 5698 coaeternam
2395 5641 2772 5700 introducere
2796 5646 3076 5700 natumm
3107 5643 3275 5702 mali.
3336 5648 3416 5701 De
3465 5642 3666 5714 gratia
