4112 6184
475 157 608 213 1103

1557 141 1613 196 S.
1652 133 2021 195 PRUDENTII
2064 131 2450 191 TRECENSIS
2501 133 2812 190 EPISCOPI

3767 133 3888 189 1104

468 295 613 338 vero
645 276 765 344 Dei,
792 289 916 350 qua
937 287 1080 328 suos
1111 270 1326 328 electos
1384 269 1466 324 sic
1518 259 1986 340 prmdestinavit,
2059 263 2125 314 ut
2162 261 2210 314 A
2237 273 2376 350 cum
2406 257 2466 314 id
2487 274 2608 316 non
2636 259 2862 325 videas,
2893 257 3008 314 nisi
3029 257 3091 314 in
3120 256 3220 313 illo
3250 256 3355 329 qui
3380 261 3467 313 est
3492 241 3894 314 inconfmuta-

472 383 682 425 eorum
707 347 965 436 qui'jam
996 361 1058 417 in
1083 359 1166 416 eis
1193 361 1442 415 utuntur
1464 355 1652 412 libero
1680 349 1945 419 arbitrio,
1995 347 2125 420 ipse

474 457 654 514 etiam
686 454 983 527 praeparet
1012 449 1366 515 voluntates,
1398 445 1545 502 nihil
1575 444 1632 500 in
1665 441 1758 498 his
1789 439 1956 496 libris
2012 437 2129 492 dis-

471 549 748 621 putatum
777 545 886 612 est,
904 543 1149 614 propter
1168 539 1325 595 hanc
1343 534 1714 610 propositam
1731 527 2128 621 quaestionem

473 617 605 708 [al.,
634 637 880 708 propter
906 631 1020 688 hoc
1051 627 1362 702 proposita
1385 623 1757 699 quaestione].
1793 617 1902 676 Ubi
1927 622 2129 708 autem

472 706 681 781 incidit
707 723 874 779 locus
906 724 971 776 ut
997 719 1180 790 hujus
1205 716 1409 788 gratiae
1428 708 1922 771 commemoratio
1943 706 2127 772 ﬁeret,

471 815 847 870 transeunter
867 810 1340 866 commemorata
1362 809 1449 860 est
1469 821 1482 871 ;
1502 817 1622 858 non
1645 798 1818 873 quasi
1839 796 1978 852 inde
1997 811 2133 866 age-

471 907 633 960 retur
645 915 900 974 operosa
916 895 1368 955 ratiocinatione
1381 892 1647 949 defensa.
1673 887 1847 944 Aliud
1866 890 1952 942 est
1971 884 2132 974 enim

472 973 736 1066 quaerere
750 988 910 1046 unde
931 986 1266 1046 sitmalum,
1287 981 1521 1040 etaliud
1555 984 1642 1035 est
1675 991 1940 1052 quaerere
1970 973 2132 1066 unde

471 1064 750 1139 redeatur
779 1077 857 1135 ad
884 1076 1222 1151 pristinum,
1247 1072 1339 1128 vel
1359 1071 1438 1128 ad
1497 1069 1698 1140 majus
1753 1064 2135 1138 perveniatur

470 1169 726 1228 bonum.

545 1259 920 1332 Quapropter
947 1253 1087 1310 novi
1106 1250 1365 1308 haeretici
1391 1246 1711 1318 Pelagiani;
1745 1244 1851 1317 qui
1879 1242 2135 1299 liberum

476 1350 563 1406 sic
583 1331 858 1404 asserunt
878 1343 1197 1400 voluntatis
1220 1339 1554 1405 arbitrium,
1579 1341 1642 1392 ut
1664 1335 1866 1406 gratim
1895 1331 1994 1388 Dei
2015 1347 2137 1387 non

473 1438 817 1510 relinquant
836 1433 1060 1498 locum,
1088 1427 1586 1502 quandoquidem
1610 1440 1746 1479 eam
1803 1420 2139 1476 secundum

474 1527 686 1582 merita
707 1526 915 1578 nostra
934 1518 1065 1576 dari
1091 1521 1385 1583 asserunt,
1410 1529 1534 1570 non
1555 1528 1616 1568 se
1638 1510 1940 1575 extollant,
1967 1523 2142 1580 quasi

2237 346 2375 402 bilis
2406 348 2640 415 veritas,
2673 352 2903 420 quanto
2933 347 3126 416 magis
3157 346 3252 402 ille
3283 346 3386 418 qui
3415 351 3472 402 et
3501 346 3648 402 velle
3669 363 3890 418 praece-

2237 436 2344 509 pit,
2379 442 2436 493 et
2461 453 2641 510 posse
2663 437 2940 510 praebuit,
2963 442 3018 492 et
3045 452 3168 493 non
3198 436 3445 509 impune
3475 435 3630 492 nolle
3676 437 3902 509 periri-

2239 525 2356 582 sit?
2383 527 2604 582 Deinde
2626 526 2930 597 subjunxi,
2960 526 3165 582 dicens
3198 542 3210 580 :
3247 525 3304 583 Si
3331 525 3491 581 enim
3550 526 3664 581 hoc
3723 525 3907 583 debet

2237 615 2494 688 quisque
2523 616 2689 689 quod
2705 616 2953 688 accepit,
2978 620 3034 672 et
3059 615 3142 671 sic
3173 615 3355 672 homo
3377 614 3571 671 factus
3591 621 3684 670 est
3713 620 3776 670 ut
3801 631 3903 670 ne-

2239 700 2498 756 cessario
2526 706 2752 774 peccet,
2807 701 2922 756 hoc
2947 700 3124 756 debet
3183 705 3246 757 ut
3293 706 3516 772 peccet.
3581 701 3732 754 Cum
3762 715 3910 771 ergo

2239 795 2466 863 peccat,
2499 791 2666 864 quod
2695 791 2872 846 debet
2903 790 3040 846 facit
3065 809 3077 860 ;
3113 791 3278 863 quod
3301 791 3350 846 si
3379 790 3572 846 scelus
3600 794 3694 845 est
3745 789 3911 845 dicc-

2239 897 2324 952 re,
2355 883 2660 938 neminem
2692 887 2910 938 natura
2942 897 3053 937 sua
3076 882 3234 952 cogit
3299 888 3362 938 ut
3410 887 3638 954 peccet.
3693 884 3757 936 Et
3808 881 3916 936 itc-

2241 988 2378 1027 rum
2410 990 2423 1028 :
2459 973 2601 1038 Quae
2632 971 2878 1028 tandem
2908 987 3038 1027 esse
3068 971 3305 1044 poterit,
3337 971 3610 1043 inquam,
3634 975 3776 1026 ante
3807 985 3915 1026 vo-

2241 1061 2534 1118 luntatem
2565 1077 2748 1118 causa
2771 1061 3141 1118 voluntatis?
3163 1063 3277 1117 Aut
3308 1063 3470 1117 enim
3519 1066 3576 1116 et
3627 1061 3762 1134 ipsa
3804 1076 3916 1116 vo-

2242 1152 2444 1209 luntas
2471 1158 2578 1220 est,
2612 1157 2666 1208 et
2697 1169 2733 1208 a
2761 1152 2960 1209 radice
2990 1152 3105 1208 ista
3131 1151 3456 1208 voluntatis
3504 1167 3628 1207 non
3679 1151 3917 1208 recedi-

2245 1249 2373 1299 tur:
2409 1249 2513 1300 aut
2545 1259 2668 1300 non
2697 1249 2785 1299 est
2833 1243 3132 1311 voluntas,
3194 1247 3249 1298 et
3294 1248 3614 1316 peccatum
3671 1242 3917 1298 nullum

2246 1332 2447 1389 habet.
2473 1337 2585 1388 Aut
2615 1332 2792 1403 igitur
2812 1333 3092 1389 voluntas
3112 1337 3202 1388 est
3223 1332 3420 1405 prima
3447 1349 3630 1388 causa
3653 1348 3920 1405 peccan-

2248 1421 2330 1491 di,
2355 1426 2457 1477 aut
2479 1421 2712 1477 nullum
2743 1426 3062 1494 peccatum
3092 1426 3182 1477 est
3211 1421 3407 1494 prima
3433 1437 3622 1478 causa
3648 1437 3917 1494 peccan-

2250 1509 2328 1568 di.
2357 1526 2468 1567 nec
2488 1514 2578 1566 est
2611 1510 2705 1564 cui
2736 1515 2892 1566 recte
2921 1510 3250 1582 imputetur
3270 1515 3610 1582 peccatum,
3635 1510 3753 1565 nisi
3777 1526 3918 1582 pec-

476 1631 686 1673 eorum
709 1610 934 1683 egerim
955 1623 1224 1675 causam,
1257 1605 1401 1678 quia
1430 1601 1620 1658 multa
1646 1600 1738 1656 his
1794 1597 1963 1653 libris
2017 1595 2140 1652 dixi
2182 1615 2222 1669 Β
2252 1599 2431 1656 cauti.
2459 1603 2588 1656 Non
2607 1604 2695 1655 est
2726 1615 2869 1669 ergo
2901 1599 2998 1655 cui
3022 1603 3180 1655 recte
3220 1599 3549 1672 imputetur
3590 1603 3915 1672 peccatum

474 1719 588 1779 pro
615 1701 804 1758 libero
833 1698 1098 1765 arbitrio,
1129 1711 1266 1768 quae
1293 1693 1450 1749 illius
1482 1688 2141 1779 disputationiscausa

475 1773 945 1868 poscebat.Dixi
979 1786 1205 1859 quippe
1227 1783 1287 1838 in
1339 1781 1537 1854 primo
1593 1778 1768 1846 libro,
1825 1773 2142 1868 malefacta

472 1864 706 1954 justitia
740 1878 841 1932 Dei
870 1873 1186 1941 vindicari,
1221 1877 1277 1927 et
1321 1869 1529 1927 addidi
1561 1886 1573 1923 :
1603 1871 1730 1924 Non
1770 1865 1929 1920 enim
1982 1864 2141 1936 juste

476 1969 943 2033 vindicarentur,
976 1963 1093 2021 nisi
1137 1963 1346 2018 ﬁerent
1401 1958 1730 2015 voluntate.
1781 1955 1949 2018 Item,
2001 1969 2142 2010 cum

478 2060 676 2133 ipsam
747 2057 976 2113 bonam
1035 2052 1408 2108 voluntatem
1486 2053 1611 2104 tam
1687 2061 1983 2117 magnum
2038 2043 2144 2100 bo-

477 2164 629 2206 num
653 2163 782 2204 esse
808 2147 1230 2210 monstrarem,
1285 2143 1349 2196 ut
1401 2137 1686 2195 omnibus
1745 2133 2047 2208 corporeis
2085 2138 2142 2189 et

479 2237 738 2296 externis
767 2234 946 2292 bonis
974 2232 1187 2289 merito
1218 2231 1702 2302 anteponeretur,
1731 2224 1855 2281 dixi
1906 2241 1919 2279 :
1968 2223 2142 2279 Vides
2169 2250 2174 2255 -

479 2325 828 2399 igiturjam,
857 2328 922 2380 ut
949 2321 1246 2386 existimo,
1277 2318 1339 2374 in
1386 2316 1695 2374 voluntate
1751 2319 1958 2370 nostra
2013 2327 2142 2368 esse

483 2414 897 2479 constitutum,
912 2416 978 2468 ut
992 2411 1106 2467 hoc
1120 2408 1214 2465 vel
1229 2409 1503 2463 fruamur
1524 2405 1617 2461 vel
1635 2419 1950 2461 careamus
1974 2406 2141 2458 tanto

485 2510 541 2562 et
569 2510 844 2560 tamvero
873 2500 1036 2556 bono
1065 2516 1077 2554 :
1105 2497 1253 2571 quid
1295 2495 1457 2552 enim
1513 2500 1640 2550 tam
1696 2492 1756 2548 in
1812 2490 2138 2556 voluntate,

484 2609 672 2667 quam
699 2591 832 2664 ipsa
861 2589 1140 2646 voluntas
1175 2585 1290 2641 sita
1315 2589 1421 2640 est.
1466 2586 1530 2638 Et
1563 2582 1679 2638 alio
1729 2581 1862 2636 loco
1918 2596 1931 2634 :
1989 2577 2143 2645 Quid

487 2697 629 2752 ergo
645 2696 844 2738 causa:
865 2683 976 2746 est,
993 2677 1265 2748 inquam,
1285 2689 1390 2728 cur
1411 2670 1816 2727 dubitandum
1837 2673 2140 2741 putemus,

487 2770 722 2828 etiamsi
742 2783 1060 2840 nunquam
1082 2769 1221 2820 ante
1240 2762 1538 2835 sapientes
1561 2759 1810 2827 fuimus,
1836 2756 2142 2813 voluntate

486 2877 599 2918 nos
613 2865 815 2917 tamen
842 2853 1208 2914 laudabilem
1229 2856 1285 2907 et
1313 2850 1555 2907 beatam
1581 2848 1790 2914 vitam,
1835 2845 2143 2901 voluntate

488 2957 726 3024 turpem
757 2953 814 3005 et
852 2946 1137 3003 miseram
1189 2941 1404 2998 mereri
1458 2955 1529 2995 ac
1582 2937 1834 3008 gerere?
1879 2935 2144 3024 Itemque

489 3023 607 3096 alio
633 3038 766 3095 loco
800 3053 813 3092 :
847 3038 925 3092 Ex
957 3049 1080 3106 quo
1111 3029 1442 3096 conﬁcitur,
1465 3027 1739 3100 inquam,
1767 3029 1833 3081 ut
1884 3023 2150 3096 quisquis

486 3133 645 3186 recte
673 3127 1045 3196 honesteque
1078 3121 1201 3178 vult
1231 3117 1513 3186 vivere,si
1558 3117 1619 3172 id
1648 3133 1711 3172 se
1734 3113 1880 3170 velle
1909 3129 2034 3186 prae
2064 3111 2151 3168 fu-

488 3216 740 3290 gacibus
759 3213 939 3270 rebus
962 3210 1118 3274 velit.
1139 3207 1539 3280 assequantur
1565 3211 1798 3260 tantam
1826 3219 1955 3259 rem
1983 3205 2151 3259 tanta

491 3306 787 3373 felicitate,
819 3307 882 3358 ut
915 3300 1060 3357 nihil
1090 3298 1253 3355 aliud
1275 3297 1349 3364 ei,
1371 3312 1558 3368 quam
1588 3295 1790 3367 ipsum
1844 3291 2015 3362 velle,
2077 3291 2150 3347 sit

488 3394 712 3451 habere
741 3389 905 3462 quod
927 3386 1134 3443 voluit.
1170 3389 1435 3456 Itemque
1467 3383 1608 3438 alibi
1639 3381 1782 3436 dixi.
1843 3384 1963 3437 Hoc
1989 3379 2150 3436 enim

493 3486 714 3536 aeterna
737 3479 833 3533 lex
862 3476 981 3544 illa,
1012 3473 1090 3529 ad
1137 3473 1309 3543 cujus
1367 3470 1915 3527 considerationem
1957 3468 2150 3524 redire

486 3569 620 3640 jam
651 3571 890 3638 tempus
919 3566 1026 3628 est,
1052 3559 1532 3616 incommutabili
1575 3557 1897 3613 stabilitate
1953 3557 2154 3612 ﬁrma-

490 3657 599 3726 vit,
620 3659 685 3711 ut
705 3651 1084 3709 involuntatc
1097 3649 1378 3704 meritum
1407 3647 1482 3702 sit
1516 3666 1528 3716 ;
1555 3647 1612 3702 in
1643 3646 1924 3702 beatitate
1947 3651 2150 3702 autem

491 3751 550 3804 et
574 3743 815 3801 miseria
839 3739 1156 3815 praemium
1179 3743 1360 3810 atque
1392 3735 1777 3810 supplicium.
1812 3739 1878 3791 Et
1905 3735 2020 3790 alio
2062 3735 2150 3790 lo-

492 3852 562 3894 co
597 3852 610 3891 :
646 3832 819 3901 Quid,
852 3831 1126 3903 inquam,
1148 3827 1404 3901 quisque
1435 3826 1790 3882 sectandum
1821 3831 1877 3881 et
1926 3825 2151 3899 ample-

490 3925 778 3983 ctendum
808 3921 1006 3991 eligat,
1032 3918 1094 3973 in
1133 3917 1442 3974 voluntate
1468 3932 1604 3973 esse
1656 3915 1922 3988 positum
1981 3931 2151 3972 cons-

490 4020 596 4071 tat.
629 4013 770 4069 Etin
801 4010 955 4066 libro
985 4026 1023 4064 ιι
1059 4024 1071 4062 :
1104 4010 1292 4063 Homo
1346 4005 1506 4062 enim
1556 4006 1707 4078 ipse,
1761 4004 2032 4077 inquam,
2088 4005 2151 4060 in

489 4106 789 4176 quantum
817 4100 1003 4156 homo
1025 4102 1138 4166 est,
1165 4095 1413 4168 aliquod
1441 4095 1674 4151 bonum
1697 4099 1804 4160 est,
1831 4094 1977 4166 quia
1995 4098 2150 4150 recte

488 4191 689 4248 vivere
721 4205 860 4245 cum
890 4186 1034 4250 vult,
1064 4190 1280 4259 potest.
1316 4187 1379 4240 Et
1406 4183 1524 4239 alio
1550 4184 1682 4239 loco
1731 4183 1854 4237 dixi
1908 4200 1920 4237 :
1980 4186 2152 4238 Recte

489 4279 619 4336 ﬁeri
637 4294 760 4335 non
789 4293 992 4350 posse,
1022 4273 1138 4330 nisi
1164 4272 1379 4330 eodem
1409 4272 1596 4328 libero
1627 4271 1951 4327 voluntatis
1996 4271 2152 4326 arbi-

491 4370 604 4427 trio
654 4371 721 4425 Et
750 4368 811 4423 in
840 4367 995 4423 libro
1022 4364 1194 4422 tertio
1227 4381 1238 4418 :
1266 4362 1418 4428 Quid
1452 4378 1603 4435 opus
1661 4366 1747 4416 est
1803 4360 2012 4434 quaeri,
2065 4361 2151 4417 in-

489 4475 698 4534 quam,
711 4457 872 4514 unde
887 4457 998 4512 iste
1017 4459 1215 4510 motus
1231 4451 1493 4519 exsistat,
1513 4467 1635 4524 quo
1648 4450 1922 4507 voluntas
1943 4450 2150 4506 averti-

490 4555 586 4606 tur
629 4549 706 4606 ab
741 4544 1222 4605 incommutabili
1256 4543 1418 4598 bono
1461 4541 1539 4598 ad
1576 4539 2004 4597 commutabile
2037 4540 2148 4596 bo-

487 4655 637 4695 num
663 4658 676 4708 ;
708 4654 848 4694 cum
869 4652 1008 4692 eum
1025 4632 1267 4690 nonnisi
1291 4630 1497 4699 animi,
1553 4636 1609 4686 et
1632 4629 2059 4699 voluntarium,
2092 4634 2150 4684 et

489 4728 569 4786 ob
588 4729 704 4785 hoc
721 4725 1086 4799 culpabilem
1110 4738 1241 4778 esse
1259 4721 1588 4778 fateamur:
1610 4719 1926 4792 omnisque
1946 4719 2019 4774 de
2036 4719 2148 4774 hac

488 4833 552 4874 re
573 4816 889 4888 disciplina
910 4815 1068 4870 utilis
1090 4812 1168 4868 ad
1191 4811 1254 4867 id
1276 4811 1486 4876 valeat,
1511 4815 1574 4866 ut
1622 4825 1693 4865 eo
1733 4814 1901 4864 motu
1923 4809 2148 4881 impro-

489 4905 634 4961 bato
652 4909 830 4976 atque
852 4902 1136 4972 cohibito,
1188 4901 1557 4958 voluntatem
1578 4903 1850 4954 nostram
1891 4898 1970 4954 ad
2013 4914 2146 4971 per-

489 4992 812 5048 fruendum
837 4990 1378 5063 sempiternobono
1412 5005 1449 5045 a
1495 4988 1674 5062 lapsu
1727 4988 2148 5060 temporalium

489 5081 960 5140 convertamus?
982 5083 1046 5136 Et
1071 5079 1187 5137 alio
1207 5079 1372 5136 loco:
1404 5079 1657 5150 Optime,
1682 5077 1956 5150 inquam,
1989 5077 2061 5130 de
2093 5082 2148 5131 te

487 5172 708 5232 veritas
740 5170 960 5227 clamat
991 5187 1002 5225 :
1028 5173 1155 5226 Non
1173 5170 1332 5225 enim
1353 5183 1564 5241 posses
1590 5166 1754 5222 aliud
1773 5164 1988 5220 sentire
2019 5180 2147 5220 esse

489 5265 552 5321 in
568 5265 862 5337 potestate
891 5265 1119 5328 nostra,
1143 5259 1258 5315 nisi
1283 5257 1473 5331 quod,
1495 5273 1634 5312 cum
1650 5253 1952 5319 volumus,
2011 5253 2149 5310 faci-

488 5368 644 5409 mus.
663 5353 1037 5425 Quapropter
1053 5348 1201 5405 nihil
1214 5353 1337 5404 tam
1357 5346 1416 5402 in
1428 5349 1635 5401 nostra
1646 5346 1938 5415 potestate
1960 5359 2146 5415 quam

486 5442 622 5515 ipsa
640 5440 919 5498 voluntas
936 5444 1044 5496 est.
1071 5440 1151 5494 Ea
1170 5436 1332 5493 enim
1354 5449 1601 5507 prorsus
1626 5430 1790 5487 nullo
1811 5430 2142 5502 intervallo,

487 5534 708 5588 moxut
729 5530 1033 5596 volumus,
1057 5531 1276 5600 praesto
1293 5529 1402 5591 est,
1420 5527 1564 5578 Item
1579 5521 1696 5578 alio
1716 5519 1849 5577 loco
1873 5539 1885 5578 :
1906 5521 1963 5577 Si
1984 5523 2144 5580 enim

488 5625 555 5678 tu
574 5618 863 5688 laudaris,
886 5617 1160 5688 inquam,
1191 5611 1455 5670 videndo
1475 5611 1622 5684 quid
1653 5611 1846 5668 facere
1894 5611 2140 5684 debeas,

2249 1688 2364 1745 nisi
2389 1688 2681 1745 voluntati
2714 1689 2843 1755 (aL,
2872 1688 3137 1759 volenti].
3173 1689 3241 1743 Et
3262 1687 3445 1761 paulo
3471 1694 3610 1760 post
3671 1705 3683 1742 :
3747 1688 3912 1759 Quis,

2250 1779 2523 1851 inquam,
2555 1782 2764 1851 peccat
2791 1778 2850 1833 in
2876 1793 2947 1834 eo
2973 1777 3142 1850 quod
3170 1777 3335 1833 nullo
3357 1777 3541 1833 modo
3578 1777 3780 1833 caveri
3809 1792 3916 1850 po-

2249 1870 2408 1925 test?
2430 1871 2712 1925 Peccatur
2741 1873 2942 1925 autem
3006 1885 3018 1924 :
3074 1867 3272 1924 caveri
3297 1866 3476 1938 igitur
3503 1872 3726 1940 potest.
3786 1869 3914 1933 Quo

2251 1959 2589 2016 testimonio
2617 1974 2750 2014 meo
2770 1958 2830 2014 in
2862 1957 3133 2032 quodam
3159 1957 3311 2014 libro
3333 1973 3441 2013 suo
3466 1957 3746 2028 Pelagius
3767 1973 3914 2013 usus

2251 2053 2357 2106 est.
2383 2048 2487 2105 Cui
2514 2048 2667 2104 libro
2698 2064 2837 2104 cum
2862 2047 3330 2122 respondissem,
3355 2047 3594 2104 titulum
3617 2047 3760 2103 libri
3797 2047 3912 2103 mei

2251 2154 2379 2195 esse
2405 2137 2569 2194 volui
2594 2137 2670 2193 de
2701 2141 2924 2194 Natura
2943 2141 3001 2194 et
3030 2137 3247 2195 Gratia.

2323 2233 2387 2284 In
2415 2227 2509 2284 his
2536 2232 2717 2300 atque
2737 2227 3092 2299 hujusmodi
3111 2227 3309 2284 verbis
3339 2228 3512 2295 meis,
3544 2227 3697 2300 quia
3721 2227 3918 2298 gratia

2249 2319 2352 2376 Dei
2368 2322 2842 2376 commemorata
2862 2336 2986 2376 non
3011 2325 3121 2390 est,
3143 2319 3218 2376 de
3237 2336 3360 2393 qua
3383 2325 3524 2375 tunc
3544 2335 3669 2374 non
3688 2317 3914 2388 ageba-

2251 2412 2366 2477 tur,
2389 2410 2604 2480 putant
2625 2405 2942 2476 Pelagiani,
2960 2406 3055 2462 vel
3070 2412 3283 2480 putare
3300 2410 3578 2480 possunt,
3598 2423 3780 2462 suam
3801 2421 3912 2461 nos

2253 2497 2512 2553 tenuisse
2543 2496 2919 2552 sententiam.
2957 2496 3071 2554 Sed
3100 2496 3320 2553 frustra
3354 2497 3470 2553 hoc
3515 2500 3746 2569 putant.
3805 2497 3914 2550 Vo-

2250 2587 2450 2643 luntas
2475 2587 2701 2659 quippe
2730 2591 2818 2642 est
2847 2603 2972 2659 qua
2988 2591 3045 2643 et
3071 2592 3372 2660 peccatur,
3397 2592 3456 2642 et
3476 2593 3623 2644 recte
3641 2585 3903 2640 vivitur:

2250 2675 2418 2748 quod
2441 2675 2535 2732 his
2568 2675 2763 2731 verbis
2784 2675 3042 2746 egimus.
3072 2675 3356 2732 Voluntas
3403 2692 3546 2746 ergo
3583 2677 3728 2748 ipsa,
3780 2671 3904 2729 nisi

2253 2763 2446 2834 gratia
2474 2764 2576 2820 Dei
2597 2763 2882 2820 liberetur
2910 2781 2948 2821 a
2967 2764 3266 2832 servitute,
3289 2780 3412 2838 qua
3437 2765 3591 2822 facta
3614 2770 3700 2820 est
3730 2778 3916 2819 serva

2252 2851 2503 2926 peccati,
2527 2855 2583 2908 et
2609 2855 2674 2907 ut
2697 2852 2835 2909 vitia
2857 2858 3118 2926 superet,
3142 2853 3463 2925 adjuvetur
3480 2867 3503 2926 ,'
3518 2858 3672 2910 recte
3689 2852 3920 2925 pieque

2187 2969 2228 3025 ρ
2257 2941 2374 2997 vivi
2405 2956 2442 2996 a
2461 2939 2818 2997 mortalibus
2841 2957 2964 2998 non
2991 2947 3208 3016 potest.
3229 2945 3293 2998 Et
3313 2943 3426 2999 hoc
3443 2942 3714 2998 divinum
3731 2940 3922 2996 bene-

2257 3030 2462 3087 ficium
2483 3047 2605 3104 quo
2630 3030 2937 3103 liberatur,
2963 3032 3078 3088 nisi
3096 3049 3231 3089 eam
3248 3033 3618 3106 praeveniret,
3637 3033 3774 3103 jam
3795 3047 3925 3086 me-

2257 3121 2383 3178 ritis
2413 3122 2542 3192 ejus
2567 3121 2831 3190 daretur,
2863 3127 2920 3178 et
2946 3138 3070 3179 non
3096 3129 3250 3179 esset
3278 3123 3487 3193 gratia,
3521 3139 3657 3195 quin
3703 3121 3923 3194 utique

2260 3211 2442 3282 gratis
2467 3210 2666 3267 datur.
2702 3211 2873 3277 Quod
2899 3212 2960 3267 in
2990 3212 3122 3269 aliis
3153 3212 3458 3286 opusculis
3488 3212 3706 3267 nostris
3772 3211 3922 3266 satis

2259 3302 2512 3372 egimus,
2537 3301 2682 3357 istos
2702 3301 2980 3358 inimicos
3002 3303 3182 3374 hujus
3212 3303 3416 3374 gratiae
3444 3318 3636 3359 novos
3682 3301 3920 3357 haereti-

2259 3407 2362 3448 cos
2392 3391 2723 3448 refellentes
2753 3409 2765 3447 :
2791 3393 3073 3465 quamvis
3090 3399 3145 3449 et
3175 3393 3238 3449 in
3267 3394 3358 3450 his
3378 3393 3565 3464 libris,
3623 3392 3727 3465 qui
3793 3407 3920 3448 non

2259 3487 2468 3539 contra
2487 3481 2619 3538 illos
2639 3482 2909 3546 omnino,
2943 3483 3169 3557 quippe
3199 3483 3282 3540 illi
3300 3484 3573 3540 nondum
3593 3487 3788 3551 erant,
3815 3482 3922 3537 sed

2259 3576 2467 3628 contra
2485 3571 2836 3628 Manichaeos
2864 3573 3066 3646 scripti
3112 3577 3269 3641 sunt,
3294 3572 3369 3629 de
3399 3573 3584 3629 libero
3613 3571 3881 3627 Arbitrio
3905 3591 3918 3637 ;

2258 3676 2382 3716 non
2439 3659 2792 3717 omnimodo
2849 3662 2923 3717 de
2976 3661 3090 3718 ista
3148 3662 3249 3718 Dei
3301 3661 3493 3733 gratia
3536 3660 3918 3728 reticuimus,

2258 3763 2446 3820 quam
2477 3748 2743 3805 nefanda
2766 3749 3067 3822 impietate
3097 3755 3393 3806 conantur
3445 3749 3694 3806 auferre.
3753 3749 3919 3805 Dixi-

2259 3851 2397 3890 mus
2427 3835 2652 3909 quippe
2683 3835 2743 3891 in
2773 3836 3037 3893 secundo
3059 3837 3232 3906 libro,
3265 3853 3388 3894 non
3410 3837 3605 3894 solum
3661 3852 3918 3907 magna,

2261 3925 2370 3981 sed
2397 3926 2576 3982 etiam
2609 3926 2859 3984 minima
2886 3927 3051 3984 bona
3077 3943 3200 3984 non
3239 3943 3417 4001 posse
3471 3944 3618 3996 esse,
3670 3927 3789 3982 nisi
3841 3927 3920 3982 ab

2260 4014 2360 4071 illo
2391 4031 2426 4072 a
2447 4031 2570 4088 quo
2598 4020 2736 4072 sunt
2759 4017 2964 4074 omnia
2993 4017 3178 4086 bona,
3212 4018 3326 4074 hoc
3357 4023 3445 4075 est
3472 4019 3609 4074 Deo.
3639 4021 3694 4072 Et
3718 4017 3922 4087 paulo

2261 4107 2403 4175 post
2435 4121 2447 4159 :
2479 4104 2749 4171 Virtutes,
2773 4121 3045 4178 mquam,
3078 4105 3305 4178 quibus
3336 4111 3492 4162 recte
3525 4106 3751 4173 vivitur,
3783 4119 3925 4160 ma-

2261 4205 2381 4259 gna
2395 4191 2560 4247 bona
2587 4197 2725 4248 sunt
2758 4209 2771 4247 :
2807 4193 3034 4265 species
3060 4198 3262 4250 autem
3281 4193 3684 4267 quorumlibet
3703 4208 3926 4266 corpo-

2260 4295 2417 4349 rum,
2447 4279 2572 4335 sine
2593 4280 2814 4352 quibus
2845 4287 3000 4338 recte
3034 4282 3152 4338 vivi
3191 4288 3407 4355 potest,
3462 4283 3710 4339 minima
3752 4281 3928 4338 bona

2262 4373 2400 4424 sunt
2432 4386 2444 4422 :
2473 4369 2752 4441 potentia:
2778 4387 2920 4427 vero
2950 4371 3156 4441 animi,
3182 4373 3308 4428 sine
3354 4372 3576 4445 quibus
3607 4375 3764 4426 recte
3805 4372 3927 4427 vivi

2258 4471 2382 4512 non
2429 4461 2644 4529 potest,
2688 4458 2890 4515 media
2940 4459 3102 4516 bona
3158 4466 3314 4516 sunt.
3357 4461 3677 4517 Virtutibus
3730 4475 3924 4515 nemo

2256 4545 2414 4601 male
2438 4545 2620 4601 utitur
2649 4564 2663 4614 ;
2695 4547 2918 4603 caeteris
2952 4552 3154 4604 autem
3176 4547 3378 4620 bonis,
3410 4548 3472 4605 id
3495 4554 3586 4604 est
3617 4547 3837 4604 mediis
3867 4555 3922 4604 et

2256 4633 2543 4701 minimis,
2563 4649 2686 4690 non
2709 4634 2908 4691 solum
2936 4635 3111 4704 bene,
3143 4637 3247 4693 sed
3271 4638 3452 4694 etiam
3478 4637 3634 4694 male
3655 4637 3923 4709 quisque

2256 4722 2340 4778 uti
2368 4727 2583 4795 potest.
2617 4726 2682 4779 Et
2711 4723 2846 4780 ideo
2873 4725 3084 4782 virtute
3116 4742 3296 4782 nemo
3327 4727 3482 4782 male
3510 4727 3710 4796 utitur,
3767 4726 3924 4798 quia

2257 4827 2410 4883 opus
2434 4811 2663 4867 virtutis
2683 4816 2771 4868 est
2795 4813 2993 4868 bonus
3024 4830 3168 4869 usus
3193 4814 3464 4882 istorum,
3487 4815 3713 4888 quibus
3733 4816 3920 4871 etiam

2256 4917 2378 4956 non
2405 4901 2560 4957 bene
2589 4901 2670 4957 uti
2699 4917 3026 4974 possumus
3061 4920 3072 4958 :
3101 4919 3282 4961 nemo
3313 4911 3516 4961 autem
3568 4905 3724 4960 bene
3755 4909 3919 4961 uten-

2257 4989 2358 5060 do,
2387 4989 2541 5044 male
2569 4991 2768 5046 utitur.
2803 4992 2995 5056 Quare
3022 4991 3400 5048 abundantia
3455 4997 3512 5048 et
3557 4992 3919 5064 magnitudo

2255 5077 2538 5133 bonitatis
2570 5078 2669 5134 Dei
2689 5095 2813 5136 non
2837 5080 3034 5137 solum
3065 5097 3312 5152 magna,
3342 5082 3449 5138 sed
3473 5083 3658 5138 etiam
3719 5083 3920 5139 media

2257 5171 2313 5223 et
2342 5167 2592 5224 minima
2620 5168 2784 5226 bona
2805 5186 2932 5226 esse
2965 5171 3252 5243 praestitit.
3285 5172 3468 5242 Magis
3490 5171 3814 5229 laudanda
3840 5177 3919 5228 est

2257 5256 2494 5313 bonitas
2527 5258 2656 5328 ejus
2676 5258 2734 5314 in
2763 5260 3000 5330 magnis
3025 5277 3212 5333 quam
3240 5262 3303 5317 in
3334 5261 3566 5331 mediis,
3607 5267 3666 5318 et
3723 5262 3916 5332 magis

2255 5346 2317 5402 in
2343 5346 2556 5403 mediis
2583 5364 2769 5421 quam
2796 5349 2856 5404 in
2899 5349 3164 5406 minimis
3188 5350 3398 5418 bonis;
3451 5350 3557 5407 sed
3612 5355 3820 5422 magis
3864 5353 3916 5407 in

2255 5437 2559 5504 omnibus,
2591 5453 2780 5510 quam
2811 5438 2863 5494 si
2891 5455 3016 5496 non
3039 5441 3246 5498 omnia
3272 5441 3379 5512 [aL
3415 5441 3704 5498 omnibus
3759 5447 3916 5498 omit-

2257 5525 2431 5595 titur]
2460 5526 2746 5582 omnibus
2776 5527 3097 5585 tribuisset.

2324 5616 2388 5669 Et
2409 5614 2526 5672 alio
2549 5615 2683 5674 loco
2716 5634 2728 5671 ε
2756 5619 2838 5674 Tu
2864 5621 3116 5688 tantum,
3163 5612 3436 5694 inquam,
3486 5620 3776 5693 pietatem
3838 5624 3918 5679 in-
