4112 6184
253 202 394 257 H05

1183 205 1271 259 DE
1308 203 1966 262 PRIEDESTINATIONE
2005 207 2284 265 CONTRA
2321 212 2369 268 «Ι.
2415 211 2705 269 SCOTUM.

3439 250 3445 255 .
3546 209 3681 263 H06

247 339 611 381 concussam
628 326 784 389 tene,
806 329 866 381 ut
887 325 1121 383 nullum
1144 327 1246 383 tibi
1266 327 1497 385 bonum
1521 328 1617 386 vel
1636 329 1908 386 sentienti
1936 336 1983 389 Α
2026 333 2170 405 quia
2194 339 2248 391 et
2270 335 2426 392 male
2455 335 2555 392 illo
2577 335 2660 394 uti
2689 349 3048 408 possumus;
3080 331 3188 388 sed
3213 335 3412 388 tamen
3435 329 3548 387 tale
3569 335 3680 403 est,

243 411 344 468 vel
367 411 733 480 intelligenti,
758 411 852 468 vel
880 429 1126 488 quoquo
1153 415 1338 472 modo
1369 417 1652 487 cogitanti
1703 433 1910 474 occur-

242 507 359 570 rat,
393 500 561 575 quod
588 517 714 557 non
761 502 834 558 sit
870 519 942 558 ex
975 505 1113 561 Deo.
1147 510 1412 580 Itemque
1439 506 1556 564 alio
1585 507 1718 564 loco
1744 507 1905 564 dixi:

245 591 366 650 Sed
392 591 685 664 quoniam
728 607 851 648 non
899 592 1049 650 sicut
1087 600 1299 668 sponte
1351 596 1535 654 homo
1567 597 1796 664 cecidit,
1827 596 1911 652 ita

242 680 427 738 etiam
456 683 670 752 sponte
710 696 952 752 surgere
998 686 1210 756 potest,
1239 690 1576 757 porrectam
1605 685 1782 741 nobis
1812 685 1910 741 de-

244 784 430 842 super
449 767 757 824 dexteram
782 769 902 836 Dei,
919 770 982 826 id
1009 776 1096 828 est
1119 773 1353 829 Domini
1381 774 1567 830 nostri
1591 777 1728 831 Jesu
1751 773 1909 830 Chri-

243 858 320 915 sti
350 859 481 928 [al.,
509 857 832 914 Dominum
862 864 1137 918 nostrum
1157 863 1362 918 Jesum
1389 863 1710 934 Christum]
1731 862 1910 919 ﬁrma

242 949 368 1005 ﬁde
401 953 734 1004 teneamus.
770 951 837 1006 Et
863 948 924 1006 in
953 949 1106 1008 libro
1137 968 1216 1016 ιιι,
1250 969 1389 1008 cum
1419 953 1708 1009 dixissem
1736 951 1904 1020 illud,

241 1053 370 1110 quo
401 1037 706 1108 Pelagium
724 1038 798 1094 de
821 1039 970 1096 meis
1003 1042 1307 1114 opusculis
1341 1058 1522 1098 usum
1547 1041 1728 1098 fuisse
1749 1057 1909 1097 com-

242 1127 601 1184 memoravi.
619 1127 760 1194 Quis
792 1129 952 1186 enim
979 1135 1188 1203 peccat
1217 1131 1277 1187 in
1310 1148 1380 1188 eo
1401 1131 1568 1205 quod
1593 1131 1758 1188 nullo
1779 1147 1908 1187 mo-

240 1218 326 1274 do
351 1218 549 1275 caveri
570 1222 786 1291 potest.
813 1220 1098 1277 Peccatur
1118 1226 1320 1279 autem
1347 1240 1360 1278 :
1391 1223 1587 1278 caveri
1607 1222 1786 1292 igitur
1805 1237 1911 1295 po-

239 1311 390 1364 test:
415 1306 701 1364 continuo
727 1313 965 1365 secutus
981 1310 1054 1367 ad
1057 1311 1078 1381 j
1091 1311 1230 1367 unxi
1251 1330 1263 1366 :
1299 1313 1576 1368 Ettamen
1599 1311 1778 1368 etiam
1803 1327 1909 1384 per

233 1395 645 1467 ignorantiam
675 1396 833 1454 facta
860 1399 1146 1470 quaedam
1182 1399 1619 1472 improbantur,
1649 1405 1706 1457 et
1734 1401 1910 1457 corri-

236 1485 445 1556 genda
470 1485 840 1558 judicantur,
876 1487 1030 1544 sicut
1073 1489 1135 1545 in
1187 1489 1405 1545 divinis
1453 1490 1904 1546 auctoritatibus

236 1575 519 1648 legimus.
552 1574 644 1632 Ait
669 1575 831 1632 enim
859 1576 1180 1648 Apostolus
1206 1596 1218 1634 :
1261 1579 1735 1636 Misericordiam
1766 1594 1906 1636 con-

2019 426 2084 478 ut
2111 424 2238 479 sine
2267 424 2368 481 illo
2397 429 2553 481 recte
2582 425 2780 480 vivere
2819 438 3216 496 nequeamus.
3251 422 3447 476 Bonus
3478 423 3679 476 autem

2017 527 2162 568 usus
2192 513 2321 584 ejus
2347 514 2473 585 jam
2503 515 2690 570 virtus
2721 517 2827 579 est,
2856 529 2992 585 quae
3025 511 3085 566 in
3119 509 3358 579 magnis
3389 507 3680 581 reperitur

2015 599 2212 669 bonis,
2230 602 2454 675 quibus
2479 602 2634 659 male
2659 601 2740 658 uti
2756 586 2954 657 nullus
2981 603 3195 672 potest.
3216 601 3282 655 Et
3307 597 3453 670 quia
3474 596 3680 654 omnia

2014 688 2200 760 bona,
2230 690 2384 747 sicut
2407 691 2634 747 dictum
2663 693 2774 756 est,
2809 695 2862 746 et
2892 704 3138 760 magna,
3163 691 3219 745 et
3243 687 3465 754 media,
3490 690 3546 742 et
3569 686 3679 741 mi-

2015 778 2203 846 nima,
2235 795 2308 835 ex
2361 782 2479 835 Deo
2512 784 2670 847 sunt,
2701 779 2968 852 sequitur
2992 782 3056 834 ut
3107 793 3181 832 ex
3229 775 3347 832 Deo
3380 776 3454 832 sit
3495 775 3676 833 etiam

2014 866 2211 924 bonus
2243 884 2388 924 usus
2419 868 2616 924 liberie
2647 868 2987 935 voluntatis,
3021 883 3157 940 quze
3187 865 3374 921 virtus
3395 868 3504 936 cst,
3532 869 3589 921 et
3613 864 3676 922 in

2015 957 2256 1028 magnis
2304 962 2656 1014 numeratur
2701 957 2897 1013 bonis.
2932 955 3152 1012 Deinde
3196 954 3422 1010 dictum
3462 957 3569 1021 est,
3600 969 3676 1011 ex

2015 1063 2139 1120 qua
2167 1047 2406 1104 miseria
2436 1046 2823 1120 peccantibus
2848 1045 3176 1116 justissima
3205 1043 3431 1100 inﬂicta
3467 1042 3677 1100 liberet

2015 1136 2117 1192 Dei
2142 1136 2358 1205 gratia,
2373 1136 2516 1210 quia
2538 1140 2748 1209 sponte
2772 1135 2978 1202 homo,
3008 1133 3070 1189 id
3091 1137 3177 1190 est
3196 1133 3383 1189 libero
3406 1131 3670 1200 arbitrio,

2015 1225 2228 1282 cadere
2258 1227 2468 1299 potuit,
2503 1241 2626 1282 non
2655 1224 2835 1282 etiam
2867 1239 3128 1294 surgere.
3164 1222 3254 1277 Ad
3285 1238 3471 1295 quam
3501 1221 3675 1278 mise-

2013 1313 2166 1371 riam
2189 1316 2366 1387 justaa
2396 1314 2802 1371 damnationis
2822 1313 3077 1387 pertinet
3103 1310 3460 1382 ignorantia,
3493 1314 3548 1367 et
3568 1310 3678 1366 dif-

2014 1402 2249 1460 ﬁcultas
2279 1420 2466 1477 quam
2491 1404 2714 1477 patitur
2738 1402 2937 1460 omnis
2968 1402 3152 1458 homo
3183 1399 3261 1456 ab
3292 1398 3537 1456 exordio
3564 1413 3673 1455 na-

2013 1492 2250 1550 tivitatis
2281 1510 2435 1562 suae;
2464 1508 2574 1549 nec
2605 1493 2682 1549 ab
2713 1492 2827 1548 isto
2859 1491 3020 1548 malo
3051 1489 3395 1563 quisquam,
3429 1487 3542 1544 nisi
3572 1488 3675 1545 Dei

2016 1582 2208 1653 gratia
2233 1582 2519 1639 liberatur
2543 1600 2554 1639 :
2585 1598 2773 1656 quam
2800 1580 3107 1638 miseriam
3134 1577 3435 1649 Pelagiani
3463 1577 3676 1634 nolunt

238 1670 480 1720 secutus
509 1679 664 1736 sum,
694 1666 838 1735 quia
866 1666 1155 1736 ignorans
1189 1669 1316 1737 feci
1339 1668 1382 1739 (ι
1418 1669 1564 1723 Tim.
1597 1683 1641 1739 ι,
1671 1671 1758 1736 13)
1784 1686 1797 1737 ;
1825 1667 1906 1724 ait
1933 1689 1979 1746 Β
2015 1687 2086 1728 ex
2113 1672 2285 1744 juxta
2337 1671 2726 1729 damnatione
2757 1669 3141 1740 descendere,
3172 1670 3462 1739 negantes
3502 1665 3674 1736 origi-

240 1756 301 1808 et
321 1752 650 1824 PrOpheta:
683 1753 1271 1824 Delictajuventutis
1298 1762 1353 1813 et
1375 1758 1736 1828 ignorantiae
1763 1773 1906 1814 mea:

238 1857 320 1898 ne
339 1843 675 1899 memineris
701 1844 892 1910 (Psal.
906 1859 1070 1909 xxiv,
1094 1845 1171 1917 7).
1189 1847 1335 1902 Sunt
1357 1845 1535 1903 etiam
1552 1847 1904 1904 necessitate

239 1929 406 1986 facta
441 1930 868 2003 improbanda,
901 1931 1006 1988 ubi
1036 1932 1160 1990 vult
1188 1935 1373 1990 homo
1417 1941 1572 1992 recte
1602 1935 1817 2005 facere,
1849 1939 1906 1994 et

239 2034 370 2076 non
399 2023 612 2092 potest.
647 2023 796 2076 Nam
840 2020 1001 2077 unde
1045 2026 1184 2078 sunt
1207 2023 1320 2079 illae
1349 2039 1556 2080 voces:
1589 2025 1723 2082 Non
1747 2027 1901 2083 enim

241 2107 406 2179 quod
431 2109 564 2165 volo
602 2109 768 2179 facio
799 2109 1035 2178 bonum,
1067 2111 1172 2167 sed
1197 2112 1358 2183 quod
1399 2113 1499 2169 odi
1536 2115 1763 2171 malum
1795 2115 1905 2171 hoc

243 2213 362 2270 ago
390 2197 580 2270 (Rom.
612 2216 710 2262 vu,
749 2199 853 2272 15).
904 2202 971 2256 Et
1017 2200 1204 2257 illud:
1245 2203 1406 2259 Velle
1452 2203 1690 2274 atljacet
1735 2204 1903 2274 mihi,

231 2289 531 2358 perﬁcere
555 2294 754 2345 autem
783 2289 1020 2358 bonum,
1058 2305 1178 2346 non
1205 2290 1378 2359 (lbid.
1401 2308 1459 2347 v.
1486 2293 1593 2362 18).
1623 2295 1688 2349 Et
1715 2292 1901 2350 illud:

242 2379 403 2436 Caro
451 2380 814 2449 concupiscit
857 2380 1143 2437 adversus
1187 2382 1488 2453 spiritum,
1519 2384 1766 2453 spiritus
1807 2399 1907 2440 au-

240 2475 361 2526 tem
413 2469 700 2526 adversus
757 2483 1020 2526 carnem.
1073 2470 1222 2527 Hcec
1286 2473 1440 2528 enim
1487 2472 1602 2528 sibi
1655 2473 1902 2530 invicem

241 2558 676 2627 adversantur,
699 2559 764 2613 ut
787 2573 907 2614 non
932 2573 1000 2614 ea
1026 2573 1162 2630 quo?
1191 2560 1373 2616 vultis
1391 2561 1636 2630 faciatis
1660 2561 1816 2633 (Gal.
1842 2579 1904 2629 v,

240 2647 354 2717 17).
388 2646 502 2702 Sed
531 2645 660 2702 haec
689 2646 895 2702 omnia
924 2646 1243 2704 hominum
1273 2652 1431 2721 sunt,
1465 2665 1538 2706 ex
1566 2649 1665 2706 illa
1694 2651 1904 2708 mortis

239 2734 632 2792 damnatione
661 2734 1213 2793 venientium.Nam
1244 2736 1293 2792 si
1319 2753 1442 2794 non
1471 2742 1558 2794 est
1585 2738 1696 2795 ista
1725 2755 1908 2812 pcena

238 2822 529 2890 hominis,
563 2822 669 2878 sed
720 2827 958 2893 natura,
998 2823 1164 2880 nulla
1214 2823 1326 2882 ista
1361 2830 1610 2898 peccata
1658 2831 1814 2884 sunt.
1851 2828 1909 2886 Si

243 2913 411 2970 enim
440 2928 564 2968 non
595 2912 891 2969 receditur
937 2913 1016 2970 ab
1045 2929 1116 2970 eo
1154 2914 1339 2971 modo
1388 2931 1512 2988 quo
1562 2917 1910 2974 naturaliter

243 3003 444 3060 factus
473 3005 581 3071 est,
611 3003 694 3059 ita
744 3007 809 3059 ut
855 3002 1070 3060 melius
1120 3019 1250 3060 esse
1279 3019 1402 3061 non
1432 3008 1637 3078 possit,
1670 3023 1743 3064 ea
1770 3024 1908 3081 quae

243 3090 427 3148 debet
453 3091 610 3160 facit,
640 3108 780 3148 cum
808 3091 938 3148 haec
966 3091 1124 3149 facit.
1160 3093 1218 3150 Si
1243 3097 1446 3150 autem
1490 3094 1688 3151 bonus
1723 3097 1909 3152 homo

242 3183 424 3244 esset,
455 3179 620 3236 aliter
666 3185 840 3237 esset.
873 3183 1039 3237 Nunc
1068 3183 1292 3245 autem,
1323 3182 1468 3254 quia
1515 3183 1596 3239 ita
1644 3189 1749 3249 est,
1785 3200 1908 3242 non

248 3273 344 3324 est
372 3268 593 3338 bonus,
614 3285 722 3327 nec
749 3269 934 3327 habet
957 3270 1018 3327 in
1050 3276 1340 3344 potestate
1365 3276 1430 3329 ut
1448 3273 1646 3330 bonus
1667 3274 1758 3341 sit,
1785 3273 1910 3331 sive

253 3372 384 3414 non
412 3357 663 3414 vivendo
712 3359 908 3433 qualis
939 3376 1071 3417 esse
1122 3361 1360 3428 debeat,
1394 3362 1514 3419 sive
1544 3363 1824 3429 vivendo,
1856 3368 1913 3420 et

245 3461 378 3502 non
408 3445 660 3504 valendo
715 3465 847 3505 esse
902 3449 1147 3522 qualem
1195 3451 1413 3508 debere
1453 3469 1581 3510 esse
1631 3470 1694 3510 se
1727 3453 1906 3510 videt.

245 3539 498 3592 Pcenam
517 3536 694 3594 istam
715 3554 844 3595 esse
870 3539 1008 3612 quis
1032 3539 1308 3598 dubitet?
1334 3543 1542 3600 Omnis
1566 3547 1766 3599 autem
1786 3559 1910 3616 poe-

241 3640 328 3681 na
355 3624 404 3680 si
429 3625 596 3696 justa
626 3631 732 3695 est,
748 3627 975 3700 peccati
995 3645 1177 3702 poma
1199 3635 1304 3699 est,
1330 3636 1387 3687 et
1416 3631 1778 3704 supplicium
1799 3647 1908 3688 no-

241 3714 530 3771 minatur.
545 3716 603 3772 Si
631 3722 833 3775 autem
865 3718 1087 3790 injusta
1115 3737 1298 3794 poena
1329 3725 1433 3789 est,
1465 3723 1758 3795 quoniam
1781 3739 1909 3796 pm-

240 3819 393 3860 nam
419 3820 547 3862 esse
577 3822 758 3863 nemo
788 3807 1040 3879 ambigit
1068 3809 1296 3880 injusto
1328 3810 1530 3883 aliquo
1561 3811 1910 3868 dominante

242 3893 481 3949 homini
530 3895 814 3968 imposita
841 3902 946 3953 est.
983 3898 1166 3954 Porro
1193 3899 1338 3971 quia
1367 3899 1440 3955 de
1476 3900 1913 3972 omnipotentia

244 3982 352 4038 Dei
401 3988 457 4039 et
499 3984 726 4055 justitia
781 3986 1054 4044 dubitare
1099 3988 1393 4044 dementis
1444 3992 1553 4055 est,
1583 3989 1745 4060 justa
1782 3990 1912 4045 hch

239 4088 433 4144 pinna
484 4079 594 4141 est,
625 4079 683 4131 et
727 4091 838 4148 pro
891 4081 1139 4149 peccato
1191 4076 1393 4141 aliquo
1446 4077 1746 4149 penditur.
1783 4081 1911 4134 Non

245 4160 412 4216 enim
451 4162 776 4235 quisquam
809 4164 1070 4235 injustus
1099 4164 1443 4221 dominator
1472 4170 1576 4221 aut
1605 4165 1912 4240 subripere

244 4251 560 4308 hominem
611 4255 802 4326 potuit
841 4255 1001 4312 velut
1050 4256 1348 4325 ignoranti
1393 4258 1536 4327 Deo,
1569 4261 1673 4314 aut
1721 4262 1912 4314 extor-

243 4356 434 4413 quere
481 4341 684 4410 invito,
738 4349 1027 4417 tanquam
1071 4344 1429 4417 invalidiori,
1469 4346 1564 4402 vel
1613 4347 1906 4416 terrendo,

244 4429 343 4485 vel
374 4431 816 4501 conturbando,
849 4438 914 4489 ut
951 4433 1257 4490 hominem
1295 4435 1518 4507 injusta
1563 4453 1744 4510 poena
1776 4453 1908 4493 cru-

245 4518 452 4575 ciaret.
495 4520 862 4594 Relinquitur
906 4539 1048 4592 ergo
1091 4527 1158 4580 ut
1204 4525 1332 4580 haec
1384 4541 1567 4597 poena
1616 4526 1782 4596 justa
1833 4525 1909 4582 de

245 4606 640 4665 damnatione
670 4610 932 4666 hominis
964 4611 1183 4668 veniat.
1220 4615 1285 4668 Et
1315 4612 1432 4668 alio
1479 4612 1641 4668 loco:
1675 4615 1909 4686 Appro-

247 4696 418 4765 bare,
449 4697 721 4770 inquam,
755 4698 905 4756 falsa
950 4716 1061 4772 pro
1090 4703 1245 4755 veris
1287 4704 1353 4756 ut
1401 4704 1553 4756 erret
1582 4700 1821 4769 invitus,
1855 4703 1912 4757 et

251 4785 560 4842 resistente
593 4790 772 4859 atque
799 4791 1112 4860 torquente
1142 4788 1347 4843 dolore
1387 4788 1640 4844 carnalis
1673 4788 1908 4856 vinculi,

251 4886 377 4926 non
406 4874 594 4946 possit
623 4875 754 4945 [al.,
781 4877 978 4948 posse]
1010 4892 1046 4932 a
1073 4876 1405 4932 libidinosis
1453 4876 1735 4948 operibus
1767 4881 1912 4932 tem‘

245 4977 484 5035 perare,
513 4979 638 5019 non
668 4968 756 5019 est
783 4969 998 5020 natura
1025 4964 1270 5021 instituti
1291 4965 1572 5035 hominis,
1605 4965 1710 5021 sed
1732 4982 1912 5038 paena

245 5051 545 5108 damnati.
577 5056 726 5110 Cum
778 5059 978 5110 autem
1037 5055 1112 5110 de
1155 5055 1253 5110 illa
1283 5055 1587 5112 voluntate
1626 5062 1781 5113 recte
1831 5057 1914 5113 fa-

245 5140 449 5197 ciendi
474 5141 801 5214 loquimur,
822 5143 897 5198 de
922 5143 1022 5198 illa
1044 5143 1263 5199 scilicet
1290 5144 1351 5199 in
1371 5161 1494 5218 qua
1520 5145 1703 5204 homo
1721 5145 1912 5202 factus

247 5234 360 5296 est,
393 5229 719 5303 loquimur.

325 5321 474 5376 Ecce
487 5319 798 5389 tamlonge
813 5325 1137 5394 antequam
1150 5322 1467 5392 Pelagiana
1479 5323 1723 5379 hieresis
1743 5324 1916 5379 exsti-

247 5408 423 5465 tisset
443 5408 526 5463 sic
550 5408 1177 5481 disputavimus,velut
1191 5411 1318 5482 jam
1338 5411 1692 5467 contraillos
1716 5411 1917 5484 dispu-

250 5502 544 5554 taremus.
571 5500 715 5554 Cum
739 5499 896 5555 enim
912 5501 1114 5555 omnia
1135 5500 1298 5556 bona
1320 5500 1657 5554 dicerentur
1677 5515 1748 5556 ex
1773 5501 1916 5572 Deo,

250 5587 318 5644 id
336 5591 427 5643 est
444 5590 1054 5661 etmagna,etmedia,
1076 5594 1132 5646 et
1153 5590 1432 5657 minima;
1467 5589 1526 5644 in
1555 5591 1768 5647 mediis
1793 5592 1922 5665 qui-

251 5676 395 5733 dem
426 5676 604 5734 bonis
627 5678 926 5736 invenitur
945 5678 1202 5737 liberum
1228 5678 1552 5737 voluntatis
1587 5679 1916 5745 arbitrium,

2013 1760 2149 1818 nale
2177 1766 2527 1834 peccatum;
2559 1760 2840 1834 quamvis
2869 1757 3206 1829 ignorantia
3247 1760 3304 1812 et
3332 1754 3672 1823 difﬁcultas,

2013 1851 2244 1908 etiamsi
2269 1854 2469 1908 essent
2498 1849 2758 1907 hominis
2815 1847 3146 1920 primordia
3195 1843 3530 1913 naturalia;
3562 1859 3675 1900 nec

2013 1940 2098 1996 sic
2121 1939 2479 2013 culpandus,
2512 1938 2618 1996 sed
2645 1937 2992 1994 laudandus
3037 1937 3194 1992 Deus
3223 1937 3400 2002 esset,
3433 1933 3582 1988 sicut
3611 1932 3674 1990 in

2012 2029 2228 2086 eodem
2255 2029 2408 2086 libro
2434 2028 2602 2086 tertio
2631 2025 3122 2101 disputavimus.]

2084 2118 2332 2187 1-Vides,
2365 2117 2576 2175 doctor
2604 2117 2880 2185 eximius,
2923 2113 3164 2188 quantis
3193 2117 3327 2171 tuas
3363 2126 3673 2186 perversas

2013 2205 2639 2280 interpretatiunculas
2667 2205 2896 2261 viribus
2916 2205 3202 2270 conterat,
3215 2201 3321 2274 qui
3341 2200 3510 2258 toties
3532 2199 3674 2256 libe-

2011 2312 2149 2352 rum
2177 2295 2498 2352 voluntatis
2519 2294 2831 2351 arbitrium
2859 2291 3291 2365 nuncupando,
3320 2294 3673 2361 motumque

2015 2383 2222 2454 animi,
2256 2387 2312 2440 et
2365 2383 2513 2440 nihil
2561 2382 2724 2439 aliud
2769 2379 3136 2444 definiendo,
3180 2379 3296 2434 tuis
3328 2375 3674 2434 differentiis

2014 2473 2167 2529 adeo
2198 2471 2445 2528 veritate
2473 2470 2730 2527 vallatus
2761 2469 3017 2540 obsistit,
3041 2471 3107 2524 ut
3129 2483 3232 2524 eas
3259 2483 3505 2540 prorsus
3525 2464 3676 2521 nihil

2014 2576 2147 2617 esse
2176 2560 2508 2616 conﬁrmet.
2537 2561 2620 2615 Tu
2671 2558 2800 2630 ipse
2829 2572 3074 2630 quoque
3113 2559 3347 2612 tantum
3392 2554 3499 2611 tibi
3528 2569 3674 2609 con-

2015 2648 2232 2706 trarius
2261 2647 2486 2719 existis,
2513 2650 2579 2702 ut
2607 2650 2712 2702 aut
2739 2661 2864 2701 non
2892 2642 3136 2711 videris,
3169 2646 3274 2699 aut
3302 2641 3381 2699 ab
3416 2641 3543 2697 aliis
3569 2639 3676 2696 mi-

2015 2739 2176 2796 nime
2199 2737 2387 2794 videri
2399 2735 2702 2810 putaveris
2728 2738 2777 2791 te
2799 2738 3047 2790 eatenus
3074 2732 3333 2789 liberum
3351 2730 3676 2788 voluntatis

2018 2825 2329 2885 arbitrium
2357 2823 2716 2891 defendisse,
2734 2827 2800 2879 ut
2827 2822 3107 2879 deﬁnires
3135 2821 3389 2878 liberam
3409 2820 3681 2877 volunta-

2018 2921 2138 2973 tem
2167 2915 2518 2973 electionem
2549 2929 2677 2970 esse
2703 2911 2904 2968 liberae
2933 2911 3276 2979 voluntatis,
3301 2914 3356 2966 et
3385 2909 3678 2982 perdidis-

2018 3023 2081 3063 se
2110 3005 2418 3062 hominem
2456 3008 2737 3060 naturam
2769 3017 2964 3069 suam,
2995 3001 3043 3055 si
3071 3000 3326 3055 liberum
3352 2998 3676 3055 voluntatis

2019 3093 2330 3153 arbitrium
2360 3091 2753 3166 perdidisset:
2806 3105 2968 3145 nunc
3015 3093 3236 3155 autem,
3271 3090 3374 3143 aut
3411 3086 3496 3144 tui
3525 3085 3676 3142 obli-

2019 3189 2137 3250 tus,
2169 3186 2272 3240 aut
2317 3181 2581 3251 legentes
2633 3183 2737 3236 tua
2789 3177 3096 3233 ludiﬁcare
3139 3175 3401 3245 molitus,
3442 3179 3677 3230 motum

2023 3271 2208 3329 animi
2255 3287 2292 3328 a
2339 3269 2646 3326 voluntate
2677 3265 2912 3324 conaris
2952 3280 3282 3335 secernere,
3313 3264 3488 3337 quasi
3513 3262 3679 3320 aliud

2019 3361 2208 3436 possit
2249 3375 2384 3416 esse
2433 3357 2654 3415 animm
2707 3355 2935 3412 moveri
2986 3371 3173 3428 quam
3226 3353 3390 3409 velle.
3419 3356 3681 3410 Movetur

2020 3450 2180 3507 enim
2211 3447 2491 3517 volendo,
2522 3445 3044 3520 quemadmodum
3067 3447 3234 3499 Pater
3263 3441 3678 3498 memorabilis

2019 3537 2308 3607 deﬁnivit,
2339 3537 2399 3592 in
2430 3539 2662 3592 tantum
2693 3537 2758 3589 ut
2802 3537 3001 3589 motus
3029 3532 3158 3602 ejus
3189 3545 3578 3604 nequaquam
3607 3528 3682 3585 sit

2020 3627 2183 3684 aliud
2227 3642 2414 3699 quam
2445 3623 2743 3680 voluntas.
2781 3621 2945 3679 Hanc
2971 3621 3150 3677 etiam
3185 3637 3221 3677 a
3248 3620 3500 3676 Domino
3529 3634 3680 3692 prae-

2019 3718 2220 3792 parari
2240 3722 2297 3775 et
2323 3716 2636 3788 Scripturte
2663 3715 3079 3782 auctoritas,ct
3109 3716 3413 3768 tantorum
3441 3715 3682 3767 Patrum

2020 3821 2348 3864 consensus
2394 3803 2698 3860 evidenter
2754 3806 2933 3873 atque
2987 3799 3438 3855 immutabiliter
3484 3798 3677 3861 docet,

2019 3895 2326 3968 praedicat,
2355 3894 2476 3948 imo
2509 3892 2843 3948 conﬁrmat.
2868 3893 2950 3945 Tu
2977 3904 3187 3944 verum
3217 3903 3356 3942 cum
3387 3886 3449 3942 id
3476 3887 3679 3940 hacte¢

2019 4001 2134 4041 nus
2165 3983 2500 4052 negaveris,
2534 3985 2714 4053 atque
2744 3984 2809 4035 ut
2835 3980 2916 4035 ita
2945 3977 3198 4033 dixerim
3228 3975 3528 4031 inﬁciatus
3559 3974 3682 4030 fue-

2019 4074 2120 4144 ris,
2165 4087 2326 4127 nova
2375 4069 2796 4126 adinventione
2841 4083 3030 4124 ausus
3087 4082 3150 4122 es
3192 4064 3410 4129 dicere,
3454 4069 3679 4120 motum

2021 4169 2189 4220 tuum
2213 4161 2566 4232 prceparari
2585 4175 2621 4216 a
2645 4159 2914 4229 Domino,
2946 4172 3066 4213 non
3097 4157 3485 4217 voluntatem,
3511 4153 3679 4228 quod

2020 4252 2167 4326 quia
2209 4255 2266 4307 et
2299 4250 2620 4306 adversum
2649 4247 2899 4315 veritati,
2934 4249 2992 4302 et
3033 4245 3396 4302 contrarium
3429 4244 3681 4300 auctori-

2019 4343 2126 4400 tati
2176 4342 2575 4398 monstratum
2629 4341 2734 4405 est,
2769 4337 3093 4410 adjuvante
3138 4333 3390 4390 Domino
3440 4334 3520 4390 ad
3563 4333 3681 4389 alia

2021 4431 2461 4491 calumniarum
2491 4434 2730 4487 tuarum
2763 4443 3020 4497 venena,
3052 4429 3278 4499 quanta
3309 4424 3444 4492 sint,
3474 4423 3679 4479 viden-

2019 4524 2100 4580 da
2130 4528 2533 4579 transeamus.

2091 4612 2245 4668 Dicis
2294 4611 2449 4682 (cap.
2498 4612 2550 4680 8,
2581 4625 2644 4665 n.
2677 4613 2728 4677 5,
2762 4613 2901 4666 sect.
2947 4611 3037 4676 l):
3089 4605 3308 4663 Sancto
3339 4602 3678 4673 Augustino

2018 4702 2315 4757 mulloties
2338 4699 2503 4754 nobis
2532 4699 2898 4764 inculcante,
2929 4696 3301 4766 apertissime
3331 4693 3497 4750 credi
3531 4692 3680 4747 inte-

2019 4791 2196 4845 rioris
2227 4789 2481 4844 hominis
2513 4787 2964 4843 substantialem
3005 4785 3334 4840 trinitatem
3361 4784 3423 4838 in
3456 4783 3546 4839 his
3575 4781 3680 4837 tri-

2020 4880 2143 4944 bus,
2165 4880 2416 4935 essentia
2448 4878 2740 4947 videlicet,
2761 4882 2813 4932 et
2843 4876 3169 4938 voluntate,
3198 4879 3252 4929 et
3282 4875 3529 4929 scientia
3546 4888 3683 4928 con-

2021 4969 2220 5026 tineri.
2253 4971 2317 5022 Et
2360 4971 2500 5040 post
2529 4981 2726 5038 pauca
2769 4969 2926 5034 (cap.
2961 4966 3010 5026 8,
3044 4980 3105 5019 η.
3139 4969 3191 5031 6,
3224 4968 3363 5018 sect.
3390 4963 3482 5034 2):
3531 4965 3680 5020 Haec

2019 5061 2208 5131 igitur
2239 5058 2358 5113 tria
2388 5072 2573 5112 unum
2604 5061 2764 5114 sunt.
2788 5061 2842 5111 et
2874 5069 2996 5110 una
3028 5058 3252 5109 natura
3271 5069 3291 5108 .·
3325 5059 3448 5109 tota
3470 5053 3682 5109 deinde

2021 5151 2226 5206 anima
2279 5152 2506 5203 natura
2556 5146 2836 5201 voluntas
2889 5150 2992 5210 est,
3046 5147 3155 5198 etc.
3192 5144 3334 5209 Quae
3362 5143 3544 5200 verba
3580 5148 3684 5198 tua

2023 5253 2208 5310 quam
2266 5236 2382 5292 sint
2433 5233 2886 5291 mendaciorum
2943 5231 3180 5288 nebulis
3241 5232 3514 5302 caligata,
3561 5230 3684 5298 eju-

2027 5326 2198 5382 sdem
2230 5323 2589 5380 sanctissimi
2620 5321 2807 5379 Patris
2848 5322 3164 5391 Augustini
3191 5321 3387 5378 verbis
3433 5318 3682 5385 eluceat,

2024 5415 2130 5488 qui
2181 5414 2240 5470 in
2286 5413 2439 5469 libro
2470 5413 2544 5468 de
2590 5417 2795 5469 sancta
2847 5409 3129 5468 Trinitate
3180 5415 3394 5468 octavo
3426 5409 3549 5482 (lib.
3582 5425 3683 5477 xv,

2034 5520 2165 5573 cap.
2213 5505 2266 5574 3)
2326 5504 2402 5559 ad
2457 5520 2590 5559 eam
2643 5503 2928 5558 veraciter
2979 5506 3278 5573 quantum
3332 5498 3686 5556 mortalibus

2035 5592 2382 5648 conceditur
2434 5592 2940 5663 cognoscendam,
2991 5591 3073 5646 ita
3126 5589 3436 5645 invitando
3493 5589 3685 5653 docet,

2047 5679 2324 5738 docendo
2378 5680 2603 5750 invitat,
2660 5683 2745 5753 [ut
2806 5696 2915 5753 per
2963 5679 3272 5736 veritatem
3335 5694 3470 5749 quae
3522 5673 3690 5732 intel.
