4116 6186
476 206 610 259 “0'7

1530 197 1586 251 S.
1629 196 2002 251 PRUDENTII
2041 194 2422 250 TRECENSIS
2465 191 2801 249 EPISCOPL

3777 193 3918 250 H08

473 323 629 383 lecta
655 321 1036 394 conspicitur,
1052 321 1108 376 et
1137 334 1244 392 per
1272 318 1504 375 bonum
1524 333 1832 373 summum
1850 333 1885 372 a
1903 333 2028 390 quo
2045 321 2134 372 est
2160 318 2207 371 Α
2316 317 2351 381 Τ
2378 316 2526 371 Ecce
2557 319 2640 370 tot
2669 313 3028 370 trinitatihus
3057 312 3353 382 sagaciter
3381 313 3664 384 inventis,
3684 315 3925 373 subtili-

477 428 658 471 omne
677 412 930 476 bonum,
955 413 1010 464 et
1032 423 1139 481 per
1159 406 1453 478 justitiam
1477 412 1720 480 propter
1739 422 1926 479 quam
1947 404 2135 476 diligi-

478 508 574 561 tur
591 500 830 557 animus
853 498 1044 570 justus
1061 497 1140 554 ab
1161 497 1365 553 animo
1389 497 1571 552 etiam
1591 496 1867 552 nondum
1883 495 2138 566 justo,ut

477 595 695 648 natura
723 604 850 645 non
880 587 1076 644 solum
1116 585 1538 659 incorporalis,
1571 601 1780 641 verum
1820 586 2000 640 etiam
2024 585 2135 640 im-

478 676 808 747 mutabilis,
826 676 992 748 qnod
1023 680 1113 731 est
1138 677 1317 745 Deus,
1337 679 1634 747 quantum
1655 673 1782 730 ﬁeri
1805 677 2018 744 potest,
2054 673 2136 728 in-

481 767 861 836 telligeretur,
911 763 1223 834 admonui,
1252 767 1310 819 et
1358 778 1466 834 per
1513 762 1883 828 charitatem,
1915 778 2048 834 quae
2079 761 2138 816 in

487 855 802 929 Scripturis
834 853 1057 911 sanctis
1083 857 1238 909 Deus
1267 853 1427 908 dicta
1455 857 1544 908 est
1570 854 1609 923 (Ι
1638 853 1815 908 Joan.
1835 869 1912 918 iv,
1931 853 2005 924 8),
2039 867 2143 924 per

485 961 672 1019 quam
689 944 869 1017 cmpit
891 947 1196 1015 utcunque
1213 943 1393 1000 etiam
1409 942 1658 998 Trinitas
1680 941 2142 1010 intelligentibus

486 1049 801 1107 apparere,
833 1032 986 1088 sicut
1035 1035 1176 1088 sunt
1225 1046 1458 1101 amans,
1491 1037 1549 1087 et
1585 1031 1748 1102 quod
1803 1035 2060 1098 amatur,
2087 1033 2145 1085 et

486 1138 678 1181 amor.
713 1126 776 1177 In
807 1136 992 1192 nono,
1021 1119 1099 1176 ad
1145 1119 1472 1189 imaginem
1529 1119 1647 1185 Dei,
1679 1119 1844 1192 quod
1876 1121 1933 1174 et
1960 1118 2144 1172 homo

489 1210 826 1269 secundum
873 1213 1158 1277 mentem,
1195 1208 1466 1281 pervenit
1511 1207 1870 1280 disputatio:
1906 1210 1963 1262 et
1985 1206 2044 1262 in
2074 1222 2146 1262 ea

489 1301 774 1375 quaedam
815 1299 1043 1357 trinitas
1074 1298 1394 1366 invenitur,
1417 1297 1486 1352 id
1515 1302 1603 1352 est
1629 1312 1821 1365 mens,
1853 1302 1911 1352 et
1940 1295 2148 1351 notitia

491 1405 615 1462 qua
645 1405 710 1445 se
739 1387 920 1460 novit,
950 1392 1007 1444 et
1021 1402 1192 1444 amor
1217 1402 1340 1459 quo
1373 1401 1436 1441 se
1458 1385 1853 1456 notitiamque
1875 1400 2045 1440 suam
2063 1383 2149 1439 di-

489 1478 653 1548 ligit;
685 1481 744 1534 et
771 1478 900 1533 haec
931 1477 1042 1533 tria
1067 1475 1325 1548 aequalia
1352 1475 1504 1531 inter
1531 1489 1618 1542 se,
1649 1477 1707 1529 et
1749 1473 1927 1528 unius
1955 1476 2147 1528 osten-

493 1566 718 1623 duntur
747 1565 1038 1625 essentia.
1074 1566 1136 1620 In
1166 1564 1402 1619 decimo
1442 1563 1557 1619 hoc
1607 1562 1770 1618 idem
1808 1561 2149 1632 diligentius

2247 410 2331 460 ter
2354 404 2746 478 pertractatis.
2770 419 2842 460 ea
2872 403 3158 458 nimirum
3185 401 3594 474 profunditate
3616 403 3924 463 inventio-

2246 510 2416 563 num,
2450 499 2512 550 ut
2540 494 2780 550 nonnisi
2824 493 3236 564 capacissimis
3265 493 3457 562 gratia
3495 497 3746 567 superni
3785 513 3922 554 mu-

2246 584 2406 640 neris
2449 584 2798 640 infundente
2828 583 3149 655 perspicua
3179 583 3316 649 sint,
3351 598 3662 657 nusquam
3707 587 3924 645 anima

2247 673 2404 730 dicta
2421 679 2581 744 sunt,
2597 688 2901 745 nusquam
2917 673 3134 728 animae
3159 673 3424 727 essentia
3444 673 3786 745 appellatae.
3811 678 3922 733 sed

2248 763 2310 819 in
2342 779 2406 816 se
2448 777 2828 836 quaecunque
2859 763 3147 819 trinitates
3179 762 3434 817 inventae
3465 768 3605 819 sunt
3635 779 3805 821 unus
3831 782 3921 822 es-

2251 853 2473 922 sentiaa,
2502 852 2944 925 qualiscunque
2975 852 3106 924 ipsa
3129 851 3388 907 essentia
3419 851 3512 918 sit,
3532 853 3921 912 exsisteredi-

2251 945 2556 1013 sputatum
2581 946 2758 1014 atque
2775 945 3202 1014 pertractatum
3232 945 3339 996 est.
3366 943 3505 995 Esse
3523 947 3728 999 autem
3765 959 3839 1000 ea
3858 947 3920 1001 in

2253 1029 2478 1098 anima,
2513 1045 2633 1085 non
2667 1046 2806 1085 vero
2838 1029 3239 1085 substantiam
3272 1029 3512 1097 animae,
3541 1036 3600 1086 et
3626 1032 3766 1104 ipsa
3795 1037 3921 1090 tan-

2255 1123 2451 1174 torum
2504 1118 2795 1174 librorum
2836 1117 3199 1173 effusissima
3245 1117 3577 1190 disputatio
3606 1121 3920 1193 perdocet,

2255 1222 2364 1262 nec
2394 1205 2685 1262 ullatenus
2706 1206 2857 1262 ratio
2873 1205 3206 1262 dissuadet.
3228 1206 3405 1271 Quod
3428 1211 3635 1264 tamen
3658 1209 3721 1265 id
3739 1212 3921 1267 etiam

2257 1295 2716 1367 simplicioribus
2768 1295 3051 1368 liquidius
3098 1300 3322 1364 pateat,
3355 1296 3629 1366 ejusdem
3685 1313 3918 1356 memo-

2255 1385 2429 1441 randi
2451 1391 2506 1440 et
2527 1385 2934 1441 memorabilis
2949 1384 3260 1454 Augustini
3289 1386 3649 1442 sententiam
3671 1403 3746 1443 ex
3764 1388 3919 1445 libro

2259 1473 2526 1543 ejusdem
2578 1475 2775 1545 operis
2833 1473 3186 1546 praeferendi
3216 1474 3430 1545 quinto
3460 1474 3698 1532 decimo
3727 1493 3917 1550 pona-

2261 1580 2416 1629 mus,
2447 1579 2572 1636 qua
2629 1563 2871 1620 easdem
2928 1563 3216 1618 trinitates
3264 1563 3345 1618 ab
3386 1565 3644 1621 essentia
3695 1568 3916 1623 animae

494 1654 888 1727 subtiliusque
908 1657 1226 1710 tractatum
1247 1657 1354 1714 est,
1375 1655 1556 1724 atque
1579 1650 1658 1706 ad
1680 1650 1741 1706 id
1767 1649 2148 1723 perductum,
2185 1668 2223 1721 Β
2262 1652 2550 1708 veraciter
2595 1652 3005 1724 subtiliterque
3059 1652 3332 1719 secernit,
3363 1669 3501 1724 quas
3531 1655 3610 1711 ita
3641 1671 3704 1712 se
3735 1657 3915 1712 habet

493 1746 560 1798 ut
585 1743 950 1799 inveniretur
974 1741 1035 1796 in
1059 1744 1259 1796 mente
1292 1738 1620 1795 evidentior
1651 1737 1880 1794 trinitas
1911 1737 2060 1808 ejus,
2093 1737 2154 1793 in

493 1831 786 1888 memoria
814 1831 1056 1896 scilicet,
1083 1836 1141 1887 et
1164 1827 1571 1899 intelligentia,
1597 1833 1654 1883 ct
1678 1826 2004 1883 voluntate.
2039 1825 2154 1883 Sed

494 1919 788 1992 quoniam
819 1925 875 1976 et
915 1919 1030 1976 hoc
1061 1919 1438 1990 compertum
1465 1922 1573 1981 est,
1604 1915 1770 1989 quod
1798 1931 1968 1971 mens
1998 1931 2153 1971 nun-

496 2023 685 2080 quam
703 2024 836 2064 esse
855 2009 937 2064 ita
962 2007 1242 2080 potuerit,
1264 2009 1325 2062 ut
1348 2021 1472 2062 non
1499 2006 1590 2061 sui
1621 2004 2014 2072 meminisset,
2034 2020 2156 2060 non

495 2111 558 2151 se
607 2095 975 2166 intelligeret,
1007 2100 1065 2150 et
1111 2094 1400 2165 diligeret,
1431 2094 1711 2168 quamvis
1755 2109 1876 2150 non
1922 2109 2159 2165 semper

496 2199 559 2240 se
591 2179 908 2254 cOgitaret;
971 2199 1112 2239 cum
1155 2187 1355 2239 autem
1403 2199 1466 2238 se
1517 2182 1820 2252 cogitaret,
1851 2198 1974 2238 non
2031 2198 2094 2238 se
2122 2198 2159 2239 a

496 2272 915 2345 corporalibus
942 2272 1124 2327 rebus
1146 2272 1360 2328 eadem
1389 2271 1744 2344 cogitatione
1766 2272 2154 2328 discerneret:

495 2359 682 2417 dilata
708 2365 799 2416 est
827 2359 901 2416 de
930 2359 1230 2426 Trinitate,
1249 2359 1421 2431 cujus
1447 2359 1576 2414 haec
1598 2359 1801 2429 imago
1825 2365 1930 2422 est,
1957 2360 2158 2432 dispu-

495 2449 676 2518 tatio;
712 2457 775 2505 ut
803 2449 866 2505 in
893 2447 1040 2522 ipsis
1094 2448 1274 2504 etiam
1327 2448 1739 2522 corporalibus
1769 2449 1913 2503 visis
1942 2449 2161 2504 inveni‘

495 2542 658 2595 retur
683 2538 932 2608 trinitas,
966 2543 1022 2595 et
1050 2537 1386 2594 distinctius
1435 2538 1497 2592 in
1546 2554 1617 2593 ea
1664 2538 1900 2593 lectoris
1929 2553 2162 2594 exerce-

494 2631 658 2684 retur
682 2627 948 2685 intentio.
987 2631 1046 2682 ln
1077 2625 1399 2682 undecimo
1425 2641 1568 2696 ergo
1590 2626 1811 2681 electus
1832 2629 1921 2682 est
1947 2641 2160 2681 sensus

495 2715 832 2784 oculorum,
865 2716 926 2771 in
974 2731 1098 2788 quo
1128 2714 1190 2770 id
1222 2715 1387 2787 quod
1417 2714 1727 2770 inventum
1779 2719 1953 2782 esset,
1981 2715 2155 2770 etiam

495 2804 558 2862 in
589 2807 813 2861 cteteris
839 2809 1101 2878 quatuor
1121 2802 1398 2859 sensibus
1423 2803 1687 2876 corporis
1709 2807 1907 2858 etnon
1934 2802 2158 2859 dictum

497 2899 700 2968 posset
728 2895 1012 2965 agnosci:
1071 2896 1252 2966 atque
1301 2893 1384 2949 ita
1435 2891 1738 2948 exterioris
1777 2892 2038 2948 hominis
2074 2893 2160 2949 tri—

499 2983 656 3040 nitas
687 2984 885 3056 primo
916 2983 976 3038 in
1017 2981 1110 3037 his
1136 2997 1273 3054 quae
1313 2984 1642 3038 cernuntur
1671 2980 2054 3048 exirinsecus,
2089 2997 2162 3037 ex
2192 3020 2230 3072 α

499 3087 748 3145 corpore
781 3071 1002 3129 scilicet
1048 3071 1217 3146 quod
1264 3070 1514 3142 videtur,
1549 3075 1603 3126 et
1634 3070 1830 3126 forma
1854 3087 1991 3144 quae
2021 3071 2161 3126 inde

497 3161 561 3218 in
590 3161 717 3217 acie
765 3161 1060 3218 cernentis
1110 3159 1494 3232 imprimitur,
1523 3165 1578 3216 et
1624 3164 1948 3231 utrumque
1979 3176 2160 3233 copu-

497 3247 676 3306 lautis
704 3250 1031 3307 intentione
1059 3248 1403 3315 voluntatis,
1429 3250 1728 3321 apparuit.
1758 3248 1873 3304 Sed
1903 3251 2030 3305 haec
2053 3250 2160 3306 tria

500 3353 625 3394 non
677 3339 829 3395 inter
859 3355 922 3395 se
966 3337 1246 3410 mqualia,
1275 3352 1384 3393 nec
1429 3336 1607 3392 unius
1639 3353 1768 3393 esse
1812 3337 2160 3395 substantiae

503 3426 863 3482 claruerunt.
877 3426 1094 3482 Deinde
1115 3425 1177 3480 in
1202 3425 1335 3498 ipso
1352 3425 1554 3482 animo
1577 3426 1654 3482 ah
1683 3427 1774 3482 his
1795 3443 1928 3499 quae
1951 3428 2162 3483 extrin-

503 3528 676 3568 secus
707 3530 885 3568 sensa
903 3516 1043 3568 sunt
1059 3512 1573 3569 velutintroducta
1599 3513 1840 3570 inventa
1863 3520 1950 3570 est
1979 3516 2164 3572 altera

503 3599 757 3664 trinitas,
783 3601 886 3656 ubi
917 3600 1506 3673 apparerentcadem
1537 3602 1645 3657 tria
1679 3602 1852 3656 unius
1876 3618 2003 3659 esse
2028 3603 2162 3659 sub-

505 3688 736 3746 stantiae
761 3707 774 3745 :
803 3688 1154 3761 imaginatio
1185 3689 1472 3763 corporis,
1495 3705 1630 3762 quae
1661 3689 1721 3744 in
1745 3691 2033 3748 memoria
2056 3698 2162 3762 est,

507 3780 564 3834 et
590 3776 729 3834 inde
758 3777 1102 3835 informatio
1132 3793 1271 3834 cum
1320 3777 1394 3834 ad
1430 3793 1565 3834 eam
1596 3777 1836 3834 vertitur
1863 3779 1988 3850 [al.,
2022 3796 2161 3837 con—

505 3867 773 3940 vertitur]
803 3869 961 3926 acies
990 3867 1325 3938 cogitantis,
1359 3870 1412 3922 et
1440 3872 1761 3940 utrumque
1790 3869 1923 3939 conj
1936 3885 2163 3940 ungens

503 3955 752 4016 intentio
782 3958 1121 4016 voluntatis.
1156 3957 1266 4014 Sed
1299 3956 1436 4014 ideo
1481 3955 1594 4013 ista
1629 3957 1855 4014 trinitas
1885 3958 1962 4014 ad
2003 3963 2160 4016 exte-

505 4047 725 4105 riorem
777 4047 1086 4104 hominem
1134 4051 1371 4120 reperta
1419 4050 1511 4104 est
1553 4046 1866 4120 pertinere,
1899 4049 2041 4121 quia
2089 4048 2163 4104 de

507 4137 861 4209 corporibus
910 4136 1075 4194 illata
1103 4142 1214 4208 est,
1246 4153 1381 4210 quae
1413 4136 1748 4192 sentiuntur
1774 4138 2158 4194 extrinsecus.

507 4228 572 4282 In
621 4225 982 4283 duodecimo
1024 4225 1425 4283 discernenda
1472 4226 1602 4281 visa
1645 4230 1734 4281 est
1763 4226 2055 4297 sapientia
2085 4227 2163 4282 ab

507 4315 754 4372 scientia
773 4318 904 4388 [al.,
935 4316 1180 4373 scientia
1196 4331 1233 4372 a
1262 4314 1596 4387 sapientia],
1617 4318 1673 4370 et
1693 4314 1754 4369 in
1778 4329 1848 4370 ea
1867 4330 2000 4386 quae
2024 4331 2160 4387 pro-

506 4405 635 4481 prie
682 4406 928 4463 scientia
967 4410 1373 4477 nuncupatur,
1406 4403 1551 4477 quia
1588 4402 1831 4458 inferior
1859 4409 1964 4470 est,
1996 4405 2162 4476 prius

506 4495 790 4570 quaedam
821 4495 912 4552 sui
937 4495 1170 4567 generis
1200 4494 1428 4551 trinitas
1454 4492 1848 4566 inquirenda:
1881 4508 2013 4565 quae
2031 4492 2163 4550 licet

507 4585 587 4642 ad
606 4585 946 4642 interiorem
971 4584 1279 4641 hominem
1299 4585 1430 4654 jam
1455 4581 1768 4655 pertineat,
1792 4581 2066 4636 nondum
2084 4587 2162 4637 ta-

505 4690 646 4732 men
674 4675 879 4746 imago
906 4674 1006 4731 Dei
1030 4673 1126 4730 vel
1153 4671 1516 4746 appellanda
1547 4670 1638 4737 sit,
1666 4669 1760 4726 vel
1786 4669 2079 4742 putanda.
2098 4674 2165 4728 Et

504 4763 621 4821 hoc
649 4767 845 4837 agitur
872 4765 934 4821 in
964 4764 1133 4821 tertio
1159 4761 1396 4820 decimo
1436 4777 1542 4834 per
1572 4759 2162 4818 commendationem

505 4847 648 4907 ﬁdei
677 4853 1044 4910 ('Jhristianae.
1081 4857 1142 4909 [n
1184 4855 1400 4925 quarto
1429 4849 1664 4906 decimo
1715 4853 1916 4906 autem
1965 4849 2040 4905 de
2071 4865 2164 4907 sa-

508 4937 732 5010 pientia
780 4940 1041 4996 hominis
1073 4956 1233 5011 vera,
1263 4939 1325 4994 id
1375 4941 1466 4994 est
1520 4938 1620 4994 Dei
1669 4952 1916 4993 munere
1945 4937 2008 4993 in
2034 4939 2163 5009 ejus

507 5023 698 5098 ipsius
747 5027 849 5083 Dei
897 5029 1346 5101 participatione
1377 5027 1601 5084 donato
1634 5027 1762 5099 [al.,
1797 5025 1871 5081 de
1910 5042 2163 5082 munere

509 5113 639 5187 ejus
665 5113 727 5170 in
770 5115 962 5188 ipsius
1007 5117 1108 5172 Dei
1138 5115 1593 5188 participatione
1619 5114 1888 5183 donata],
1921 5128 2055 5184 quae
2083 5114 2162 5170 ab

509 5204 754 5262 scientia
777 5203 1055 5261 distincta
1083 5209 1188 5273 est,
1217 5205 1583 5278 disputatur;
1607 5208 1664 5260 et
1689 5220 1760 5259 eo
1790 5202 2056 5275 pervenit
2076 5201 2163 5258 di-

507 5293 790 5369 sputatio,
818 5297 883 5349 ut
905 5291 1130 5348 trinitas
1160 5296 1448 5365 appareat
1470 5291 1533 5347 in
1559 5291 1824 5363 imagine
1858 5288 1977 5358 Dei,
1997 5289 2163 5360 quod

509 5385 598 5438 est
631 5381 816 5436 homo
867 5377 1197 5435 secundum
1255 5381 1540 5443 mentem,
1571 5393 1705 5448 quae
1751 5377 2071 5431 renovatur
2099 5375 2162 5432 in

506 5469 810 5540 agnitione
842 5467 941 5522 Dei
971 5466 1304 5524 secundum
1349 5463 1674 5536 imaginem
1713 5463 1842 5534 ejus
1871 5462 1975 5535 qui
2004 5478 2163 5521 crea-

505 5559 589 5616 vit
640 5557 948 5614 hominem
993 5555 1073 5614 ad
1121 5554 1450 5628 imaginem
1503 5568 1698 5627 suam,
1749 5560 1806 5610 et
1847 5553 1929 5609 sic
1977 5551 2162 5626 perci-

503 5648 594 5727 pit
616 5646 969 5723 sapientiam
1015 5645 1117 5704 ubi
1167 5643 1591 5718 contemplatio
1641 5649 1731 5701 est
1777 5647 2158 5715 aeternorum,

2261 1741 2372 1812 (De
2405 1742 2568 1796 Trin.
2595 1741 2698 1797 lib.
2731 1757 2828 1807 xv,
2863 1755 2992 1810 cap.
3025 1744 3077 1807 6,
3111 1741 3184 1809 7).
3219 1741 3412 1811 Hicce,
3443 1742 3734 1815 inquiens,
3767 1759 3911 1814 ergo

2265 1830 2514 1892 trinitas,
2548 1829 2840 1901 sapientia
2871 1829 3110 1897 scilicet,
3143 1833 3198 1884 et
3219 1829 3422 1886 notitia
3447 1831 3551 1900 sui,
3581 1837 3635 1886 et
3662 1832 3904 1888 dilectio

2265 1919 2395 1975 sui:
2429 1918 2511 1974 sic
2555 1919 2709 1974 enim
2743 1922 2800 1974 et
2827 1919 2888 1973 in
2919 1918 3161 1974 homine
3193 1918 3513 1974 invenimus
3551 1920 3898 1989 trinitatem,

2265 2007 2327 2062 id
2353 2012 2439 2062 est
2465 2011 2748 2075 mentem,
2785 2011 2841 2062 et
2872 2006 3166 2066 notitiam.
3198 2022 3322 2079 qna
3367 2023 3426 2062 se
3462 2009 3649 2075 novit,
3677 2012 3742 2064 et
3768 2008 3911 2063 dile-

2267 2097 2546 2166 ctionem,
2579 2112 2701 2168 qua
2733 2112 2797 2150 se
2826 2095 3036 2166 diligit.
3073 2095 3188 2151 Sed
3238 2097 3364 2150 haec
3411 2095 3519 2152 tria
3563 2097 3645 2152 ita
3686 2097 3912 2152 suntin

2267 2186 2532 2253 homine,
2566 2190 2631 2241 ut
2657 2199 2780 2240 non
2824 2185 2953 2257 ipsa
2998 2185 3114 2240 sint
3141 2185 3356 2240 homo:
3389 2185 3574 2241 homo
3621 2189 3714 2241 est
3741 2187 3910 2250 enim,

2269 2275 2420 2330 sicut
2441 2279 2664 2330 veteres
2691 2273 3067 2342 deﬁnierunt,
3091 2273 3315 2330 animal
3337 2273 3627 2330 rationale
3649 2275 3910 2330 mortale.

2273 2363 2371 2418 Illa
2393 2379 2534 2430 ergo
2559 2361 2855 2418 excellunt
2883 2362 2943 2416 in
2966 2362 3230 2424 homine,
3249 2377 3370 2418 non
3396 2363 3529 2434 ipsa
3558 2368 3702 2418 sunt
3719 2363 3909 2420 homo.

2269 2457 2324 2508 et
2349 2468 2471 2508 una
2494 2467 2774 2524 persona,
2807 2451 2866 2506 id
2894 2457 2980 2507 est
3009 2451 3279 2520 singulus
3305 2452 3566 2524 quisque
3592 2452 3906 2514 homo,ha-

2269 2539 2368 2594 bet
2399 2539 2497 2594 illa
2542 2538 2653 2595 tria
2703 2539 2764 2594 in
2803 2545 3019 2594 mente.
3055 2537 3227 2604 Quod
3259 2538 3306 2594 si
3337 2539 3518 2594 etiam
3563 2539 3904 2595 detiniamus

2270 2629 2598 2698 hominem,
2634 2635 2697 2685 ut
2723 2629 3017 2695 dicamus,
3044 2630 3227 2684 homo
3257 2632 3347 2684 est
3375 2628 3722 2684 substantia
3763 2630 3893 2686 ratio

2271 2717 2422 2773 nalis
2447 2723 2730 2773 constans
2777 2733 2844 2773 ex
2899 2717 3101 2772 anima
3149 2721 3206 2772 et
3235 2733 3508 2790 corpore,
3537 2733 3665 2773 non
3697 2723 3788 2774 est
3815 2717 3903 2772 (lu-

2271 2808 2435 2863 bium
2471 2806 2776 2863 hominem
2821 2807 3041 2862 habere
3072 2807 3339 2862 animam
3367 2823 3506 2878 quae
3537 2823 3663 2863 non
3687 2812 3773 2862 est
3797 2821 3910 2863 cor-

2271 2913 2405 2970 pus,
2438 2896 2657 2952 habere
2688 2911 2906 2968 corpus
2938 2895 3099 2967 quod
3136 2911 3255 2950 non
3310 2899 3398 2950 est
3441 2895 3672 2951 anima.
3702 2901 3781 2950 Ac
3820 2910 3917 2966 per

2271 2985 2384 3041 hoc
2429 2984 2527 3040 illa
2581 2984 2690 3040 tria
2742 2999 2863 3039 non
2915 2985 3097 3038 homo
3130 2989 3290 3048 sunt,
3324 2983 3428 3038 sed
3469 2984 3741 3039 hominis
3771 2988 3915 3046 sunt,

2272 3072 2364 3129 vel
2392 3073 2450 3129 in
2481 3073 2725 3128 homine
2759 3077 2914 3127 sunt.
2943 3074 3212 3127 Detracto
3234 3071 3414 3128 etiam
3445 3087 3722 3144 corpore,
3743 3072 3789 3127 si
3805 3069 3923 3127 sola

2271 3162 2477 3218 anima
2506 3161 2814 3230 cogitetur,
2843 3159 3068 3232 aliquid
3108 3163 3237 3230 ejus
3283 3165 3369 3216 est
3410 3176 3604 3222 mens,
3639 3164 3923 3233 tanquam

2270 3254 2453 3323 caput
2481 3251 2630 3321 ejus,
2668 3249 2758 3305 vel
2795 3250 3005 3305 oculus
3051 3249 3135 3304 vel
3185 3249 3387 3314 facies,
3422 3250 3526 3305 sed
3554 3265 3681 3305 non
3714 3251 3841 3306 haec
3870 3257 3927 3304 ut

2270 3356 2524 3412 corpora
2577 3338 2898 3408 cogitanda
2954 3344 3110 3394 sunt.
3153 3341 3278 3394 Non
3337 3338 3517 3409 igitur
3564 3341 3799 3405 anima,
3832 3339 3928 3395 sed

2269 3429 2436 3501 quod
2485 3429 2714 3485 excellit
2753 3429 2812 3483 in
2866 3429 3090 3492 anima,
3129 3443 3296 3483 mens
3349 3433 3614 3484 vocatur.
3648 3428 3931 3501 Nunquid

2274 3523 2472 3574 autem
2502 3534 2828 3590 possumus
2859 3517 3054 3572 dicere
3104 3517 3426 3573 trinitatem
3457 3517 3540 3572 sic
3565 3533 3698 3572 esse
3728 3518 3790 3572 in
3819 3521 3931 3573 Deo

2272 3612 2338 3662 ut
2385 3606 2614 3678 aliquid
2661 3607 2761 3663 Dei
2810 3609 2903 3671 sit,
2935 3621 3043 3662 nec
3097 3605 3223 3678 ipse
3271 3606 3402 3677 [at.,
3438 3606 3586 3679 ipsa]
3618 3606 3697 3662 sit
3735 3607 3933 3662 Deus?

2273 3697 2644 3767 Quapropter
2695 3695 2966 3764 singulus
3013 3694 3272 3767 quisque
3312 3695 3517 3761 homo,
3549 3695 3658 3767 qui
3690 3711 3818 3751 non
3851 3711 3932 3750 se-

2273 3783 2541 3839 cundum
2591 3783 2795 3838 omnia
2821 3799 2953 3854 quae
2985 3783 3061 3840 ad
3111 3788 3388 3840 naturam
3433 3783 3740 3854 pertinent
3785 3785 3932 3855 ejus,

2275 3872 2377 3928 sed
2411 3872 2746 3928 secundum
2776 3871 2966 3928 solam
3000 3877 3263 3927 mentem
3317 3872 3517 3942 imago
3550 3873 3651 3928 Dei
3694 3871 3932 3934 dicitur,

2276 3978 2395 4018 una
2421 3977 2679 4035 persona
2707 3965 2812 4024 est,
2843 3965 2898 4017 et
2937 3961 3139 4030 imago
3183 3965 3275 4016 est
3316 3960 3589 4017 trinitatis
3618 3959 3680 4016 in
3713 3966 3932 4017 mente.

2273 4050 2520 4107 Trinitas
2547 4067 2688 4106 vero
2715 4049 2832 4119 illa,
2867 4050 3038 4121 cujus
3092 4049 3295 4120 imago
3335 4054 3446 4119 est,
3479 4049 3628 4105 nihil
3654 4049 3830 4105 aliud
3858 4053 3939 4104 est

2274 4144 2396 4196 tota
2423 4155 2610 4212 quam
2646 4142 2815 4203 Deus,
2849 4137 2996 4193 nihil
3044 4137 3207 4194 aliud
3256 4142 3349 4193 est
3385 4142 3509 4194 tota
3539 4154 3733 4211 quam
3760 4138 3937 4194 Trini-

2275 4232 2390 4283 tas.
2419 4231 2531 4282 Nec
2563 4226 2788 4299 aliquid
2811 4226 2886 4282 ad
2923 4232 3196 4282 naturam
3233 4227 3328 4282 Dei
3362 4225 3634 4298 pertinet,
3665 4225 3845 4299 quod
3867 4224 3940 4282 ad

2275 4315 2438 4371 illam
2493 4331 2616 4370 non
2665 4316 2954 4387 pertineat
2997 4316 3354 4372 trinitatem:
3405 4319 3461 4371 et
3509 4319 3626 4370 tres
3658 4330 3937 4387 persona?

2278 4408 2415 4460 sunt
2461 4404 2636 4460 unius
2685 4405 2974 4473 essentiae,
3009 4421 3130 4460 non
3162 4405 3313 4460 sicut
3349 4403 3622 4474 singulus
3673 4403 3937 4476 quisque

2274 4493 2458 4549 homo
2487 4509 2607 4548 una
2637 4509 2914 4565 persona.
2935 4498 3195 4566 Itemque
3225 4494 3285 4549 in
3311 4493 3425 4549 hoc
3455 4509 3679 4565 magna
3713 4493 3940 4551 distan-

2275 4583 2352 4638 tia
2379 4587 2484 4652 est,
2518 4582 2683 4655 quod
2711 4582 2834 4638 sive
2863 4588 3123 4639 mentem
3155 4583 3428 4639 dicamus
3459 4583 3770 4639 hominem
3793 4585 3934 4653 [αιἿ

2272 4671 2332 4727 in
2381 4671 2647 4742 homine]
2684 4672 2932 4743 ejusque
2965 4672 3233 4726 notitiam
3273 4676 3330 4726 et
3375 4670 3779 4737 dilectionem,
3806 4671 3936 4728 sive

2272 4760 2650 4824 memoriam,
2681 4758 3152 4829 intelligentiam,
3172 4757 3562 4823 voluntatem,
3594 4757 3747 4813 nihil
3770 4775 3938 4815 men-

2272 4847 2344 4904 tis
2391 4847 2776 4903 meminimus
2823 4847 2934 4901 nisi
2967 4862 3073 4919 per
3107 4846 3480 4912 memoriam,
3510 4863 3620 4902 nec
3650 4846 3936 4918 intelligi-

2273 4952 2407 4990 mus
2451 4934 2562 4989 nisi
2592 4951 2699 5006 per
2722 4934 3190 5005 intelligentiam,
3225 4950 3335 4990 nec
3365 4950 3647 4991 amamus
3677 4935 3795 4991 nisi
3837 4952 3938 5009 per

2271 5023 2658 5078 voluntatem.
2693 5025 2764 5078 At
2809 5022 3050 5078 verotin
3099 5022 3201 5077 illa
3228 5022 3504 5079 'l‘rinitate
3533 5023 3668 5095 quis
3709 5024 3938 5080 audeat

2272 5109 2467 5166 dicere
2497 5112 2748 5179 Patrem,
2779 5127 2889 5167 nec
2917 5126 2978 5165 se
3007 5110 3230 5181 ipsum,
3260 5126 3370 5166 nee
3403 5110 3633 5177 Filium,
3665 5127 3778 5167 nec
3815 5112 3938 5186 Spi—

2271 5198 2451 5254 ritum
2483 5204 2758 5254 sanctum
2786 5198 3106 5268 intelligere
3134 5199 3246 5253 nisi
3276 5214 3385 5271 per
3419 5198 3649 5268 Filium,
3685 5199 3778 5254 vel
3806 5200 3937 5256 dili-

2271 5302 2407 5358 gere
2436 5287 2548 5342 nisi
2573 5303 2680 5358 per
2697 5288 2977 5358 Spiritum
3007 5291 3283 5342 sanctum
3313 5304 3324 5342 :
3359 5303 3466 5359 per
3497 5303 3558 5343 se
3587 5293 3794 5343 autem
3821 5304 3938 5344 me-

2273 5375 2515 5431 minisse
2548 5375 2986 5431 tandummodo
3013 5375 3103 5431 vel
3131 5376 3245 5445 sui,
3269 5375 3363 5432 vel
3387 5376 3526 5442 Filii,
3550 5374 3643 5430 vel
3677 5377 3934 5448 Spirims

2273 5465 2505 5535 sancti.]

2345 5556 2378 5617 Τ
2402 5555 2466 5608 Et
2492 5559 2704 5610 caetera
2731 5570 2867 5626 quae
2895 5554 2968 5610 de
2997 5553 3711 5628 incomprehensibilitate
3743 5558 3926 5610 tantae

2272 5640 2600 5713 majestatis
2624 5641 3044 5701 subtilissimus
3066 5643 3402 5718 disputator
3428 5648 3484 5700 et
3501 5642 3926 5702 veracissimus
