4112 6184
260 213 401 268 1109

1186 207 1274 261 DE
1314 193 1979 260 PBIEDESTITATIONE
2017 189 2293 246 CONTRA
2329 188 2380 242 J.
2426 183 2716 244 SCOTUM.

3540 164 3676 221 1110

256 335 652 407 pertractator
713 331 954 404 copiose
1005 330 1299 385 disseruit.
1342 329 1482 385 Item
1534 330 1674 400 post
1722 318 1911 377 multa
1940 321 1989 374 A
2025 300 2906 407 intelligentiam,amplectitur
2949 311 3081 407 per.
3104 292 3672 407 dilectionem:in-

254 440 398 480 cum
424 423 500 477 de
541 421 786 477 scientia
817 421 917 475 Dei
946 420 1264 476 dissereret
1291 420 1494 488 (Ibid.,
1525 434 1658 488 cap.
1697 416 1802 480 13).

330 512 653 584 [Scriptum
705 515 813 579 est,
862 509 1076 582 inquit,
1124 509 1184 565 in
1241 509 1394 565 libro
1455 504 1908 565 Ecclesiastico:

253 602 594 673 Antequam
635 604 1009 667 crearentur,
1043 600 1242 655 omnia
1290 605 1432 655 nota
1474 603 1612 654 sunt
1664 595 1780 656 illi,
1829 594 1914 648 sic

253 696 312 747 et
331 694 650 760 postquam
678 694 1088 745 consummata
1103 694 1243 744 sunt
1268 689 1470 759 (Eccti.
1491 683 1910 754 xxm,29).Sic,

252 779 470 851 inquit,
493 793 615 833 non
650 777 837 844 aliter,
856 781 913 834 et
937 783 1255 849 antequam
1284 782 1656 838 crearentur,
1679 779 1733 830 et
1750 777 1911 842 post-

251 884 437 940 quam
487 872 900 924 consummata
951 872 1110 933 sunt,
1143 867 1226 922 sic
1252 867 1306 923 ei
1333 872 1476 922 nota
1523 870 1680 920 sunt.
1717 864 1912 930 Longe

253 963 348 1013 est
375 957 553 1026 igitur
583 957 722 1012 huic
754 955 1012 1012 scientiis
1066 955 1312 1012 scientia
1351 961 1554 1011 nostra
1581 950 1907 1008 dissimilis.

253 1048 396 1108 Quae
427 1050 628 1101 autem
661 1045 906 1100 scientia
940 1045 1037 1099 Dei
1089 1048 1196 1112 est,
1225 1046 1352 1117 ipsa
1399 1048 1454 1099 et
1508 1040 1832 1114 sapientia;
1856 1043 1913 1095 et

252 1151 394 1207 quas
427 1134 738 1207 sapientia,
774 1133 912 1204 ipsa
941 1133 1197 1190 essentia
1226 1133 1347 1189 sive
1378 1131 1731 1188 substantia.
1761 1128 1912 1194 Quia

253 1224 318 1279 in
350 1222 505 1278 illius
534 1226 761 1278 naturae
789 1221 1164 1294 simplicitate
1195 1221 1448 1278 mirabili
1484 1235 1607 1276 non
1632 1222 1724 1276 est
1748 1217 1910 1274 aliud

253 1328 492 1384 sapere,
523 1310 686 1366 aliud
717 1326 882 1377 esse;
916 1310 1022 1366 sed
1071 1311 1238 1383 quod
1279 1316 1367 1366 est
1413 1325 1641 1381 sapere,
1673 1309 1786 1364 hoc
1826 1310 1914 1362 est

252 1406 492 1467 etesse,
527 1400 678 1456 sicut
707 1403 763 1455 et
791 1400 850 1454 in
903 1399 1314 1472 superioribus
1358 1398 1524 1454 libris
1579 1413 1738 1471 saepe
1781 1397 1910 1468 jam

253 1489 542 1547 diximus.
575 1491 783 1545 Nostra
827 1503 970 1544 vero
1013 1488 1256 1544 scientia
1306 1489 1365 1544 in
1409 1487 1590 1544 rebus
1640 1486 1911 1559 plurimis

253 1585 576 1653 propterea
632 1582 689 1634 et
744 1577 1085 1634 amissibilis
1132 1583 1223 1634 est
1264 1582 1320 1634 et
1363 1575 1738 1648 receptibilis,
1767 1574 1910 1647 quia

2025 403 2175 458 tecto
2216 379 2434 473 reperit
2476 379 2631 454 illius
2690 407 2944 448 summae
2995 383 3287 443 Trinitatis
3323 379 3669 473 imaginem.

2022 493 2096 548 At
2125 468 2311 564 quam
2343 502 2647 545 summam
2673 481 3015 540 Trinitatem
3046 469 3569 537 reminiscendam,
3592 468 3674 524 vi-

2022 561 2307 646 dendam,
2331 575 2719 647 diligendam,
2749 573 2812 626 ut
2841 583 2978 624 eam
3002 561 3350 647 recordetur
3369 575 3506 615 eam
3535 571 3674 647 con:-

2021 642 2358 740 templetur,
2382 642 2466 720 ea
2477 662 2820 728 delectetur,
2843 660 3035 713 totum
3059 650 3236 740 debet
3263 646 3478 740 referre
3488 642 3674 740 _quod

2020 729 2180 810 vivit.
2213 729 2436 808 Verum
2466 766 2540 806 ne
2568 750 2726 804 hanc
2755 741 3082 814 imaginem
3112 737 3190 795 ab
3234 734 3445 791 eadem
3487 729 3672 788 Trini-

2019 847 2136 901 tate
2163 843 2404 911 factam,
2433 844 2490 896 et
2515 854 2624 894 suo
2653 836 2792 892 vitio
2821 834 2883 890 in
2912 829 3171 888 deterius
3214 826 3670 890 commutatam,

2018 935 2098 989 ita
2125 932 2319 989 eidem
2350 910 2659 1002 comparet
2685 921 2967 989 Trinitati,
3001 922 3067 974 ut
3092 913 3446 1002 omnimodo
3471 910 3672 1002 existi-

2019 1029 2141 1080 met
2171 1021 2428 1078 similem
2455 1038 2468 1087 ;
2491 999 2599 1074 sed
2629 1014 2828 1089 potius
2856 1011 2916 1066 in
2947 1006 3352 1080 qualicunque
3377 1001 3489 1057 ista
3515 999 3674 1056 simi-

2015 1113 2264 1171 litudine
2290 1123 2580 1180 magnam
2601 1117 2846 1178 qquue
2875 1093 3419 1154 dissimilitudinem
3445 1093 3669 1180 cernat,

2017 1206 2314 1276 quantum
2362 1179 2508 1254 satis
2561 1209 2693 1250 esse
2742 1187 3080 1276 videbatur,
3110 1179 3468 1276 admonui]
3603 1180 3673 1235 Et

2018 1266 2209 1348 multa
2264 1287 2402 1357 alia,
2433 1283 2655 1357 quibus
2709 1280 2919 1336 doctor
2967 1270 3395 1328 subtilissimus
3454 1266 3670 1357 eadem

2016 1380 2342 1454 prudenter
2389 1355 2752 1444 exsequitur,
2793 1383 2929 1438 quae
2968 1361 3048 1419 ob
3096 1360 3186 1416 sui
3233 1355 3669 1428 longitudinem

2016 1472 2274 1527 inserere
2303 1467 2442 1522 huic
2471 1461 2638 1536 operi
2664 1458 3024 1515 devitamus.

2090 1559 2265 1630 Quid,
2293 1573 2330 1614 ο
2359 1532 2686 1618 dialectice,
2716 1546 2863 1603 facis
2881 1545 2909 1600 ?
2943 1538 3343 1630 Calumniaris
3393 1532 3670 1592 beatissi-

250 1628 408 1724 iion‘
429 1669 542 1724 hoc
581 1673 669 1722 est
724 1667 900 1722 nobis
941 1683 1073 1723 esse
1117 1667 1284 1740 quod
1331 1667 1479 1722 scire
1499 1628 1599 1721 lvel
1642 1628 1850 1736 sapere
1893 1680 1904 1718 :
1940 1677 1979 1731 Β
2017 1667 2185 1708 mum
2217 1645 2620 1740 Augustinum
2647 1637 2868 1740 dixisse
2900 1647 3117 1740 saepius
3137 1628 3668 1740 quod"

251 1757 543 1830 quoniam
568 1772 697 1812 esse
712 1772 1056 1829 possumus,
1077 1756 1305 1812 etiamsi
1326 1755 1689 1821 nesciamus,
1713 1769 1907 1825 neque

2023 1741 2167 1797 sicut
2195 1755 2232 1795 a
2261 1743 2316 1794 te
2345 1734 2608 1806 ﬁngitur,
2636 1727 2856 1785 dixisse
2901 1738 3008 1795 rep

251 1847 565 1918 sapiamus
597 1861 668 1902 ea
705 1861 844 1918 quae
873 1845 1115 1900 aliunde
1136 1844 1475 1900 didicimus.
1499 1846 1742 1915 Propter
1769 1842 1904 1904 hoc,

252 1935 409 1991 sicut
428 1939 635 1991 nostra
653 1934 904 1991 scientia
924 1933 1005 1989 illi
1027 1934 1284 1989 scientia:
1306 1933 1427 2002 Dei,
1451 1933 1536 1988 sic
1560 1936 1617 1987 et
1634 1935 1908 1987 nostrum

252 2024 507 2080 verbum
529 2022 694 2096 quod
722 2023 991 2079 nascitur
1011 2022 1087 2078 de
1112 2028 1317 2079 nostra
1339 2021 1604 2088 scientia,
1623 2018 1908 2075 dissimile

257 2117 350 2168 est
379 2112 459 2168 illi
488 2111 684 2168 Verbo
714 2111 816 2166 Dei
842 2111 1009 2184 quod
1040 2116 1250 2168 natum
1277 2119 1365 2167 est
1389 2111 1464 2166 de
1495 2110 1680 2166 Patris
1709 2123 1907 2164 essen-

259 2203 359 2257 tia.
391 2200 534 2258 Tale
566 2209 654 2257 est
679 2205 880 2257 autem
909 2216 979 2256 ac
1009 2200 1059 2255 si
1088 2199 1346 2256 dicerem
1386 2201 1460 2255 de
1513 2198 1700 2255 Patris
1727 2197 1912 2252 scien-

253 2293 356 2358 tia,
386 2291 461 2347 de
491 2292 680 2347 Patris
702 2290 1026 2363 sapientia;
1057 2290 1168 2358 vel,
1201 2290 1366 2362 quod
1414 2293 1504 2345 est
1543 2289 1906 2361 expressius,

252 2381 330 2437 de
373 2384 534 2436 Patre
567 2379 830 2446 scientia,
861 2379 936 2434 de
969 2382 1134 2436 Patre
1160 2378 1498 2451 sapientia.]

325 2472 368 2540 κι-
399 2471 541 2526 Item
569 2471 631 2524 in
675 2468 889 2524 eodem
937 2469 1094 2538 (cap.
1126 2468 1217 2533 20)
1253 2485 1265 2519 :
1299 2467 1610 2538 [Quocirca
1655 2465 1910 2524 ridenda

249 2565 345 2615 est
381 2557 692 2615 dialectica
719 2556 1014 2622 Eunomii,
1042 2573 1079 2612 a
1106 2573 1228 2629 quo
1257 2556 1610 2612 Eunomiani
1654 2555 1909 2613 haeretici

248 2649 441 2705 exorti
470 2652 630 2715 sunt,
664 2646 767 2719 qui
794 2662 932 2702 cum
960 2662 1083 2701 non
1114 2644 1408 2717 potuisset
1430 2644 1776 2715 intelligere,
1799 2660 1908 2701 nec

249 2736 494 2792 credere
538 2735 843 2802 voluisset,
899 2734 1271 2805 unigenitum
1329 2735 1426 2792 Dei
1467 2735 1751 2802 Verbum,
1801 2750 1909 2808 per

247 2825 419 2898 quod
449 2824 606 2881 facta
636 2827 777 2879 sunt
819 2823 1044 2890 omnia,
1080 2822 1286 2878 Filium
1337 2823 1434 2878 Dei
1483 2839 1615 2879 esse
1668 2827 1904 2889 natura,

248 2915 370 2969 hoc
396 2919 504 2984 est,
526 2913 600 2968 de
632 2912 973 2968 substantia
997 2912 1179 2968 Patris
1209 2912 1498 2982 genitum,
1528 2928 1650 2968 non
1678 2917 1908 2968 natura:

3011 1720 3192 1778 eritur
3222 1736 3236 1774 :
3274 1719 3360 1773 Tu
3409 1717 3558 1773 dicis
3587 1729 3670 1771 es-

2013 1829 2264 1886 sentiam
2291 1802 2506 1882 anim‘ae
2537 1821 2904 1876 voluntatem
2931 1819 3111 1882 atque
3137 1807 3446 1865 scientiam
3471 1817 3494 1875 ;
3521 1802 3667 1858 bea-

2014 1924 2109 1976 tus
2162 1913 2526 1986 Augustinus
2552 1908 2694 1964 dicit
2720 1904 3090 1961 voluntatem
3131 1901 3332 1986 atque
3357 1892 3666 1986 scientiam

2013 2023 2135 2064 non
2169 1980 2298 2060 esse
2349 2001 2505 2058 illius
2533 1995 2878 2054 essentiam.
2911 1986 3184 2046 Creando
3233 1982 3458 2055 quippe
3508 1980 3665 2034 Deus

2015 2093 2415 2154 universitatis
2445 2088 2719 2147 conditor
2747 2083 2966 2141 animae
2994 2074 3272 2135 rationali
3323 2069 3572 2128 contulit
3600 2071 3667 2124 ut

2017 2185 2404 2252 meminisset,
2425 2177 2792 2247 intelligeret,
2821 2170 3014 2235 vellet,
3044 2165 3238 2235 sciret,
3261 2165 3518 2252 saperet,
3540 2156 3666 2214 dili-

2018 2277 2197 2347 geret,
2228 2251 2450 2346 posset,
2483 2265 2860 2328 discerneret,
2883 2263 2940 2315 et
2970 2255 3090 2314 alia
3135 2251 3472 2347 complura,
3503 2265 3665 2347 quaa-

2015 2340 2254 2438 cunque
2309 2359 2674 2432 sempiterna
2723 2352 2879 2409 illius
2920 2347 3159 2406 bonitas
3201 2345 3254 2401 ei
3302 2340 3666 2438 conferenda

2011 2430 2321 2530 judicavit.
2353 2430 2562 2522 .-\cper
2584 2447 2699 2502 hoc
2731 2443 2881 2500 falsa
2930 2437 3338 2495 indubitanter
3367 2430 3666 2490 convinci-

2014 2527 2110 2605 tur
2157 2544 2406 2603 assertio
2455 2545 2578 2605 tua,
2607 2551 2730 2610 qua
2776 2529 3110 2600 Pelagianis
3170 2527 3404 2592 favens,
3431 2537 3665 2580 eorum-

2013 2641 2276 2710 demque
2332 2646 2561 2689 errores
2620 2622 3001 2700 pervicaciter
3056 2616 3400 2683 confovens,
3432 2616 3668 2669 tantum

2014 2706 2602 2788 voluntatihumanae
2617 2717 2874 2774 tribuere
2894 2707 3358 2786 prtesumpsisti,
3369 2706 3666 2778 quantum

2015 2838 2126 2879 nec
2152 2818 2265 2892 ipsi
2297 2809 2619 2883 Pelagiani,
2643 2823 2752 2864 nec
2778 2804 2929 2861 alius
2949 2799 3254 2875 quispiam
3275 2794 3553 2892 tribuisse
3579 2808 3670 2892 re-

2015 2883 2258 2986 peritur.
2293 2903 2560 2962 Hasccine
2608 2903 2694 2954 est
2748 2894 2938 2951 oratio
2985 2896 3108 2986 tua,
3130 2902 3273 2986 qua.
3290 2885 3456 2984 initio
3485 2883 3668 2986 hujus

249 3003 346 3059 vel
371 3003 714 3059 substantiae
747 3019 870 3057 suis
902 3001 1025 3057 sive
1058 3001 1328 3058 essentiae
1357 3002 1504 3056 dixit
1532 3018 1664 3058 esse
1692 3001 1906 3072 ﬁlium,
1937 3031 1979 3085 ο
2013 2973 2325 3077 pericopes
2361 2996 2517 3067 (cap.
2549 2995 2691 3085 8,‘n.
2713 2993 2768 3057 7,
2798 2982 3019 3085 sect-1)
3044 2979 3145 3085 Dei
3168 2973 3668 3085 Amisericordiam

249 3092 360 3149 sed
400 3091 588 3147 tilium
617 3091 939 3148 voluntatis
967 3090 1088 3160 Dei,
1119 3089 1489 3146 accidentem
1544 3089 1763 3145 scilicet
1794 3092 1910 3147 Deo

253 3182 464 3238 volens
490 3197 752 3238 asserere
782 3180 1153 3236 voluntatem
1201 3196 1323 3252 qua
1360 3180 1622 3250 gigneret
1652 3179 1861 3236 Filium
1894 3199 1906 3236 :

253 3271 534 3328 videlicet
559 3271 690 3326 ideo
713 3271 858 3343 quia
875 3286 988 3326 nos
1011 3269 1236 3342 aliquid
1257 3269 1586 3341 aliquando
1605 3268 1908 3338 volumus,

259 3359 430 3432 quod
461 3364 633 3414 antea
670 3374 789 3414 non
836 3357 1235 3424 volebamus;
1267 3356 1445 3429 quasi
1494 3372 1615 3412 non
1669 3362 1912 3430 propter

254 3449 375 3504 ista
398 3446 700 3504 mutabilis
720 3446 1083 3517 intelligatur
1103 3448 1310 3502 nostra
1326 3448 1559 3511 natura,
1575 3446 1738 3518 quod
1758 3446 1913 3502 absit

253 3537 412 3593 utin
438 3538 556 3592 Deo
587 3553 718 3592 esse
773 3535 1112 3592 credamus.
1144 3539 1344 3607 Neque
1398 3535 1557 3590 enim
1610 3533 1690 3590 ob
1747 3533 1912 3590 aliud

251 3627 544 3699 scriptum
594 3630 726 3682 est:
761 3626 974 3680 Multa
1025 3625 1408 3694 cogitationes
1451 3626 1514 3681 in
1570 3625 1748 3680 corde
1774 3623 1908 3690 viri,

249 3717 568 3773 consilium
594 3721 794 3772 autem
824 3715 1065 3770 Domini
1081 3720 1281 3770 manet
1311 3716 1371 3770 in
1395 3720 1680 3770 aeternum
1705 3715 1908 3781 (Prov.

245 3822 370 3874 XIX,
401 3805 510 3875 2i).
548 3804 664 3860 Nisi
696 3808 760 3859 ut
787 3803 1191 3872 intelligamus
1243 3805 1369 3857 sive
1394 3801 1733 3871 credamus,
1766 3802 1914 3858 sicut

247 3899 544 3950 aeternum
577 3897 786 3963 Deum,
815 3893 897 3948 ita
924 3897 1216 3948 aeternum
1249 3907 1380 3946 esse
1412 3891 1728 3946 consilium
1759 3892 1912 3978 ejus,

245 4000 324 4040 ac
356 3998 462 4054 per
486 3983 603 4038 hoc
626 3982 1022 4046 immutabile,
1049 3980 1202 4036 sicut
1221 3979 1348 4050 ipse
1371 3983 1474 4034 est.
1509 3979 1683 4044 Quod
1713 3983 1914 4034 autem

244 4071 327 4128 de
350 4071 837 4142 cogitationibus,
855 4071 970 4126 hoc
995 4070 1174 4126 etiam
1207 4067 1283 4124 de
1311 4066 1720 4123 voluntatibus
1741 4066 1917 4122 veris-

245 4161 404 4216 sime
454 4160 570 4216 dici
606 4164 822 4233 potest.
870 4159 1059 4216 Multae
1104 4157 1444 4214 voluntates
1488 4155 1548 4211 in
1576 4155 1755 4211 corde
1784 4154 1912 4219 viri,

242 4250 530 4306 voluntas
555 4253 755 4305 autem
787 4248 1022 4304 Domini
1047 4251 1253 4302 manet
1279 4245 1340 4301 in
1371 4245 1712 4316 ceternum.]

323 4343 368 4410 -ι-
416 4343 480 4395 Et
527 4344 664 4411 post
710 4354 909 4411 pauca
955 4337 1161 4408 (Ibid.)
1195 4353 1206 4391 :
1246 4335 1351 4409 [De
1406 4339 1680 4392 creatura
1734 4336 1914 4392 etiam

246 4447 443 4504 quam
498 4429 634 4485 fecit
682 4433 858 4496 Deus,
903 4433 1199 4501 quantum
1251 4426 1575 4495 valuimus,
1604 4426 1919 4483 admonui-

255 4536 401 4575 mus
427 4535 529 4574 eos
559 4518 664 4591 qui
694 4517 988 4574 rationem
1019 4517 1094 4572 de
1143 4515 1326 4572 rebus
1369 4516 1590 4573 talibus
1637 4521 1914 4588 poscunt.

252 4614 325 4665 ut
370 4608 691 4663 invisibilia
720 4608 876 4678 ejus,
911 4622 1015 4678 per
1069 4622 1140 4661 ea
1186 4621 1322 4678 quis
1376 4605 1534 4661 facta
1583 4609 1741 4671 sunt,
1773 4605 1925 4662 sicut

252 4702 529 4770 possent,
579 4696 876 4752 intellecta
919 4693 1358 4765 conspicerent,
1393 4698 1449 4749 et
1507 4694 1768 4750 maxime
1815 4709 1922 4766 per

258 4787 617 4843 rationalem
673 4785 766 4843 vel
832 4783 1296 4840 intellectualem
1361 4788 1719 4849 creaturam,
1787 4798 1924 4854 quae

257 4877 421 4932 facta
444 4881 537 4932 est
573 4875 653 4931 ad
676 4874 1004 4943 imaginem
1031 4872 1152 4934 Dei,
1187 4887 1296 4944 per
1319 4871 1486 4943 quod
1512 4869 1672 4925 velut
1710 4886 1926 4942 specu-

252 4967 409 5033 lum,
438 4970 738 5038 quantum
769 4967 1036 5036 possent,
1069 4963 1117 5018 si
1146 4965 1414 5035 possent,
1447 4965 1775 5016 cernerent.
1800 4959 1929 5015 Tri-

253 5056 513 5112 nitatem
534 5057 722 5110 Deum
753 5054 814 5108 in
834 5057 1040 5108 nostra
1062 5051 1376 5121 memoria,
1394 5050 1801 5121 intelligentia,
1827 5065 1932 5105 vo.

253 5146 515 5202 luntate.
541 5145 682 5210 Quae
709 5143 820 5198 tria
849 5143 911 5197 in
934 5159 1044 5198 sua
1064 5147 1261 5198 mente
1285 5141 1633 5198 naturaliter
1649 5140 1933 5196 divinitus

257 5234 544 5291 instituta
573 5232 851 5305 quisquis
871 5231 1154 5287 vivaciter
1186 5231 1486 5303 perspicit,
1518 5235 1573 5286 et
1594 5246 1781 5302 quam
1810 5242 1936 5284 ma-

259 5340 457 5395 gnum
490 5322 566 5378 sit
591 5323 653 5378 in
682 5337 773 5389 ea,
806 5321 967 5376 unde
994 5325 1190 5392 potest
1227 5320 1407 5376 etiam
1440 5319 1802 5388 sempiterna
1825 5317 1938 5372 im-

260 5412 696 5484 mutabilisque
717 5414 934 5466 natura
953 5408 1154 5478 recoli,
1168 5407 1458 5480 conspici,
1490 5405 1790 5477 amplecti,
1805 5420 1942 5461 con-

2017 3069 2256 3147 dixeras
2303 3076 2752 3156 postulandam,
2781 3076 2847 3128 ut
2869 3075 2926 3126 te
2951 3069 3015 3124 in
3061 3069 3367 3156 tantorum
3397 3075 3669 3156 errorum

2016 3151 2429 3254 lybyrinthum
2485 3168 2798 3226 induceres
2827 3161 2855 3216 ‘I
2909 3158 3223 3254 Nimirum“
3271 3151 3528 3254 impleta
3581 3153 3669 3206 est

2018 3245 2346 3344 apostolica
2370 3254 2748 3344 protestatio,
2768 3247 3137 3344 quae-Adicit:
3171 3245 3407 3344 Petitis,
3517 3255 3667 3344 inon

2017 3327 2312 3426 accipitis,
2342 3327 2408 3407 eo
2438 3344 2597 3419 quod
2625 3342 2782 3399 male
2799 3338 3005 3410 petitis
3038 3336 3186 3407 (Jac.
3210 3349 3295 3426 iv,
3324 3330 3398 3426 3)ζ
3431 3327 3670 3426 Viderat

2017 3420 2178 3505 enim
2246 3431 2830 3512 omnipotentissimo
2900 3443 3010 3484 suo
3075 3424 3291 3482 intuitu
3362 3420 3668 3489 Dominus,

2016 3540 2203 3596 sciens
2233 3511 2616 3604 cogitationes
2649 3523 2954 3580 hominum
2985 3518 3266 3591 quoniam
3313 3525 3483 3569 vana
3529 3511 3670 3565 sunt

2019 3626 2207 3698 (Psat.
2242 3601 2396 3688 xum,
2450 3618 2557 3688 Η),
2599 3611 2991 3671 intentionem
3047 3606 3238 3698 animi
3289 3604 3374 3698 tui
3419 3601 3671 3698 vanitati

2018 3692 2314 3775 deservire
2365 3709 2564 3783 potius
2616 3719 2805 3779 quam
2858 3699 3129 3768 veritati;
3187 3696 3409 3754 idcirco
3461 3692 3674 3752 avertit

2020 3807 2293 3867 auditum
2346 3796 2673 3857 clementius
2720 3809 2757 3850 a
2800 3805 2977 3864 prece
3017 3787 3359 3854 dementiae,
3379 3784 3672 3858 quoniam

2020 3896 2328 3955 voluntate
2375 3894 2432 3945 et
2485 3887 2730 3943 veritate
2770 3881 3007 3938 deserta
3047 3877 3110 3933 in
3157 3877 3282 3932 haec
3311 3879 3438 3930 tam
3484 3872 3672 3944 impia

2020 3988 2232 4058 lapsus
2279 3997 2362 4036 es.
2414 3987 2440 4013 ι
2483 3971 2852 4044 Augustinus
2904 3965 3360 4058 Confessionum
3573 3974 3673 4015 xm

2024 4051 2176 4149 (cap.
2202 4071 2290 4143 20)
2329 4086 2341 4124 :
2371 4069 2508 4139 [Aut
2536 4061 2681 4136 quid
2721 4065 2776 4116 te
2801 4054 3129 4149 promeruit
3170 4051 3473 4149 inchoatio
3501 4063 3676 4149 crea-

2021 4137 2170 4223 turis
2191 4137 2488 4234 spiritalis,
2516 4158 2582 4210 ut
2607 4151 2817 4206 saltem
2842 4144 3158 4204 tenebrosa
3183 4143 3440 4234 ﬂuitaret
3467 4137 3674 4196 similis

2025 4232 2252 4326 abysso
2277 4247 2361 4306 tui
2403 4239 2730 4308 dissimilis,
2759 4237 2873 4295 nisi
2914 4251 3021 4310 per
3043 4234 3207 4291 idem
3237 4232 3498 4289 Verbum
3527 4246 3672 4288 con-

2026 4322 2352 4402 verteretur
2379 4335 2457 4394 ad
2505 4333 2666 4390 idem
2710 4347 2746 4387 a
2783 4345 2907 4402 quo
2955 4326 3113 4383 facta
3154 4328 3262 4393 est,
3286 4326 3466 4396 atque
3493 4322 3574 4380 ab
3603 4337 3674 4379 eo

2027 4432 2362 4492 illuminata
2389 4426 2492 4482 lux
2519 4423 2704 4488 ﬁeret,
2733 4416 3014 4493 quamvis
3068 4430 3192 4472 non
3241 4414 3567 4487 aequaliter,
3593 4416 3677 4469 ta-

2031 4539 2170 4580 men
2200 4514 2524 4577 conformis
2549 4513 2755 4568 formae
2785 4506 3005 4580 aequali
3029 4504 3152 4562 tibi.
3179 4502 3339 4560 Sicut
3361 4503 3523 4558 enim
3553 4515 3678 4557 cor-

2031 4610 2163 4686 pori
2188 4622 2311 4664 non
2327 4607 2442 4662 hoc
2457 4606 2546 4658 est
2564 4616 2692 4656 esse
2711 4595 2880 4671 quod
2903 4594 3223 4686 pulchrum
3243 4605 3398 4660 esse,
3410 4587 3677 4686 alioquin

2031 4675 2298 4757 deforme
2327 4709 2458 4750 esse
2487 4706 2611 4746 non
2639 4689 2875 4760 posset:
2909 4685 2990 4742 ita
3017 4683 3199 4740 etiam
3229 4683 3429 4738 creato
3447 4675 3680 4749 spiritui

2032 4803 2156 4845 non
2181 4784 2244 4841 id
2269 4787 2358 4839 est
2383 4781 2603 4848 vivere,
2633 4775 2798 4849 quod
2829 4774 3132 4845 sapienter
3159 4773 3383 4840 vivere;
3413 4765 3682 4841 alioquin

2033 4868 2601 4934 incommutabiliter
2655 4866 2910 4936 saperet.
2941 4865 3178 4918 Bonum
3231 4865 3432 4918 autem
3474 4857 3557 4915 illi
3593 4860 3684 4914 est

2034 4966 2260 5022 haerere
2279 4960 2385 5015 tibi
2411 4972 2669 5030 semper,
2682 4970 2756 5011 ne
2776 4953 2945 5028 quod
2967 4953 3219 5025 adeptus
3238 4954 3326 5007 est
3348 4948 3688 5007 conversio-

2037 5070 2134 5123 ne,
2162 5050 2472 5109 aversione
2500 5047 2704 5102 lumen
2732 5045 2981 5111 amittat,
3010 5045 3068 5099 et
3095 5040 3395 5098 relabatur
3417 5039 3478 5095 in
3500 5039 3688 5097 vitam

2041 5141 2375 5202 tenebrosae
2395 5135 2599 5208 abyssi
2629 5134 2929 5204 similem.]
2955 5134 2998 5204 -ι-
3028 5131 3290 5188 Isidorus
3305 5129 3366 5186 in
3379 5128 3536 5185 libro
3553 5131 3690 5202 Ety-

2046 5230 2444 5301 mologiarum
2470 5226 2654 5297 (Orig.
2677 5225 2776 5280 lib.
2791 5241 2896 5288 vn,
2914 5239 3046 5293 cap.
3069 5223 3137 5295 1).
3161 5221 3470 5294 [Dicuntur
3488 5223 3693 5275 autem

2046 5325 2105 5378 et
2129 5319 2245 5376 alia
2270 5316 2522 5375 nomina
2550 5313 2831 5388 quredam
2871 5313 2932 5370 in
2963 5317 3150 5370 Deum
3180 5307 3652 5368 substantialiter
3679 5326 3693 5363 :

2050 5408 2303 5481 simplex
2325 5411 2528 5464 autem
2553 5404 2768 5460 dicitur
2788 5403 2912 5460 sive
2932 5418 3057 5461 non
3086 5398 3418 5460 amittendo
3445 5398 3505 5456 id
3534 5395 3702 5471 quod

263 5502 521 5576 cupisci,
551 5499 948 5558 reminiscitur
979 5514 1087 5572 per
1113 5497 1492 5563 memoriam,
1519 5495 1782 5554 intuetur
1832 5510 1940 5568 per
2051 5497 2252 5562 habet,
2287 5512 2395 5552 seu
2422 5494 2568 5568 quia
2598 5508 2722 5550 non
2754 5493 2921 5550 aliud
2962 5497 3052 5551 est
3079 5492 3206 5566 ipse
3227 5492 3291 5548 et
3341 5487 3508 5546 aliud
3536 5483 3703 5560 quod

344 5694 373 5720 ι
415 5679 656 5740 Additio
686 5679 746 5736 in
777 5677 938 5738 calce
965 5670 1232 5750 paginae.
