4112 6184
451 209 575 262 ΜΗ

1536 204 1592 258 S.
1635 195 1998 257 PRUDENTII
2036 195 2410 253 TRECENSIS
2448 196 2755 254 EPISCOPI

3720 197 3850 252 1H2

444 331 503 386 in
537 329 669 402 ipso
700 331 810 393 est,
839 325 987 381 sicut
1017 323 1077 380 in
1106 324 1371 392 homine,
1402 325 1574 396 cujus
1631 330 1720 380 est
1748 322 1911 380 aliud
1941 338 2088 390 esse,
2121 323 2168 376 A
2204 320 2475 377 libertate
2498 319 2843 391 voluntatis,
2876 317 2989 375 sed
3009 317 3365 375 necessitate
3393 316 3857 391 imperfectionis

447 422 504 473 et
533 415 697 472 aliud
731 413 985 485 saperc.]

516 508 558 577 -}-
615 502 939 559 Videamus
994 502 1177 558 aliam
1231 502 1554 559 falsitatem
1610 508 1777 560 tuam
1848 502 2100 575 qualiter

447 590 724 651 membra
777 590 1047 646 carnium
1106 589 1432 646 Behemoth
1490 590 1598 646 sibi
1658 593 1995 648 cobzrreant
2044 595 2102 646 et

447 694 781 754 squammte
814 677 1000 734 altera
1025 676 1189 733 alteri
1230 678 1632 748 conjungatur
1659 697 1672 745 ;
1715 678 1862 735 dicis
1892 678 2051 735 enim
2082 696 2095 733 :

1015 810 1254 851 JOANNES
1306 810 1528 851 SCOTUS.

518 915 688 986 (Cap.
723 915 776 981 8,
800 928 861 968 n.
894 914 948 975 8,
980 915 1120 968 sect.
1154 912 1230 978 5.)
1262 916 1301 965 Θ
1340 912 1478 968 Ideo
1523 913 1785 981 primum
1839 915 2104 970 animale

449 1020 664 1074 corpus
694 1003 952 1060 hominis
984 1008 1124 1058 ante
1142 1007 1475 1071 peccatum,
1504 1003 1646 1072 quia
1672 1002 1871 1059 adhuc
1897 1003 2100 1059 deerat

449 1093 608 1166 quod
634 1094 690 1149 ei
707 1097 959 1162 propter
986 1090 1276 1160 prtecepti
1293 1089 1621 1146 custodiam
1654 1092 1853 1149 fuerat
1881 1092 2102 1149 adden-

448 1182 612 1247 dum,
645 1181 709 1237 id
738 1186 821 1237 est
870 1179 1165 1250 spiritale.
1196 1179 1286 1235 Ac
1314 1194 1424 1248 per
1452 1180 1562 1235 hoc
1604 1195 1679 1236 ex
1704 1196 1767 1236 eo
1800 1181 1959 1251 quod
1985 1182 2101 1237 ali-

449 1271 595 1343 quid
613 1286 651 1327 a
669 1269 1032 1338 perfectione
1058 1274 1299 1324 natura
1327 1268 1540 1338 defuit,
1564 1274 1693 1325 erat
1724 1271 2005 1339 animale,
2028 1286 2104 1326 ea:

450 1374 516 1416 eo
546 1358 705 1431 quod
732 1358 889 1414 nihil
911 1359 967 1414 ei
992 1357 1234 1426 deesset,
1259 1358 1539 1426 futurum
1593 1359 1889 1427 spiritale.
1922 1352 2099 1424 Hinc,

450 1447 749 1519 inquiens,
782 1447 969 1502 datur
997 1446 1262 1514 intelligi
1299 1446 1559 1514 primam
1592 1446 1846 1502 hominis
1891 1448 2101 1502 volun-

452 1543 631 1593 tatem
662 1535 912 1592 liberam
961 1534 1334 1590 naturaliter
1363 1533 1549 1602 fuissc
1571 1540 1854 1601 creatam,
1885 1536 1983 1592 cui
2011 1541 2101 1591 ta—

448 1641 584 1681 men
612 1625 850 1695 aliquid
901 1623 1230 1681 adderetur
1256 1624 1310 1678 si
1331 1629 1696 1694 praeceptum
1735 1626 1845 1682 Dei
1861 1640 2104 1683 servare

450 1715 649 1780 vellet,
679 1719 744 1768 ut
787 1713 942 1769 sicut
988 1712 1254 1769 animale
1302 1728 1518 1782 corpus
1557 1715 1752 1784 potuit
1780 1715 1936 1771 mori
1960 1715 2104 1785 quia

450 1803 650 1859 adhuc
680 1819 799 1858 non
831 1807 961 1858 erat
992 1802 1448 1871 perfectumﬁta
1476 1803 1756 1860 voluntas
1786 1803 1976 1859 libera
2001 1803 2105 1861 ad-

451 1892 568 1947 huc
587 1891 870 1946 animalis
892 1891 1125 1960 merito,
1142 1890 1284 1961 quia
1310 1892 1579 1947 mortalis
1598 1893 1793 1961 potuit
1831 1907 2102 1963 peccare,

450 1980 556 2052 qui
581 1980 782 2036 adhuc
811 1995 930 2035 non
952 1984 1081 2035 erat
1108 1978 1411 2049 perfecta;
1435 1995 1566 2050 qua?
1594 1981 1799 2051 utique
1818 1983 2105 2052 perfectio

452 2069 749 2125 libertatis
757 2074 895 2138 post
910 2067 1189 2125 mandati
1212 2068 1543 2125 custodiam
1566 2070 1940 2141 impleretur,
1964 2071 2106 2127 dum

449 2159 504 2215 ei
526 2158 822 2228 peccandi
841 2158 1120 2214 voluntas
1140 2158 1385 2227 penitus
1413 2159 1783 2228 auferretur.

1117 2280 1438 2322 CORRECTIO.

517 2375 559 2444 ιιι
585 2372 812 2429 Videris
870 2371 1205 2445 primorum
1232 2372 1419 2428 nostri
1448 2373 1682 2443 generis
1738 2379 2107 2448 propagato-

447 2479 585 2520 rum
617 2463 788 2536 sequi
813 2462 1190 2533 sententiam,
1222 2463 1326 2536 qui
1354 2478 1492 2519 cum
1524 2463 1832 2520 voluntate
1861 2465 2109 2538 propria

451 2552 885 2625 peccavissent,
943 2566 1190 2608 causam
1222 2551 1283 2607 in
1332 2554 1517 2608 Deum
1551 2553 1980 2609 contumaciter
2015 2570 2107 2610 re-

455 2645 771 2700 torserunt.
802 2645 951 2698 Nam
976 2641 1339 2711 interrogata
1364 2641 1578 2698 mulier
1599 2642 1937 2715 respondit:
1965 2644 2108 2699 Ser-

453 2748 600 2804 pens
631 2732 858 2803 decepit
881 2746 992 2798 me,
1008 2738 1063 2789 et
1090 2732 1319 2788 comedi
1337 2730 1501 2803 (Gen.
1527 2748 1607 2800 in,
1632 2732 1737 2804 14).
1755 2732 1851 2788 Vir
1869 2736 2068 2790 autem
2091 2751 2103 2789 :

451 2824 677 2883 Mulier
702 2837 881 2894 quam
934 2822 1153 2879 dedisti
1196 2822 1349 2878 mihi
1392 2823 1637 2891 sociam,
1668 2823 1832 2879 dedit
1878 2824 2030 2880 mihi
2052 2830 2109 2882 et

452 2912 680 2969 comedi
708 2911 905 2983 (Ibid.,
940 2911 1045 2981 t2).
1089 2910 1383 2966 Nimirum
1427 2926 1499 2967 eo
1543 2927 1669 2968 sum
1694 2912 2108 2985 responsionis

2204 409 2412 483 lapsus
2443 426 2577 467 esse
2605 408 2897 466 dicendus
2925 412 3035 466 est.

2278 500 2521 555 Constat
2561 498 2741 569 igitur
2790 495 3259 570 imperfectionis
3289 493 3518 553 auctori
3542 494 3864 568 deputetur

2206 586 2505 660 quidquid
2530 584 2998 660 imperfectionis
3016 584 3374 642 necessitate
3397 587 3715 657 peccatum
3739 588 3859 641 est:

2207 675 2373 751 quod
2400 675 2545 750 quia
2572 674 3099 746 absurdissimum,
3124 674 3248 731 imo
3273 672 3573 731 nefarium
3628 678 3720 729 est
3746 688 3868 730 creo

2208 765 2370 826 dere.
2402 768 2585 822 restat
2605 768 2670 821 ut
2692 763 3003 820 hominem
3029 767 3087 819 et
3114 761 3445 836 perfectum
3471 761 3788 819 conditum
3807 767 3870 819 et

2207 854 2530 912 voluntatis
2559 854 2829 911 libertate
2852 852 3126 910 mandati
3150 851 3487 910 custodiam
3512 851 3872 926 praevarica-

2208 950 2339 1001 tum
2360 960 2488 1001 esse
2514 944 2832 1002 fateamur.
2863 943 2922 1000 Si
2940 942 3099 999 enim
3125 942 3472 1016 imperfecta
3496 942 3747 1001 libertas
3760 959 3873 999 vo-

2208 1033 2450 1091 luntatis
2480 1038 2569 1090 est
2595 1033 2759 1105 data,
2790 1048 3038 1106 prorsus
3086 1048 3197 1088 nec
3238 1031 3426 1088 libera
3450 1036 3539 1088 est
3562 1031 3825 1089 dicenda
3852 1052 3868 1089 :

2211 1122 2409 1180 omnis
2437 1123 2596 1179 enim
2625 1122 2775 1179 liber
2806 1126 2911 1179 aut
2938 1120 3197 1196 perfecte
3225 1120 3376 1178 liber
3401 1125 3510 1188 est,
3537 1126 3643 1178 aut
3667 1122 3713 1177 si
3746 1138 3873 1178 non

2209 1211 2486 1286 perfecte,
2511 1211 2776 1285 profecto
2804 1226 2915 1268 nec
2939 1210 3091 1267 liber
3116 1228 3129 1266 :
3163 1209 3474 1283 quomodo
3499 1209 3665 1266 enim
3720 1210 3879 1267 liber

2211 1305 2320 1368 est,
2349 1300 2454 1374 qui
2483 1300 2688 1373 aliqua
2713 1299 2807 1356 sui
2836 1304 3006 1373 parte
3037 1303 3128 1355 est
3166 1298 3597 1372 imperfectus?
3624 1301 3754 1355 Non
3784 1304 3879 1356 est

2210 1389 2390 1460 igitur
2416 1388 2821 1446 dubitandum
2862 1386 3191 1461 perfectum
3240 1388 3505 1460 primum
3559 1387 3877 1444 hominem

2213 1478 2541 1546 conditum,
2575 1476 2721 1534 nulli
2775 1477 2976 1533 adhuc
3030 1476 3206 1533 morti
3238 1476 3595 1545 obnoxium,
3620 1492 3762 1550 quae
3793 1476 3877 1533 illi

2212 1568 2291 1625 ob
2317 1567 2547 1641 peccati
2575 1566 3004 1624 admissionem
3031 1566 3191 1638 juste
3251 1570 3341 1621 cst
3366 1565 3699 1631 retributa;
3733 1581 3876 1622 cum

2136 1676 2185 1728 Β.
2212 1662 2349 1731 post
2376 1656 2607 1731 peccati
2628 1655 3025 1713 commissum
3040 1655 3171 1727 jam
3191 1654 3371 1710 morti
3395 1654 3697 1711 obnoxios
3715 1654 3877 1724 lega-

2211 1761 2349 1801 mus
2379 1744 2716 1801 secnndum
2736 1742 3069 1817 quemdam
3098 1742 3352 1799 modum
3373 1758 3507 1798 esse
3537 1741 3873 1815 perfectos;

2215 1832 2505 1905 scriptum
2527 1835 2621 1889 est
2645 1831 2809 1888 enim
2829 1831 2891 1887 in
2919 1829 3132 1887 Genesi
3159 1847 3173 1884 :
3198 1830 3324 1887 Noe
3353 1830 3449 1886 vir
3467 1832 3679 1900 justus
3698 1835 3880 1901 atque

2207 1923 2512 1992 perfectus
2541 1920 2709 1992 (Gen.
2735 1937 2817 1988 γι,
2852 1922 2944 1989 9);
2978 1924 3036 1976 et
3095 1918 3385 1976 Dominus
3438 1918 3500 1974 in
3551 1918 3877 1989 Evangelia

2212 2012 2418 2066 monet
2439 2026 2453 2064 ε
2478 2009 2684 2066 Estote
2707 2008 2965 2079 perfecti
2981 2008 3134 2064 sicut
3160 2012 3216 2064 et
3243 2007 3431 2062 Pater
3460 2011 3660 2062 vester
3706 2007 3877 2062 ecete-

2212 2101 2319 2156 stis
2356 2099 2657 2170 perfectus
2705 2103 2790 2154 est
2837 2097 3073 2168 (Matth.
3112 2112 3167 2163 v,
3209 2096 3342 2167 48);
3391 2099 3449 2151 et
3516 2094 3875 2168 Apostolus:

2217 2188 2511 2260 Quotquot
2528 2202 2669 2258 ergo
2684 2186 2942 2257 perfecti
2969 2201 3194 2253 sumus,
3219 2184 3331 2241 hoc
3355 2189 3666 2241 teneamus
3691 2184 3877 2255 (Phil.

2213 2282 2295 2344 ui,
2330 2277 2432 2347 15),
2466 2280 2523 2332 et
2548 2276 2800 2348 reliqua.
2834 2276 3078 2331 Constat
3101 2277 3308 2330 autem
3336 2272 3754 2346 superioribus
3788 2273 3880 2328 in-

2214 2364 2425 2421 faustae
2455 2362 2876 2436 disputationis
2908 2366 3026 2418 tuas
3081 2359 3354 2434 partibus
3382 2363 3457 2418 te.
3496 2360 3788 2430 sategisse
3815 2365 3881 2416 ut

2214 2451 2491 2509 rationali
2521 2456 2829 2521 creaturas,
2859 2450 2922 2506 id
2952 2455 3046 2506 cst
3073 2454 3129 2506 et
3155 2449 3386 2520 angelis
3409 2454 3468 2506 et
3493 2449 3870 2516 hominibus,

2213 2542 2468 2599 liberam
2506 2540 2899 2610 voluntatem,
2927 2540 2990 2596 id
3029 2545 3121 2596 est
3149 2538 3408 2595 liberum
3442 2538 3741 2596 arbitrium
3776 2554 3873 2593 se-

2216 2630 2485 2687 cundum
2516 2633 2570 2685 te
2617 2632 2886 2685 creatum
2940 2626 3226 2683 divinitus
3284 2626 3665 2699 approbares,
3691 2624 3866 2697 quod

2217 2724 2419 2777 tamen
2450 2718 2682 2774 donum
2738 2717 3021 2774 indebitae
3050 2716 3341 2787 largitatis
3370 2715 3475 2772 Dei
3524 2731 3658 2771 cum
3712 2713 3877 2770 ﬁdes

2218 2808 2511 2867 catholica
2538 2807 2918 2865 intellectuali
2959 2812 3267 2875 creaturas,
3297 2810 3356 2862 et
3399 2805 3681 2877 angelica:
3708 2805 3881 2861 vidc-

2215 2892 2352 2955 licet
2401 2903 2458 2955 et
2504 2898 2787 2955 humanae
2817 2896 3104 2954 collatum
3133 2895 3436 2969 praedicet,
3463 2895 3751 2952 nimirum
3786 2911 3888 2951 se-

452 3001 898 3059 contumaciam
952 3000 1438 3074 porrigentes,ut
1474 3017 1599 3058 non
1657 3017 1779 3059 sute
1800 2984 2110 3061 voluntati

2221 2990 2420 3062 quitur
2442 2993 2510 3044 ut
2537 2986 2816 3045 eamdem
2861 2986 3329 3060 imperfectionis
3355 2988 3563 3042 notam
3589 2984 3890 3056 angelica:

451 3092 696 3165 culpam
727 3090 1255 3164 prt'evaricationis,
1281 3090 1388 3147 sed
1417 3090 1797 3165 dispositioni
1827 3092 2107 3149 Condito-

450 3180 532 3237 ris
556 3179 943 3247 ascriberent,
971 3179 1076 3252 qui
1109 3178 1201 3235 vel
1230 3183 1567 3252 serpentem
1592 3179 1876 3253 paradiso
1914 3181 2110 3238 admi-

453 3269 610 3337 serit,
639 3267 731 3326 vel
785 3268 1099 3325 mulierem
1155 3267 1284 3324 viro
1335 3266 1563 3324 sociam
1620 3268 1886 3337 dederit;
1934 3271 2113 3343 quasi

454 3362 727 3416 creatura
754 3357 1056 3430 quaelibet,
1084 3372 1209 3412 non
1228 3361 1460 3412 naturae
1483 3357 1757 3414 conditor
1785 3363 2112 3428 auctorque

455 3445 740 3521 praecepti
774 3444 940 3500 solus
970 3443 1310 3500 audiendus
1353 3445 1817 3519 sequendusque
1869 3446 2112 3504 indubi-

455 3539 651 3592 tanter
674 3532 842 3600 foret,
858 3548 997 3588 cum
1025 3532 1519 3601 transgressionis
1541 3549 1748 3591 eorum
1781 3551 1965 3593 causa
1984 3536 2116 3592 nul-

454 3623 516 3680 la
545 3621 619 3678 sit
648 3620 766 3677 alia
820 3635 1009 3692 quam
1064 3620 1265 3677 liberte
1314 3620 1637 3679 voluntatis
1689 3629 2024 3696 spontanea
2052 3624 2115 3682 in

456 3710 740 3768 inferiora
768 3708 1044 3767 deﬂexio.
1068 3712 1152 3766 Tu
1182 3714 1444 3781 econtra,
1463 3711 1608 3783 quia
1622 3716 1877 3769 mortem
1908 3729 2117 3787 corpo-

457 3800 507 3858 ri
537 3803 718 3873 atque
748 3799 967 3857 animae
999 3803 1242 3873 propter
1264 3799 1780 3873 imperfectionem
1812 3802 1904 3859 sui
1933 3803 2118 3861 obve-

458 3891 616 3948 nisse
643 3889 816 3954 dicis,
850 3904 1099 3946 causam
1147 3890 1356 3947 mortis
1388 3893 1507 3948 Deo
1540 3890 1832 3963 assignas,
1863 3893 1969 3967 qui
2014 3894 2120 3951 ho-

458 3981 686 4038 minem
711 3979 913 4037 fecerit
935 3978 1373 4054 imperfectum.
1417 3980 1474 4039 Si
1503 3981 1664 4039 enim
1698 3983 2032 4040 secundum
2062 3987 2119 4041 te

458 4069 843 4143 imperfectus
872 4073 962 4125 est
1006 4069 1308 4139 conditus,
1340 4071 1608 4140 sequitur
1636 4077 1702 4129 ut
1754 4071 1960 4146 lapsus
1990 4074 2120 4145 ejus

461 4158 537 4216 de
564 4157 1015 4231 imperfectione
1037 4159 1303 4230 veniens,
1335 4175 1459 4216 non
1503 4159 1617 4233 ipsi
1664 4160 1983 4234 deputetur
2012 4161 2122 4219 sed

463 4251 614 4304 Deo:
639 4247 804 4319 quod
832 4262 1022 4319 quam
1048 4248 1123 4304 sit
1143 4248 1399 4321 impium
1431 4252 1487 4305 et
1506 4264 1542 4306 a
1569 4249 1811 4306 veritate
1833 4249 2116 4319 alienum,

2218 3084 2502 3136 creaturae
2535 3078 2779 3135 aduras.
2804 3077 2862 3134 Si
2890 3077 3053 3134 enim
3077 3080 3351 3150 uterque,
3373 3075 3620 3146 angelus
3651 3074 3893 3132 scilicet

2219 3172 2276 3224 et
2300 3169 2509 3236 homo,
2525 3166 2783 3224 liberum
2806 3165 3120 3223 arbitrium
3139 3164 3410 3235 largitate
3431 3162 3776 3221 Conditoris
3799 3168 3896 3221 est

2220 3260 2597 3323 consecutus,
2614 3270 2857 3311 necesse
2878 3258 2964 3310 est
2985 3257 3090 3311 aut
3109 3258 3432 3326 utrumque
3459 3251 3893 3325 imperfectum

2221 3360 2474 3413 asseras,
2506 3350 2610 3402 aut
2639 3360 2762 3402 non
2792 3343 3104 3416 mqualiter
3131 3341 3361 3399 arbitrii
3382 3340 3652 3399 libertate
3682 3340 3899 3398 dona-

2222 3421 2371 3504 tutn,
2401 3434 2569 3508 quod
2599 3438 2654 3490 te
2685 3433 3029 3490 nullatenus
3055 3448 3190 3490 reor
3217 3447 3532 3502 ausurum,
3561 3431 3665 3504 qui
3706 3432 3897 3488 toties

2221 3522 2471 3580 liberam
2514 3522 2885 3579 voluntatem
2912 3522 3225 3595 utriusque
3253 3518 3560 3577 rationalis
3588 3524 3896 3577 creaturae

2223 3611 2403 3668 etiam
2429 3610 2565 3684 plus
2595 3626 2783 3684 quam
2816 3610 3139 3667 necessitas
3166 3613 3439 3682 posceret
3462 3607 3796 3664 astruxisti.
3834 3610 3898 3666 Si

2225 3714 2368 3769 ergo
2394 3704 2629 3756 constat
2658 3703 2983 3772 utrumque
3009 3697 3282 3755 libertate
3311 3697 3628 3761 donatum,
3645 3702 3899 3754 constat

2224 3792 2547 3862 utrumque
2565 3804 2683 3846 non
2694 3832 2708 3859 ,
2722 3792 2787 3845 ut
2804 3787 3090 3858 somnias,
3104 3786 3469 3860 imperfecte,
3482 3784 3605 3853 sed,
3621 3785 3898 3842 uthabet

2225 3876 2460 3948 veritas,
2480 3877 2736 3950 perfecte
2763 3881 3054 3933 creatum.
3077 3876 3407 3933 Perfectum
3424 3889 3567 3930 vero
3590 3873 3898 3943 angelum

2225 3966 2690 4040 primordialiter
2718 3965 3027 4024 conditum
3052 3969 3301 4023 testatur
3327 3963 3640 4038 propheta,
3667 3963 3777 4035 qui
3793 3963 3898 4019 la-

2226 4056 2363 4130 psui
2392 4056 2525 4128 ejus
2557 4055 2896 4112 voluntario
2927 4053 3299 4128 exprobrans
3328 4054 3411 4109 ait
3442 4070 3456 4108 :
3492 4054 3578 4108 Tu
3597 4053 3897 4122 signacu-

2231 4147 2353 4203 lum
2384 4145 2797 4203 similitudinis
2822 4145 2933 4201 Dei
2954 4145 3262 4215 perfectus
3310 4142 3522 4199 decore
3548 4142 3607 4196 in
3650 4139 3903 4198 deliciis

2222 4234 2503 4304 paradisi
2521 4234 2634 4290 Dei
2653 4234 2835 4304 fuisti
2864 4233 3097 4303 (Ezech.
3128 4247 3335 4299 xxvni,
3363 4233 3482 4299 t2);
3507 4234 3565 4286 et
3594 4227 3904 4286 Dominus

464 4317 724 4438 perfecto
774 4317 923 4437 nulli
963 4317 1251 4394 dubitare
1285 4337 1661 4411 permittitur.
1696 4337 1865 4394 Fides
1913 4317 2111 4396 autem

2229 4323 2310 4380 ad
2354 4322 2486 4378 Job.
2526 4325 2659 4392 Ipse
2686 4329 2770 4379 est
2801 4323 3172 4392 principium
3204 4321 3442 4378 viarum
3488 4319 3599 4375 Dei
3623 4317 3762 4388 (Job
3796 4334 3903 4391 ιι,

2238 4412 2322 4438 ιι.
2377 4427 2629 4438 -..ιι-...Μ
2664 4410 3147 4438 -..υιηκηιζΑσ-,ηκ
3206 4408 3418 4438 ιαμ-ειη.
3469 4405 3789 4438 (“Mans-ing-
3840 4408 3901 4438 ς..

466 4423 760 4481 catholica
787 4424 1143 4483 inconcusse
1172 4408 1331 4483 tenet
1360 4430 1418 4484 et
1444 4426 1752 4500 praedicat,
1781 4427 2111 4486 humanam

2236 4412 2344 4483 14),
2375 4427 2634 4484 quorum
2663 4410 3151 4484 explanationem
3205 4408 3420 4465 beatus
3468 4408 3790 4477 Gregorius
3836 4408 3906 4465 in

463 4519 746 4571 naturam
770 4518 995 4573 rectam
1021 4520 1202 4590 atque
1230 4515 1558 4589 perfectam
1586 4532 1625 4574 a
1653 4516 1928 4575 Creatore
1955 4534 2121 4575 sum-

463 4617 563 4659 me
609 4605 668 4660 et
720 4602 1100 4675 singulariter
1126 4603 1292 4662 bono
1321 4604 1648 4674 conditam,
1694 4606 2120 4681 omnibusque,

464 4690 688 4765 quibus
709 4707 846 4750 eam
869 4692 1204 4750 secundum
1224 4697 1547 4767 utramque
1564 4693 1964 4753 substantiam
1985 4711 2125 4753 con-

466 4777 672 4837 sistere
694 4780 1007 4851 judicavit,
1038 4780 1215 4839 bonis
1257 4781 1547 4841 donatam
1581 4800 1595 4840 :
1625 4783 1852 4859 quippe
1908 4784 2004 4843 cui
2035 4800 2125 4842 se-

468 4869 738 4926 cundum
786 4885 1007 4943 corpus
1027 4871 1177 4929 nihil
1205 4872 1445 4931 honesti
1469 4873 1677 4945 defuit,
1711 4878 1767 4932 et
1786 4874 2123 4932 secundum

468 4954 738 5013 animam
765 4957 916 5014 nihil
934 4959 1167 5018 decoris
1189 4960 1401 5030 abfuit,
1426 4962 1579 5020 adeo
1610 4967 1675 5020 ut
1701 4962 2010 5022 liberrima
2027 4980 2125 5022 vo-

467 5043 697 5101 luntate
751 5043 978 5104 donato
1006 5063 1245 5122 semper
1272 5049 1521 5109 haberet
1548 5051 1807 5109 liberum
1837 5052 2123 5109 inhaerere

469 5129 795 5204 Conditori,
830 5132 880 5189 si
910 5135 1182 5193 mandati
1228 5138 1570 5196 custodiam
1626 5138 1976 5196 obedienter
2003 5154 2124 5194 ser-

467 5219 731 5279 vavisset
760 5237 774 5279 :
807 5237 878 5280 ac
902 5239 1010 5298 per
1032 5225 1149 5283 hoc
1172 5227 1342 5285 nulla
1366 5228 1738 5295 necessitate,
1767 5225 1875 5284 sed
1916 5225 2125 5284 volun-

468 5309 608 5368 tatis
637 5312 882 5386 propria
908 5312 1180 5373 libertate
1212 5317 1503 5389 peccavit,
1534 5331 1721 5389 quam
1775 5313 2121 5372 nullatenus

466 5398 663 5472 potuit
687 5400 929 5474 evitare,
959 5402 1105 5476 quia
1142 5403 1475 5460 secundum
1522 5408 1580 5459 te
1608 5400 1993 5474 imperfectus
2030 5406 2123 5460 est

470 5485 748 5545 conditus
776 5505 789 5545 :
820 5489 1189 5563 imperfectio
1217 5505 1361 5562 ergo
1393 5490 1528 5562 ipsa
1553 5488 1893 5547 necessario
1923 5489 2121 5563 impu-

467 5569 535 5628 lit
556 5572 637 5629 ad
663 5577 1043 5648 peccandum
1070 5594 1084 5634 :
1117 5577 1223 5651 qui
1251 5576 1413 5634 enim
1442 5576 1887 5650 imperfectione
1944 5594 2119 5637 man-

468 5660 683 5723 datum
707 5664 965 5725 auctoris
994 5666 1328 5741 transgredi
1357 5665 1706 5749 compulsus
1725 5670 1833 5745 est,
1847 5668 1976 5747 jam
1991 5683 2120 5728 non

790 5827 817 5879 ιι
1400 5864 1405 5868 .
1441 5842 1450 5856 ι

805 5875 837 5909 ’1
872 5901 880 5909 ,
975 5905 980 5909 ,
1028 5900 1065 5908 ν.
1099 5903 1105 5909 .
1348 5876 1422 5909 νηδδ
1491 5860 1569 5909 ο·ιέ

725 5892 731 5899 ι
805 5882 837 5909 'I
872 5901 880 5912 _.
1028 5900 1065 5908 ν.
1099 5903 1105 5909 .
1364 5882 1422 5911 ην
1491 5882 1567 5915 σιμ

850 5910 854 5919 Υ
895 5905 1091 5931 ι.ςιλιινλ.⁴Α
1122 5920 1126 5925 “
1343 5908 1353 5927 ⁸
1396 5910 1403 5921 ’⁵

900 5995 905 6001 .
916 5956 1065 6031 λ’“

2229 4499 2384 4558 libro
2412 4499 2719 4558 Moralium
2751 4515 2915 4556 xxxn
2943 4501 3100 4571 (cap.
3138 4500 3244 4569 t8).
3278 4497 3364 4554 Ita
3392 4495 3737 4569 exsequitur
3773 4513 3792 4551 :

2302 4588 2491 4661 [Velut
2519 4588 2569 4646 si
2611 4593 2814 4662 aperte
2842 4587 3066 4644 diceret
3096 4604 3111 4643 :
3166 4585 3388 4642 Idcirco
3415 4585 3494 4641 ad
3520 4590 3647 4641 tam
3694 4584 3906 4643 multa

2230 4677 2455 4736 fortiter
2483 4676 2719 4745 sufﬁcit,
2750 4676 2896 4750 quia
2921 4676 2982 4732 in
3014 4680 3231 4732 natura
3259 4691 3462 4731 rerum
3492 4674 3655 4730 hunc
3682 4688 3906 4731 crean-

2229 4768 2309 4826 do
2372 4776 2483 4843 per
2560 4765 2961 4824 substantiam
3032 4763 3315 4821 Conditor
3396 4762 3662 4837 primum
3727 4760 3906 4820 fecit.

2230 4859 2384 4926 Quid
2431 4858 2590 4916 enim
2631 4857 2760 4914 vias
2793 4854 3026 4914 Domini
3078 4854 3193 4911 nisi
3242 4853 3374 4925 ejus
3422 4852 3689 4910 actiones
3736 4855 3910 4911 acci-

2229 4949 2452 5022 pimus,
2503 4948 2578 5004 de
2632 4946 2856 5020 quibus
2917 4961 3024 5019 per
3078 4944 3441 5017 prophetam
3496 4942 3640 4999 dicit
3694 4942 3907 4999 :Nan

2230 5039 2384 5095 enim
2415 5042 2557 5094 sunt
2597 5038 2708 5094 viae
2742 5050 2886 5093 mea:
2923 5036 3077 5091 sicut
3110 5036 3219 5091 viae
3266 5038 3477 5090 vestra
3506 5033 3648 5100 (Isa.
3682 5047 3787 5099 ιγ,
3823 5035 3907 5102 8).

2231 5132 2298 5186 Et
2319 5127 2683 5202 principium
2710 5126 2947 5184 viarum
2976 5124 3080 5181 Dei
3103 5123 3435 5181 Behemoth
3479 5121 3719 5189 dicitur,
3745 5124 3911 5195 quia

2229 5218 2514 5276 nimirum
2565 5232 2707 5274 cum
2752 5220 2969 5273 cuncta
3020 5229 3233 5271 creans
3276 5216 3501 5284 ageret,
3553 5210 3721 5267 hunc
3776 5212 3911 5283 pri-

2229 5324 2401 5365 mum
2455 5305 2740 5374 condidit,
2791 5320 2976 5378 quem
3021 5302 3267 5377 reliquis
3333 5300 3564 5373 angelis
3615 5299 3905 5357 eminen-

2229 5398 2440 5454 tiorem
2467 5394 2623 5453 fecit.
2659 5396 2842 5467 Hujus
2885 5394 3178 5467 primatus
3216 5391 3609 5449 eminentiam
3653 5390 3907 5463 conspio

2230 5487 2308 5543 cit
2334 5485 2630 5560 propheta
2662 5501 2802 5542 cum
2830 5484 2972 5541 dicit
3004 5502 3017 5541 :
3049 5483 3232 5541 Cedri
3258 5497 3380 5539 non
3414 5483 3674 5552 fuerunt
3705 5480 3907 5536 altio-

2231 5591 2323 5633 res
2353 5576 2460 5631 ilto
2488 5577 2551 5632 in
2595 5576 2888 5647 paradiso
2932 5575 3086 5645 Dei;
3136 5574 3353 5631 abietes
3382 5587 3503 5628 non
3534 5570 3904 5642 adaequave-

2231 5671 2378 5723 runt
2405 5667 2803 5724 summitatem
2826 5667 2992 5737 ejus;
3009 5664 3261 5736 platani
3278 5678 3399 5721 non
3426 5662 3680 5733 fueramt
3706 5674 3904 5732 aqua:
