4112 6184
1153 220 1239 274 DE
1280 220 1950 281 PREDESTINATIONE
1987 225 2262 284 CONTRA
2301 230 2352 286 J.
2394 231 2701 291 SCOTUM.

229 334 558 440 frondibus
579 337 768 440 illius.
795 339 978 397 Omne
994 343 1221 440 lignum
1235 346 1628 440 paradisiDei
1648 363 1768 404 non
1800 355 1882 405 est
1917 358 1964 410 Α
1999 351 2280 420 diximus,
2330 357 2494 425 regio
2545 357 2697 432 lapis
2728 359 2884 416 ﬁxus
2915 369 3203 421 maneret.
3241 365 3462 424 Habuit
3505 385 3648 440 ergo

237 413 638 480 assinu'latum
670 427 768 481 illi
813 434 868 483 et
920 431 1374 498 pulchritudini
1407 437 1556 504 ejus,
1606 439 1887 507 quoniam

234 514 566 581 speciosum
591 515 737 584 fecit
767 531 900 572 eum
927 519 990 572 in
1020 520 1224 575 multis
1257 523 1681 596 condensisque
1723 527 1891 596 fron-

232 601 410 657 dibus
435 604 666 672 (Ezech.
694 621 850 675 xxxr,
879 610 930 668 8,
967 609 1040 678 9).
1069 608 1178 674 Qui
1199 625 1466 684 namque
1495 615 1683 688 accipi
1704 615 1764 672 in
1796 632 1891 673 ce-

235 690 384 759 dris,
413 691 715 748 abietibus
766 699 824 751 et
850 695 1109 767 platanis
1141 706 1415 771 possunt,
1448 703 1561 759 nisi
1591 705 1690 762 illa
1721 706 1895 762 virtu-

235 785 368 837 tum
412 781 742 840 caelestium
793 802 1056 858 procerae
1109 788 1478 848 celsitudinis
1526 795 1788 864 agmina,
1829 797 1890 852 in

225 874 468 926 internae
496 870 708 928 laetitiae
764 874 1054 932 viriditate
1081 877 1350 949 plantata
1371 881 1398 936 ?
1428 898 1563 954 qum
1609 885 1886 956 quamvis

232 959 472 1016 excelsa
502 960 618 1017 sint
645 962 906 1033 condita,
935 964 1073 1020 huic
1102 970 1305 1023 tamen
1325 984 1435 1025 nec
1451 970 1701 1042 praelata
1729 980 1888 1031 sunt.

231 1064 349 1104 nec
378 1054 637 1121 aequata.
669 1051 776 1114 Qui
808 1052 1116 1124 speciosus
1165 1055 1360 1113 factus
1399 1058 1461 1114 in
1505 1060 1708 1117 multis
1755 1079 1894 1118 con-

231 1138 568 1212 densisque
607 1140 923 1197 frondibus
953 1143 1189 1213 dicitur,
1221 1147 1324 1218 qui
1366 1149 1681 1220 praelatum
1725 1157 1891 1208 ciete-

229 1227 316 1284 ris
333 1227 690 1298 legionibus,
713 1235 877 1286 tanto
899 1231 1068 1288 illum
1091 1234 1318 1307 species
1338 1237 1740 1308 pulchriorem
1763 1242 1893 1298 red-

231 1315 406 1383 didit,
430 1320 658 1388 quanto
689 1318 818 1389 [al.,
839 1321 1088 1394 quanta]
1111 1327 1168 1378 et
1193 1325 1505 1396 supposita
1538 1326 1889 1396 angelorum

231 1404 566 1460 multitudo
587 1405 910 1463 decoravit.
946 1409 1060 1465 Ista
1091 1409 1268 1466 arbor
1290 1411 1351 1467 in
1381 1415 1662 1486 paradiso
1689 1416 1784 1471 Dei
1811 1420 1892 1472 tot

229 1493 410 1566 quasi
441 1494 776 1550 condensas
801 1495 1043 1553 frondes
1070 1499 1298 1567 habuit,
1331 1508 1477 1574 quot
1499 1504 1610 1559 sub
1642 1520 1703 1560 se
1733 1505 1892 1578 posi-

230 1588 325 1639 tas
357 1585 1085 1657 supernorumfspirituum
1107 1587 1373 1659 legiones
1391 1593 1658 1649 attendit.
1691 1595 1799 1660 Qui
1833 1600 1890 1650 et

2004 439 2158 511 lapis
2199 443 2306 499 iste
2338 445 2657 512 foramina,
2692 449 2796 505 sed
2818 466 2924 522 per
2954 453 3249 524 superbiae
3275 455 3486 513 vitium
3519 439 3662 516 cha-

1999 529 2190 586 ritatis
2223 548 2371 589 auro
2403 551 2524 592 non
2555 540 2692 594 sunt
2741 539 2985 612 repleta.
3044 544 3190 597 Nam
3242 544 3385 616 quia
3431 545 3652 604 idcirco

2007 619 2363 690 colligantur
2388 639 2536 681 auro
2569 642 2642 681 ne
2696 628 2936 695 cadant,
2999 629 3222 687 idcirco
3265 633 3373 689 iste
3428 635 3660 706 cecidit,

2001 708 2144 779 quia
2175 709 2355 766 etiam
2387 714 2721 784 perforatus
2754 733 2939 773 manu
2981 719 3248 787 artiﬁcis,
3276 725 3500 779 amoris
3529 725 3660 780 vin-

1999 795 2148 850 culis
2173 796 2346 868 ligari
2377 803 2754 876 contempsit.
2776 808 2941 860 Nunc
2971 811 3172 862 autem
3195 811 3387 865 caueri
3408 811 3658 882 lapides,

1999 883 2102 955 qui
2143 885 2282 942 huic
2324 887 2592 945 similiter
2621 892 2858 950 fuerant
2883 895 3188 966 perforati,
3219 903 3567 970 penetrante
3599 917 3660 957 se

1996 971 2252 1030 invicem
2282 976 2564 1034 cliaritate
2585 980 2749 1049 ligati
2772 987 2929 1049 sunt,
2969 987 3149 1055 atque
3171 985 3286 1041 hoc
3307 986 3366 1042 in
3389 1004 3657 1056 munere,

1995 1059 2111 1115 isto
2141 1063 2411 1133 cadente,
2448 1073 2798 1124 meruerunt
2846 1074 2908 1125 ut
2954 1086 3344 1145 nequaquam
3392 1075 3520 1146 jam
3580 1077 3656 1132 de

1999 1159 2356 1210 ornamento
2387 1157 2550 1226 regio
2577 1157 2851 1215 cadendo
2883 1159 3204 1216 solvantur.
3259 1163 3448 1235 Hujus
3479 1165 3646 1237 prin-
3686 1158 3696 1168 ’

1999 1237 2229 1310 cipatus
2252 1243 2665 1302 celsitudinem
2685 1247 2884 1303 adhuc
2908 1248 3067 1305 idem
3091 1252 3656 1324 prophetaintuens,

1997 1327 2273 1399 adjungit
2299 1349 2312 1386 :
2345 1335 2429 1389 Tu
2452 1335 2673 1391 cherub
2700 1343 2974 1393 extentus
3005 1344 3058 1394 et
3073 1345 3389 1409 protegens
3417 1343 3476 1397 in
3491 1359 3658 1399 mon-

1997 1421 2054 1472 te
2081 1427 2286 1476 sancto
2319 1425 2437 1492 Dei,
2471 1427 2533 1480 in
2562 1427 2752 1481 medio
2779 1427 3051 1496 lapidum
3073 1429 3399 1499 ignitorum
3430 1435 3659 1502 perfec—

1998 1512 2092 1561 tus
2103 1509 2454 1567 ambulastis
2468 1515 2940 1584 (Ezech.xxvm,l
2960 1519 3058 1587 4)(
3070 1519 3275 1574 ι¹Ιιθνιιὺ
3295 1520 3520 1592 quippe
3536 1523 3658 1590 ple-

1998 1597 2206 1652 nitudo
2222 1601 2930 1676 scientia?interpretatur,
2955 1610 3011 1662 et
3039 1605 3260 1662 idcirco
3295 1608 3401 1663 iste
3434 1609 3658 1664 cherub

225 1670 456 1728 idcirco
476 1688 732 1744 peccans
758 1673 882 1729 sine
899 1675 1073 1733 venia
1093 1675 1418 1734 damnatus
1455 1686 1560 1751 est,
1587 1681 1731 1755 quia
1760 1699 1886 1739 ma-
1925 1709 1968 1762 Β
1996 1684 2228 1756 dicitur,
2257 1691 2399 1763 quia
2419 1670 2824 1749 trancendisse
2846 1699 3092 1752 cunctos
3120 1696 3368 1753 scientia
3401 1713 3522 1753 non
3551 1698 3658 1754 du-

229 1775 393 1830 gnus
424 1760 546 1817 sine
590 1763 1040 1834 comparatione
1087 1765 1278 1824 fuerat
1322 1775 1577 1826 creatus.
1633 1771 1777 1827 Hinc
1834 1773 1885 1828 ei

225 1866 473 1906 rursum
495 1866 600 1923 per
630 1853 912 1908 eumdem
932 1855 1288 1928 prophetam
1305 1856 1520 1914 dicitur
1544 1877 1556 1914 :
1585 1861 1671 1916 Tu
1690 1863 1890 1933 signa-

227 1941 437 1996 culum
469 1941 884 1998 similitudinis
908 1944 1034 2010 Dei,
1054 1945 1273 2014 plenus
1301 1949 1598 2017 sapientia
1653 1957 1708 2006 et
1753 1967 1888 2020 per-

221 2030 424 2100 fectus
441 2030 666 2097 decore,
693 2032 752 2086 in
773 2032 1005 2088 deliciis
1021 2035 1302 2103 paradisi
1319 2038 1427 2092 Dei
1439 2039 1622 2107 fuisti
1649 2040 1885 2112 (Ezech.

225 2135 417 2174 xxvm
455 2121 558 2190 l2).
579 2119 752 2176 Multa
780 2121 941 2176 enim
971 2121 1046 2177 de
1069 2123 1198 2194 ejus
1219 2126 1634 2194 magnitudine
1663 2129 1890 2185 locutu-

226 2224 334 2264 rus
366 2208 562 2280 primo
592 2210 775 2265 verbo
798 2215 1013 2268 cuncta
1033 2213 1386 2284 complexus
1409 2221 1516 2272 est.
1543 2217 1694 2283 Quid
1721 2234 1891 2276 nam-

227 2312 351 2368 que
378 2296 520 2353 boni
551 2313 673 2352 non
703 2298 933 2366 habuit,
977 2299 1025 2355 si
1079 2301 1459 2370 signaculum
1487 2303 1586 2360 Dei
1616 2305 1888 2362 similitu-

226 2385 388 2440 dinis
409 2385 521 2441 fuit
546 2386 573 2442 ?
625 2388 702 2442 De
758 2387 1071 2457 signaculo
1104 2390 1233 2460 [al.,
1281 2390 1496 2460 sigillo]
1528 2393 1753 2466 quippe
1785 2410 1891 2450 an-

225 2474 358 2530 nuli
387 2475 518 2531 talis
551 2475 876 2532 similitudo
908 2477 1309 2548 imaginaliter
1329 2481 1698 2553 exprimitur,
1739 2500 1889 2556 qua-

223 2565 301 2621 lis
335 2564 393 2620 in
426 2565 616 2634 sigillo
655 2566 868 2622 eodem
901 2568 1293 2626 essentialiter
1328 2570 1602 2628 habetur.
1640 2576 1704 2628 Et
1756 2573 1891 2631 licet

222 2655 414 2712 homo
451 2653 530 2708 ad
556 2654 1005 2712 similitudinem
1039 2658 1137 2713 Dei
1163 2662 1394 2714 creatus
1415 2660 1505 2727 sit,
1537 2661 1751 2731 angelo
1806 2667 1889 2718 ta—

225 2759 384 2799 rmen
411 2744 584 2820 quasi
614 2744 813 2815 majus
835 2745 1062 2818 aliquid
1081 2746 1366 2820 tribuens,
1389 2765 1509 2805 non
1536 2766 1675 2807 eum
1706 2752 1784 2808 ad
1810 2752 1888 2808 si-

228 2833 629 2890 militudinem
666 2835 761 2890 Dei
787 2835 1118 2906 conditum,
1152 2839 1254 2894 sed
1284 2839 1484 2912 ipsum
1507 2840 1888 2912 signaculum

228 2923 343 2978 Dei
373 2923 776 2980 similitudinis
805 2924 966 2992 dicit,
999 2930 1064 2982 ut
1089 2943 1212 2999 quo
1267 2929 1538 2986 subtilior
1579 2936 1671 2987 est
1694 2931 1755 2986 in
1784 2947 1889 2988 na-

231 3019 392 3082 tura,
435 3029 503 3067 eo
534 3012 592 3068 in
618 3013 717 3069 illo
739 3014 1066 3071 similitudo
1089 3016 1190 3072 Dei
1219 3016 1453 3090 plenius
1471 3017 1600 3092 [al.,
1629 3021 1890 3093 penitus-

233 3102 518 3158 credatur
547 3119 851 3175 expressa.
905 3104 1052 3160 Hinc
1081 3110 1170 3161 est
1213 3107 1380 3178 quod
1408 3107 1702 3180 primatus
1757 3111 1887 3180 ejus

233 3192 570 3266 potentiam
602 3193 806 3250 adhuc
852 3193 1170 3250 insinuans
1199 3195 1361 3252 idem
1416 3198 1713 3270 propheta
1755 3199 1891 3254 sub-

239 3283 479 3353 jungit:
512 3284 707 3338 Omnis
736 3285 889 3354 lapis
911 3287 1210 3354 pretiosus
1237 3288 1663 3356 operimentum
1698 3295 1885 3358 tuum,

237 3371 502 3436 sardius,
524 3377 576 3427 et
601 3375 881 3442 topazius,
915 3379 967 3430 et
983 3376 1203 3443 jaspis,
1236 3377 1666 3444 chrysolithus,
1699 3394 1885 3447 onyx,

229 3465 289 3515 et
321 3459 587 3529 berillus,
619 3463 962 3533 sapphirus,
1011 3465 1419 3520 carbunculus
1446 3471 1503 3521 et
1529 3468 1887 3537 smaragdus

229 3549 425 3619 (ibid,
461 3550 563 3618 l3).
608 3553 830 3606 Novem
853 3551 1000 3606 dixit
1027 3567 1247 3621 genera
1293 3553 1588 3626 lapidum,
1620 3555 1764 3628 quia
1793 3556 1884 3611 ni-

218 3638 445 3694 mirum
467 3653 680 3694 novem
712 3645 853 3695 sunt
881 3640 1122 3696 ordines
1152 3642 1527 3712 angelorum.
1559 3647 1708 3702 Nam
1740 3662 1879 3702 cum

224 3743 334 3798 per
361 3727 493 3799 ipsa
539 3743 710 3783 sacra
740 3727 981 3801 eloquia
1011 3730 1227 3799 angeli,
1263 3733 1630 3804 archangeli,
1663 3735 1881 3802 throni,

219 3815 687 3878 dominationes,
745 3818 1010 3886 virtutes,
1082 3819 1482 3893 principatus,
1536 3828 1880 3894 potestates,

225 3906 542 3963 cherubim
575 3911 755 3978 atque
789 3908 1096 3980 seraphim
1128 3915 1336 3981 aperta
1365 3912 1704 3968 narratione
1761 3929 1888 3968 me-

220 4000 561 4066 morantur,
624 4013 1022 4069 supernorum
1067 3997 1284 4054 civium
1312 4005 1553 4071 quantze
1595 4001 1714 4056 sint
1759 4001 1883 4056 dis-

223 4086 540 4142 tinctiones
592 4087 945 4144 ostenditur.
1007 4087 1234 4154 Quibus
1288 4093 1488 4145 tamen
1557 4091 1886 4147 Behemoth

222 4175 334 4231 iste
367 4180 610 4248 cpertus
635 4175 814 4231 fuisse
835 4175 1195 4232 describitur
1219 4195 1231 4246 ;
1261 4178 1403 4250 quia
1424 4194 1526 4234 eos
1557 4181 1730 4252 quasi
1759 4197 1886 4238 ves-

222 4269 348 4320 tem
381 4264 456 4320 art
485 4270 910 4321 ornamentum
960 4282 1137 4322 suum
1184 4266 1414 4335 habuit,
1444 4284 1705 4341 quorum
1736 4269 1884 4329 dum

223 4353 560 4410 claritatem
580 4353 1042 4421 transcenderet,
1075 4371 1147 4410 ex
1195 4371 1405 4413 eorum
1434 4359 1884 4430 comparatione

224 4443 602 4510 clariorjuit.
647 4445 726 4500 De
756 4444 929 4514 cujus
959 4444 1075 4501 illic
1095 4445 1295 4502 adhuc
1322 4447 1718 4522 descriptione
1749 4450 1887 4506 sub-

222 4533 430 4604 jungit
461 4534 725 4589 :Aurum
753 4549 900 4602 opus
929 4533 1156 4590 decoris
1195 4536 1303 4602 tui,
1337 4541 1392 4592 et
1427 4539 1735 4606 foramina
1780 4546 1884 4597 tua

228 4624 295 4677 in
328 4622 428 4678 die
453 4638 567 4692 qua
586 4623 860 4679 conditus
886 4639 964 4691 es,
991 4631 1346 4693 przeparata
1374 4633 1513 4682 sunt
1543 4629 1732 4701 (Ibid)
1763 4632 1885 4685 Au-

228 4728 371 4767 rum
401 4727 555 4784 opus
586 4712 819 4769 decoris
849 4713 980 4784 ejus
1009 4712 1254 4775 exstitit,
1281 4715 1423 4785 quia
1447 4717 1751 4788 sapientiae
1770 4719 1887 4776 cla-

229 4800 402 4854 ritate
419 4800 663 4856 cauduit
682 4817 869 4873 quam
892 4801 1044 4857 bene
1067 4804 1299 4857 creatus
1320 4804 1566 4874 accepit.
1612 4807 1886 4865 Forami-

232 4904 320 4944 na
348 4905 486 4945 vero
516 4889 736 4946 idcirco
756 4889 818 4946 in
836 4889 1140 4962 lapidibus
1160 4889 1332 4959 ﬁunt,
1363 4892 1710 4950 utvinculati
1734 4911 1882 4954 auro

227 4979 294 5034 in
337 4979 677 5036 ornamenti
707 4979 1142 5050 compositione
1169 4980 1521 5051 jungantur,
1555 4986 1609 5039 et
1649 4999 1878 5058 nequa-

226 5083 425 5140 quam
448 5085 484 5124 a
498 5085 560 5124 se
581 5067 1089 5140 dissideant,quos
1103 5067 1683 5140 interfusumjaurum
1701 5073 1886 5146 reple-

230 5156 307 5211 tis
329 5155 1100 5227 foraminibusligat.Hujus
1112 5174 1253 5230 ergo
1271 5157 1564 5231 lapidisin
1577 5161 1672 5218 die
1685 5163 1886 5220 condi-

226 5245 412 5302 tionis
485 5263 608 5302 suae
663 5246 961 5303 foramina
1010 5253 1286 5320 reparata
1356 5250 1486 5321 [al.,
1525 5254 1885 5324 praeparata]

227 5340 378 5391 sunt
414 5335 561 5409 quia
601 5335 874 5393 videlicet
909 5351 1099 5408 capax
1142 5337 1442 5394 charitatis
1471 5344 1560 5394 est
1588 5340 1882 5396 conditus.

226 5425 365 5489 Qua
389 5424 440 5478 si
471 5425 684 5498 repleri
703 5423 1010 5492 voluisset,
1033 5425 1325 5482 stantibus
1347 5425 1576 5494 angelis
1594 5430 1886 5499 tanquam

225 5511 446 5585 positis
464 5513 524 5570 in
549 5515 706 5584 regis
738 5513 1404 5587 ornamentolapidibus
1432 5514 1890 5588 potuissetetin-

223 5601 481 5658 haerere.
517 5603 575 5659 Si
604 5604 765 5660 enim
794 5603 1092 5660 charitatis
1123 5619 1270 5661 auro
1308 5619 1434 5658 sese
1458 5605 1888 5675 penetrabilem

224 5689 613 5764 praebuisset,
641 5691 863 5749 sanctis
889 5690 1115 5762 angelis
1145 5691 1422 5761 sociatus,
1445 5691 1506 5750 in
1532 5698 1886 5754 ornamento

1995 1782 2237 1851 bitatur,
2263 1781 2368 1852 qui
2398 1781 2457 1836 in
2489 1783 2688 1838 medio
2734 1783 3007 1856 lapidum
3051 1785 3374 1854 ignitorum
3429 1787 3656 1859 perfec-

2001 1874 2092 1924 tus
2123 1868 2474 1937 ambulavi],
2501 1870 2646 1941 quia
2674 1870 2826 1926 inter
2851 1872 3207 1941 angelorum
3237 1873 3424 1930 corda
3465 1875 3655 1931 chari-

1997 1957 2132 2012 tatis
2154 1956 2288 2025 igne
2319 1972 2612 2012 succensa
2642 1956 2838 2012 clarus
2869 1958 3061 2027 gloria
3091 1961 3450 2015 conditionis
3478 1963 3650 2018 exsti-

1995 2043 2082 2100 tit.
2105 2046 2293 2110 Quem
2312 2043 2466 2100 bene
2487 2049 2793 2102 extentum
2811 2062 2880 2102 ac
2905 2051 3316 2120 protegentem
3337 2049 3495 2105 dicit.
3521 2051 3658 2106 Om-

1997 2149 2074 2188 ne
2095 2133 2254 2189 enim
2275 2135 2439 2206 quod
2463 2135 2676 2190 extenti
2698 2137 3085 2207 protegimus,
3111 2138 3576 2195 obumbramus.
3592 2142 3656 2196 Et

2003 2222 2148 2294 quia
2177 2223 2626 2295 comparatione
2655 2222 2934 2280 claritatis
2963 2242 3085 2281 suae
3115 2226 3518 2283 obumbrasse
3551 2244 3656 2284 cae-

2002 2316 2264 2367 terorum
2292 2311 2622 2367 claritatem
2650 2313 2926 2380 creditur,
2962 2314 3088 2387 ipse
3133 2320 3406 2372 extentus
3441 2321 3498 2373 et
3525 2333 3658 2390 pro-

1997 2403 2204 2469 tegens
2218 2399 2400 2456 fuisse
2412 2401 2947 2476 perhibetur.Reliq
2957 2420 3063 2459 uos
3076 2405 3235 2461 enim
3253 2406 3427 2478 quasi
3443 2405 3655 2462 obum-

1996 2488 2231 2545 brando
2261 2489 2510 2561 operuit,
2533 2491 2638 2562 qui
2667 2506 2877 2546 eorum
2936 2493 3410 2562 magnitudinem
3459 2495 3652 2552 excel-

1997 2578 2176 2634 lentia
2206 2579 2435 2649 majore
2458 2579 2840 2635 transcendit.
2866 2581 3037 2646 Quod
3057 2598 3200 2652 ergo
3213 2583 3330 2640 illic
3348 2585 3654 2656 speciosus

1998 2667 2057 2722 in
2088 2667 2290 2722 multis
2323 2667 2654 2731 frondibus,
2687 2669 2854 2740 quod
2901 2669 3016 2725 illic
3048 2675 3368 2743 protegens
3417 2672 3650 2739 dicitur,

1994 2754 2112 2812 hoc
2137 2756 2232 2811 hic
2263 2772 2408 2812 voce
2441 2757 2750 2814 Dominica
2770 2757 3092 2815 Behemoth
3139 2759 3254 2816 ista
3283 2759 3518 2816 viarum
3550 2759 3650 2816 Dei

1995 2843 2356 2916 principium
2386 2850 2651 2901 vocatur.
2687 2848 2765 2900 De
2796 2863 2918 2918 quo
2949 2847 3170 2903 idcirco
3225 2852 3347 2904 tam
3388 2848 3541 2904 mira
3583 2848 3645 2904 in

1994 2932 2215 3004 quibus
2246 2933 2354 2988 fuit
2382 2937 2438 2988 ct
2465 2949 2598 3004 quae
2643 2933 2842 2990 amisit
2894 2935 3180 3004 insinuat,
3226 2941 3291 2991 ut
3323 2937 3519 2991 territo
3550 2936 3654 2990 ho-

1993 3020 2141 3076 mini
2166 3020 2443 3076 ostendat
2483 3020 2630 3093 quid
2649 3021 2795 3092 ipse,
2820 3021 2868 3076 si
2899 3022 3222 3093 superbiat,
3274 3023 3348 3077 de
3379 3022 3651 3078 elationis

1995 3126 2118 3165 suae
2149 3109 2326 3180 culpo
2357 3123 2646 3181 passurus
2685 3109 2777 3177 sit,
2801 3109 2850 3164 si
2878 3109 3145 3165 feriendo
3173 3109 3254 3164 illi
3283 3125 3526 3182 parcere
3549 3124 3655 3164 no-

1992 3197 2120 3266 luit,
2151 3211 2334 3269 quem
2361 3195 2622 3251 creando
2644 3195 2706 3250 in
2730 3195 2919 3265 gloria
2947 3200 3124 3252 tantae
3153 3196 3434 3252 claritatis
3462 3195 3655 3252 eleva-

1993 3285 2093 3339 vit.
2112 3283 2455 3340 Consuleret
2467 3298 2608 3352 ergo
2621 3283 2804 3338 homo
2820 3283 2969 3355 quid
2987 3287 3176 3339 elatus
3191 3283 3252 3339 in
3267 3289 3420 3340 terra
3434 3300 3656 3340 merea-

1991 3378 2108 3439 tur,
2133 3373 2180 3428 si
2201 3379 2256 3429 et
2275 3371 2557 3445 praelatus
2574 3372 2802 3442 angelis
2821 3372 3144 3443 augelusin
3167 3373 3317 3429 ccelo
3334 3373 3658 3446 prosterni-

1992 3465 2105 3518 tur.
2159 3462 2320 3518 Unde
2348 3466 2405 3518 et
2430 3462 2585 3518 bene
2615 3477 2720 3534 per
2747 3462 3104 3533 prOphetam
3130 3461 3346 3517 dicitur
3380 3481 3392 3518 :
3427 3463 3655 3519 Inebri-

1994 3558 2129 3608 atus
2159 3557 2241 3607 est
2271 3552 2332 3606 in
2361 3552 2506 3607 calo
2527 3551 2769 3622 gladius
2816 3565 2978 3606 meus
3009 3551 3148 3621 (Isa.
3181 3567 3383 3615 xxxrv,
3443 3551 3518 3622 5).
3568 3556 3648 3606 Ac

1996 3640 2043 3694 si
2077 3645 2275 3712 aperte
2306 3639 2563 3696 diceret:
2600 3641 2729 3705 Qua
2757 3639 2846 3695 ira
2885 3638 3096 3694 feriam
3141 3638 3436 3711 superbos
3486 3642 3654 3694 terrm

1997 3730 2364 3802 perpendite,
2395 3729 2439 3784 si
2463 3729 2629 3801 ipsos
2657 3728 2837 3784 etiam
2877 3745 3031 3800 quos
3058 3728 3117 3784 in
3150 3733 3301 3784 cmto
3344 3730 3517 3799 juxta
3560 3744 3655 3784 me

1997 3819 2258 3888 condidi,
2292 3835 2401 3891 pro
2423 3818 2696 3874 elationis
2727 3818 2866 3874 vitio
2889 3822 3197 3891 percutere
3228 3834 3349 3874 non
3368 3818 3654 3891 peperci.]

2067 3997 2332 4064 TQuibus
2355 3995 2806 4053 auctoritatibus
2820 3995 3310 4068 suspiciendis,ac
3334 4012 3438 4068 per
3451 3997 3658 4054 omnia.

1995 4086 2374 4151 venerandis,
2399 4085 2520 4140 sole
2550 4085 2806 4140 lucidius
2837 4086 3020 4141 claret
3046 4085 3399 4156 etangelum
3450 4091 3505 4141 et
3546 4087 3653 4141 lio-

1995 4176 2219 4232 minem
2245 4176 2536 4247 perfectos
2568 4175 2862 4242 conditos,
2905 4175 3265 4248 ruinamque
3294 4191 3502 4231 eorum
3534 4191 3655 4231 non

1994 4265 2068 4322 de
2094 4265 2542 4337 imperfectione
2563 4269 2813 4336 naturae,
2839 4265 2947 4322 sed
2993 4265 3067 4320 de
3119 4264 3413 4321 abusione
3452 4264 3654 4321 liberte

1991 4349 2312 4412 voluntatis
2350 4355 2656 4412 accidisse.
2691 4355 2864 4422 Quod
2894 4355 2941 4410 si
2965 4370 3184 4427 corpus
3213 4354 3474 4410 hominis
3517 4354 3652 4412 ideo

1995 4444 2147 4500 mori
2194 4444 2384 4517 potuit
2439 4445 2582 4518 quia
2607 4444 3022 4517 imperfectum
3039 4443 3167 4512 fuit,
3203 4447 3260 4499 et
3285 4442 3490 4498 anima
3517 4459 3656 4515 pec-

1993 4551 2128 4590 care
2157 4534 2301 4607 quia
2322 4534 2670 4608 imperfecta
2690 4533 2846 4592 facta
2875 4538 2982 4604 est,
3022 4534 3152 4605 jam
3182 4548 3301 4590 non
3341 4533 3450 4588 erit
3475 4549 3658 4591 causa

1994 4623 2202 4680 mortis
2232 4624 2362 4694 ejus
2409 4622 2738 4696 peccatoris
2789 4622 3098 4694 jvoluntas,
3169 4621 3276 4678 sed
3324 4621 3659 4678 Conditoris

1993 4713 2179 4785 (quod
2209 4713 2384 4784 absit)
2431 4713 2732 4786 iniquitas,
2790 4711 3076 4777 videlicet,
3119 4712 3224 4784 qui
3275 4711 3411 4768 ideo
3459 4711 3661 4770 fecerit

1995 4802 2433 4874 imperfectum,
2470 4808 2533 4858 ut
2584 4801 2924 4857 necessario
2964 4805 3238 4873 peccaret
3289 4802 3658 4874 perindeque

1991 4896 2339 4947 moreretur.
2367 4894 2432 4946 Et
2459 4890 2562 4946 ubi
2586 4890 2851 4962 estquod
2867 4889 3181 4962 Apostolus
3211 4890 3292 4946 ait
3326 4907 3339 4946 :
3367 4891 3661 4964 Nunquid

1989 4981 2275 5052 iniquitas
2303 4980 2466 5048 apud
2510 4981 2694 5036 Deum
2728 4979 2915 5051 (Rom.
2949 4996 3021 5041 ix,
3064 4979 3146 5050 14)
3177 4979 3202 5031 ?
3247 4984 3304 5035 et
3357 4981 3524 5052 quod
3554 4983 3658 5038 ad-

1985 5069 2418 5141 jungitzAbsit
2448 5073 2475 5123 ?
2529 5069 2586 5125 Si
2643 5084 2806 5137 ergo,
2862 5072 2926 5123 ut
2975 5068 3155 5124 habet
3201 5069 3441 5137 veritas,
3493 5071 3659 5127 nulla

1991 5162 2080 5214 est
2154 5157 2436 5230 iniquitas
2478 5157 2642 5230 apud
2689 5158 2899 5219 Deum,
2973 5161 3207 5213 constat
3260 5159 3404 5230 quia
3455 5157 3652 5216 nullas

1989 5247 2371 5303 necessitates
2416 5244 2796 5302 intellectuali
2851 5248 3134 5301 creaturae
3182 5247 3500 5303 condendo
3559 5247 3651 5302 in-

1990 5335 2222 5403 ﬂixerit,
2298 5334 2520 5408 quibus
2596 5333 2783 5390 invita
2844 5337 3026 5406 atque
3111 5335 3348 5407 captiva
3399 5339 3647 5408 peccato

1992 5439 2121 5481 sese
2169 5423 2446 5481 addicere
2505 5426 2832 5494 cogeretur.
2887 5422 3061 5489 Quod
3123 5423 3173 5480 si
3216 5425 3373 5482 hanc
3431 5424 3652 5498 imper-

1991 5514 2316 5570 fectionem
2373 5512 2717 5570 mortalitati
2766 5511 3062 5582 assignas,
3130 5529 3522 5587 nequaquam
3576 5516 3656 5572 ab

1994 5603 2208 5659 eadem
2260 5602 2560 5674 impietate
2609 5602 2860 5670 recedis,
2910 5601 3203 5672 quoniam
3260 5608 3317 5658 et
3375 5603 3425 5658 si
3468 5605 3654 5658 homo

1998 5692 2082 5750 ita
2133 5690 2593 5764 primordialiter
2665 5689 2857 5746 factus
2928 5693 3034 5758 est,
3112 5696 3171 5747 ut
3246 5696 3452 5764 posset
3533 5707 3656 5747 non
