4116 6186
502 214 635 268 1115

1512 212 1569 268 S.
1609 208 1977 269 PRUDENTII
2016 202 2395 264 TBECINSIS
2440 205 2754 263 EPISCOPI
2816 212 2823 215 “

3783 212 3928 266 ΗΜ

498 335 651 392 mori
676 335 725 390 si
754 348 874 390 non
903 339 1197 407 peccaret,
1230 340 1437 408 posset
1460 336 1639 393 etiam
1670 336 1825 392 mori
1856 335 1901 390 si
1933 346 2145 407 pecca-
2173 333 2221 386 Α
2263 332 2451 398 (Rom.
2480 345 2518 393 ι,
2540 333 2614 399 3).
2641 329 2871 387 Gabriel
2891 344 3158 404 quoque,
3180 329 3241 385 in
3269 328 3479 386 eadem
3502 333 3928 401 consentiens,

498 430 588 481 ret
612 439 737 479 non
763 422 900 478 ideo
924 423 1307 496 imperfectus
1338 424 1631 482 dicendus
1673 430 1781 493 est,
1811 424 1957 496 quia
2007 436 2145 495 pec-

499 527 635 569 care
650 512 875 586 potuit:
909 512 1043 569 fecit
1069 515 1231 571 enim
1252 515 1419 589 quod
1448 515 1654 586 voluit,
1687 529 1809 571 non
1838 511 2152 586 imperfec-

497 601 656 657 tione
711 601 980 671 adactus,
1033 604 1142 660 sed
1196 604 1501 662 voluntate
1559 604 1841 671 allectus;
1876 617 1989 658 nec
2016 598 2153 656 ideo

498 694 772 746 mortuus
801 691 946 764 quia
966 692 1101 749 fecit
1128 692 1532 767 imperfectus,
1561 710 1699 749 cum
1733 696 1792 749 et
1824 707 1988 746 mors
2018 704 2154 762 pro-

499 782 628 851 pter
642 783 973 851 peccatum,
1002 786 1059 838 et
1072 786 1386 855 peccatum
1402 788 1645 857 propter
1659 782 1860 838 liberae
1871 778 1967 836 vol
1978 781 2152 834 unta-

497 864 569 922 tis
596 868 970 926 aversionem
1006 876 1402 944 spontaneam
1442 870 1731 946 peccanti,
1786 866 2148 925 acciderunt.

573 958 754 1012 Faves
778 959 1026 1016 omnino
1054 960 1415 1032 Pelagianis,
1441 976 1511 1017 ac
1551 976 1659 1034 per
1683 959 1798 1014 hoc
1847 957 1943 1013 dic
1967 954 2148 1011 etiam

505 1059 647 1100 cum
676 1045 784 1117 eis,
835 1047 1027 1104 Adam
1076 1049 1197 1106 sive
1239 1054 1533 1122 peccaret,
1568 1049 1690 1104 sive
1721 1061 1844 1103 non
1876 1046 2151 1118 peccaret

499 1134 814 1191 mortalem
893 1136 1116 1194 factum
1190 1143 1246 1194 et
1307 1138 1683 1207 moriturum,
1739 1134 1906 1210 quod
1959 1137 2149 1189 totum

499 1223 793 1281 catholica
818 1225 1073 1282 Ecclesia
1100 1226 1539 1300 praedamnavit
1567 1227 1772 1297 (Cone.
1815 1224 1977 1295 Afri.
2011 1236 2145 1291 cap.

503 1312 556 1383 t)
587 1331 601 1366 τ
634 1313 739 1386 qui
764 1314 1039 1387 inquam,
1068 1316 1151 1373 ita
1180 1320 1269 1373 est
1320 1316 1616 1389 conditus,
1675 1319 1739 1373 ut
1782 1314 1972 1388 possit
2026 1326 2151 1368 non

498 1402 652 1457 mori
680 1402 728 1458 si
747 1419 872 1460 non
898 1410 1189 1477 peccaret,
1225 1407 1519 1477 colligitur
1544 1410 1607 1462 ut
1624 1421 1744 1462 non
1766 1402 2149 1477 imperfectus

500 1488 732 1547 dicatur
761 1493 1056 1561 conditus,
1089 1495 1192 1551 sed
1213 1496 1509 1568 perfectus
1540 1511 1554 1561 ;
1578 1494 1804 1568 quippe
1835 1491 1930 1549 cui
1959 1490 2037 1547 ad
2058 1487 2150 1544 sui

498 1580 921 1651 perfectionem
950 1582 1097 1638 nihil
1116 1583 1351 1640 deesset
1369 1584 1555 1640 sinon
1577 1587 1852 1656 peccaret
1879 1598 1894 1637 :
1926 1593 2150 1651 nempe

2259 418 2448 475 beatae
2482 419 2671 475 Mariae
2695 420 2907 489 virgini
2959 420 3265 476 nuntians.
3290 420 3367 475 Et
3408 420 3575 475 dabit
3617 420 3848 494 inquit,
3876 426 3932 480 ei

2264 509 2545 563 Dominus
2576 510 2729 564 Deus
2749 509 2939 565 sedem
2966 508 3163 565 David
3170 509 3365 578 patris
3396 511 3526 579 ejus
3556 510 3726 577 (Luc.
3751 514 3927 583 1,32).

2262 597 2394 670 Ipse
2422 596 2602 652 etiam
2634 598 2920 653 Dominus
2949 598 3327 667 interrogans
3358 597 3716 665 Pharisaeos,
3750 600 3929 671 cujus

2261 686 2450 743 ﬁlium
2505 686 2771 744 dicerent
2814 703 2950 743 asse
3001 688 3339 754 Christum;
3400 688 3927 760 respondentibus

2261 778 2468 845 David,
2498 778 2780 834 continuo
2810 777 3120 849 adjunxit:
3151 777 3219 834 Si
3243 793 3384 848 ergo
3435 780 3603 846 ﬁlius
3645 782 3781 850 ejus
3818 787 3923 847 est.

2258 866 2546 938 quomodo
2577 873 2744 923 vocat
2774 883 2905 924 eum
2950 868 3264 924 Dominum
3315 868 3557 938 (Matth.
3591 884 3736 940 xm,
3766 872 3865 939 42)
3893 871 3921 926 2'

2256 954 2367 1012 Ubi
2384 971 2523 1012 cum
2543 972 2750 1012 eorum
2780 956 3155 1029 responsioni
3185 955 3543 1029 astipulans,
3575 974 3709 1015 sese
3728 957 3921 1014 ﬁlium

2260 1046 2466 1117 David,
2491 1046 2551 1102 id
2571 1051 2658 1102 est
2690 1047 2994 1103 hominem
3027 1062 3095 1102 ex
3124 1047 3369 1102 homine
3398 1062 3520 1102 non
3551 1053 3809 1118 negaret
3829 1048 3923 1104 di-

2258 1135 2516 1193 vinitatis
2565 1153 2689 1192 suae
2731 1137 3117 1193 eminentiam
3174 1136 3401 1204 extulit,
3453 1136 3561 1208 qui
3599 1154 3664 1194 se
3735 1138 3924 1211 patris

2259 1225 2371 1290 sui,
2400 1224 2462 1282 id
2502 1230 2592 1281 est
2642 1225 2827 1281 David
2873 1225 3196 1281 Dominum
3252 1226 3720 1299 comprobavit:
3774 1242 3924 1299 quo-

2259 1313 2444 1370 modo
2472 1315 2632 1371 enim
2682 1330 2889 1371 semen
2919 1315 3244 1385 Abraham,
3278 1319 3336 1370 et
3359 1314 3520 1371 ﬁlius
3560 1316 3774 1385 David,
3807 1315 3921 1372 nisi

2257 1403 2443 1461 homo
2463 1419 2640 1461 verus
2664 1410 2844 1479 atque
2867 1404 3166 1479 perfectus
3193 1420 3262 1461 ex
3282 1405 3634 1462 hominibus
3655 1408 3813 1462 veris
3840 1412 3925 1463 at-

2257 1509 2375 1566 que
2394 1495 2665 1567 perfectis
2696 1495 2725 1550 ?
2746 1495 2892 1551 Hinc
2925 1500 2981 1550 et
3006 1493 3361 1567 Apostolus:
3388 1496 3722 1567 Nunquam
3751 1496 3912 1552 enim

2258 1584 2501 1653 angelos
2520 1584 2937 1654 apprehendit,
2967 1584 3067 1638 sed
3088 1597 3281 1640 semen
3300 1585 3565 1641 Abrahae
3583 1584 3921 1654 apprehen-

499 1666 731 1740 absque
760 1668 884 1726 ulla
901 1672 1109 1728 mortis
1140 1677 1243 1729 aut
1272 1673 1469 1729 morbi
1522 1670 2049 1739 contaminatione,
2076 1666 2150 1723 11·-
2188 1682 2228 1737 Β
2270 1673 2378 1729 dit.
2408 1673 2574 1729 Unde
2589 1678 2645 1729 et
2665 1673 2865 1729 debuit
2881 1689 2995 1743 per
3040 1673 3242 1729 omnia
3287 1673 3583 1741 fratribus
3651 1674 3922 1730 similari

500 1756 601 1826 gni
625 1757 754 1814 vitae
779 1760 1005 1831 pabulo
1033 1761 1366 1818 salutariter
1382 1762 1636 1833 cibatus,
1659 1761 1944 1833 angelica
1967 1758 2151 1816 socie-

500 1845 638 1902 tatis
687 1846 886 1904 unitus
939 1850 1225 1920 beatitati,
1284 1852 1344 1907 in
1395 1856 1751 1925 perpetuum
1807 1849 2142 1906 exsultaret.

500 1935 667 1991 Hanc
691 1936 1202 2010 imperfectionem
1235 1941 1283 1998 si
1312 1942 1595 1998 humanae
1624 1945 1855 1997 naturae
1871 1940 2147 2013 deputas,

500 2038 743 2082 necesse
770 2031 858 2083 est
886 2031 954 2084 ut
978 2029 1298 2087 Dominum
1328 2035 1599 2087 nostrum
1624 2033 1823 2087 Jesum
1853 2029 2149 2085 Christum

499 2113 695 2171 eidem
753 2116 1226 2190 imperfectionis
1279 2120 1566 2193 subjuges
1597 2138 1609 2177 :
1642 2120 1746 2193 qui
1802 2124 2004 2176 autem
2047 2134 2148 2175 au-

497 2203 640 2260 deat
656 2204 854 2262 dicere
880 2207 1293 2281 imperfectam
1313 2211 1442 2283 ejus
1461 2227 1590 2268 esse
1610 2215 1909 2277 naturam,
1931 2209 2007 2265 de
2024 2225 2148 2282 quo

498 2292 751 2351 ﬁdeliter
774 2297 1067 2366 canimus,
1098 2299 1243 2371 quia
1274 2299 1348 2356 sit
1369 2300 1670 2373 perfectus
1715 2300 1888 2372 Deus,
1920 2297 2147 2371 perfec-

497 2385 595 2438 tus
622 2383 808 2441 homo
863 2400 937 2441 ex
980 2387 1184 2444 anima
1236 2388 1513 2446 rationali
1559 2394 1615 2446 et
1650 2391 1920 2446 humana
1969 2402 2148 2444 carne

501 2472 837 2530 subsistens
861 2476 890 2531 7
910 2480 1109 2549 Neque
1132 2479 1292 2534 enim
1315 2479 1408 2534 vel
1430 2479 1786 2552 Apollinaris
1808 2476 2148 2536 audiendus

498 2565 609 2631 est,
635 2565 739 2635 qui
763 2580 904 2620 eum
925 2566 1206 2623 habuisse
1239 2568 1506 2624 animam
1536 2573 1735 2639 negat,
1760 2568 1964 2623 dicens
1978 2567 2148 2640 quid-

498 2651 647 2724 quid
702 2653 920 2711 animaa
971 2655 1164 2713 fuerat
1213 2662 1527 2730 operatum
1557 2659 1619 2715 in
1647 2674 1718 2715 eo
1774 2658 2148 2714 divinitatem

500 2755 721 2810 suam;
779 2744 1103 2816 Manichaei,
1159 2747 1261 2820 qui
1318 2762 1457 2803 eum
1484 2764 1702 2821 corpus
1747 2747 2147 2820 assumpsisse

496 2829 944 2901 phantasticum
971 2833 1225 2892 delirant
1256 2853 1268 2891 :
1304 2835 1411 2891 sed
1429 2834 1547 2894 ﬁde
1567 2835 1914 2910 plenissima
1926 2839 1983 2893 et
2011 2851 2148 2893 auc-

496 2917 727 2976 toritate
753 2919 1176 2980 fundatissima
1199 2924 1608 2983 conﬁtendum
1628 2940 1839 2982 verum
1866 2925 2147 2982 habuisse

2259 1767 2519 1820 tentatus
2532 1777 2646 1833 per
2677 1763 2876 1819 omnia
2920 1763 3141 1834 absque
3159 1767 3408 1833 peccato
3441 1762 3641 1829 (Hebr.
3688 1779 3747 1829 ιι,
3820 1766 3909 1830 t6,

2264 1855 2354 1919 l7;
2395 1868 2474 1922 iv,
2510 1852 2613 1922 i5).

2329 1942 2439 2009 Qui
2454 1942 2632 2015 igitur
2650 1957 2860 1999 omnes
2882 1940 3236 1997 tentationes
3256 1939 3499 1996 hominis
3516 1938 3906 2012 absquepee-

2259 2035 2392 2088 cato
2412 2030 2611 2101 subiit,
2635 2030 2898 2103 profecto
2913 2029 3163 2103 plenum
3179 2033 3357 2101 atque
3374 2027 3698 2100 perfectum
3714 2042 3785 2082 se
3800 2027 3916 2082 ho-

2257 2120 2483 2177 minem
2534 2119 2878 2175 declaravit.
2929 2117 3115 2174 liabet
3160 2121 3364 2173 autem
3418 2115 3566 2171 ﬁdes
3614 2113 3918 2171 catholica

2259 2209 2581 2266 Dominum
2608 2212 2880 2264 nostrum
2896 2207 3101 2262 Jcsum
3132 2205 3435 2262 Christum
3467 2205 3598 2276 ejus
3628 2203 3921 2261 conditio-

2256 2299 2350 2355 nis
2377 2298 2685 2354 hominem
2710 2313 2784 2353 ex
2812 2296 3171 2352 intemerato
3223 2293 3471 2364 virginis
3511 2297 3687 2349 utero
3706 2293 3771 2349 in
3802 2293 3919 2349 uni-

2256 2392 2435 2445 tatem
2458 2403 2603 2450 suaa,
2634 2386 2694 2442 id
2726 2390 2813 2442 est
2842 2385 2967 2441 Filii
3022 2385 3140 2448 Dei,
3169 2398 3446 2458 personae
3470 2381 3831 2455 sumpsisse,
3859 2381 3915 2438 in

2256 2493 2383 2551 qua
2412 2476 2676 2550 primum
2701 2475 3035 2544 hominem,
3068 2474 3195 2547 ipse
3243 2471 3598 2529 condiderat
3628 2489 3645 2527 :
3680 2471 3845 2543 quod
3869 2465 3913 2525 si

2254 2565 2700 2640 imperfectione
2726 2567 3034 2621 mortuum
3064 2563 3330 2637 primum
3362 2560 3704 2631 hominem,
3766 2575 3911 2617 asse—

2254 2671 2445 2721 veras,
2494 2653 2763 2726 sequitur
2793 2656 2858 2709 ut
2910 2657 2965 2707 et
3003 2650 3338 2707 secundum
3396 2650 3716 2706 hominem
3743 2648 3806 2705 id
3828 2650 3901 2703 est

2256 2744 2576 2810 Christum,
2610 2741 2825 2798 eadem
2853 2740 3299 2814 imperfectionc
3331 2743 3644 2795 mortuum
3684 2751 3911 2794 asseve-

2254 2851 2372 2892 ras.
2398 2833 2571 2905 Atqui
2617 2847 2740 2888 non
2760 2830 3230 2904 imperfectioue,
3263 2828 3367 2885 sed
3398 2832 3693 2902 potestate
3721 2831 3781 2883 et
3802 2842 3910 2881 vo-

2254 2925 2482 2982 luntate
2512 2921 2755 2995 propria
2782 2937 2843 2977 se
2869 2924 3174 2977 mortuum
3198 2935 3327 2975 esse
3359 2921 3631 2984 testatur,
3676 2931 3815 2972 cum
3831 2914 3916 2971 di-

497 3010 555 3064 et
581 3007 804 3065 habere
834 3022 1075 3086 carpas,
1100 3030 1304 3072 veram
1335 3020 1393 3073 et
1448 3016 1720 3072 animam
1770 3014 2038 3088 nihilque
2066 3015 2149 3071 illi
2186 3038 2226 3094 ο
2266 3015 2343 3070 cit
2372 3030 2384 3068 :
2419 3013 2773 3069 Potestatem
2808 3010 2993 3066 habeo
3011 3009 3280 3079 ponendi
3303 3009 3571 3064 animam
3599 3020 3815 3077 meam,
3863 3010 3915 3060 et

502 3095 885 3171 aliquatenus
939 3101 1199 3160 defuisse
1250 3105 1417 3178 quod
1471 3105 1820 3180 perfectioni
1866 3104 2149 3161 humanae
2256 3106 2603 3175 potestatem
2625 3101 2811 3157 habeo
2836 3101 3051 3155 iterum
3078 3098 3351 3155 sumendi
3373 3111 3522 3154 eam.
3545 3096 3737 3151 Nemo
3760 3094 3915 3150 tollit

494 3186 868 3258 primordiali
898 3192 1238 3251 conditione
1268 3196 1399 3267 ipse
1457 3211 1597 3252 cum
1646 3198 1813 3252 Patre
1843 3198 1899 3252 et
1941 3199 2149 3251 sancto

495 3276 712 3348 Spiritu
724 3280 1118 3353 omnipotenti
1132 3282 1399 3341 bonitate
1414 3282 1765 3341 contulerat.
1784 3283 1906 3341 Hoc
1924 3287 2153 3341 utrum-

496 3377 614 3435 que
639 3369 927 3424 veraciter
946 3385 1085 3425 eum
1113 3373 1511 3446 assumpsisse
1527 3372 1711 3429 Isaias
1731 3373 2025 3446 propheta
2046 3375 2153 3428 tes-

495 3454 672 3523 tatur,
703 3471 841 3510 cum
868 3455 1044 3513 dicit:
1078 3458 1234 3514 Ecce
1265 3462 1431 3532 virgo
1458 3462 1520 3516 in
1556 3467 1725 3518 utero
1752 3462 2064 3531 concipiet,
2096 3464 2153 3516 et

489 3548 688 3631 pariet
717 3544 933 3611 ﬁlium,
983 3545 1281 3601 vocabunt
1335 3565 1545 3605 nomen
1597 3552 1726 3619 ejus
1756 3550 2149 3631 Emmanuel;

499 3629 781 3698 butyrum
810 3637 865 3687 et
889 3634 1008 3689 mel
1060 3634 1341 3701 comedet,
1372 3642 1440 3691 ut
1481 3639 1630 3693 sciat
1678 3638 2003 3707 reprobare
2028 3629 2150 3694 ma¥

394 3752 399 3759 -
499 3718 643 3785 lum,
677 3723 733 3774 et
760 3720 979 3791 eligere
1010 3722 1225 3779 bonum
1258 3723 1375 3794 (Isa
1416 3740 1514 3791 vn,
1576 3727 1684 3791 14).
1737 3728 1936 3798 Neque
1989 3726 2148 3781 enim

496 3805 740 3877 femina,
766 3824 903 3882 quae
958 3815 1048 3867 est
1074 3811 1278 3881 homo,
1308 3812 1473 3870 aliud
1502 3813 1815 3888 concipere
1848 3819 1951 3872 aut
1974 3831 2147 3889 pare-

495 3911 558 3952 re
586 3898 796 3969 potuit,
828 3899 943 3955 nisi
970 3901 1137 3974 quod
1162 3906 1305 3969 erat,
1330 3903 1391 3959 id
1440 3908 1529 3960 est
1556 3903 1889 3973 hominem,
1950 3920 2147 3978 neque

492 3988 871 4058 Emmanuel,
894 3991 955 4047 id
985 3996 1076 4048 est
1104 3993 1408 4051 nobiscum
1437 3995 1616 4063 Deus,
1650 3994 1818 4051 aliud
1856 3995 2146 4069 appellari

494 4081 727 4149 poterat
750 4079 863 4135 nisi
889 4080 1073 4138 homo
1091 4097 1290 4151 verus,
1319 4086 1422 4157 qui
1461 4089 1615 4140 esset
1641 4086 1697 4140 et
1730 4086 1901 4141 Deus.
1945 4088 2145 4158 Neque

497 4165 778 4236 butyrum
824 4174 879 4225 et
928 4173 1066 4241 mel,
1098 4170 1320 4244 quibus
1348 4189 1560 4229 omnes
1590 4173 1862 4229 humano
1908 4173 2145 4246 corpori

494 4253 609 4311 cibi
638 4258 955 4315 necessarii
993 4260 1607 4334 comprehenduntur,
1639 4260 1954 4319 comedere
1976 4265 2142 4334 pote-

491 4346 603 4413 rat,
635 4346 748 4402 nisi
777 4363 995 4422 corpus
1023 4367 1036 4419 ;
1065 4365 1262 4423 neque
1284 4350 1544 4406 cadaver
1567 4350 1833 4407 inanime
1853 4351 1949 4407 vel
1970 4351 2139 4416 scire,

492 4434 588 4491 vel
633 4440 931 4509 appetere,
980 4437 1075 4494 vel
1128 4441 1438 4496 attrectare
1486 4438 1675 4504 cibos,
1735 4438 1848 4495 nisi
1878 4455 1986 4511 per
2014 4439 2140 4495 ani-

493 4538 654 4581 mam
702 4542 830 4583 sese
858 4530 1255 4599 vegetantem,
1286 4528 1361 4585 de
1389 4544 1513 4602 quo
1543 4532 1600 4586 et
1640 4527 1801 4585 idem
1849 4529 2144 4601 propheta

492 4615 611 4672 ait:
643 4615 932 4683 Quiescitc
955 4616 1029 4674 ab
1058 4616 1311 4689 homine,
1338 4621 1510 4684 cuius
1530 4620 1780 4690 spiritus
1809 4620 1873 4674 in
1894 4617 2142 4675 naribus

490 4706 616 4772 ejus
658 4705 781 4775 ([sa
809 4721 867 4773 ιι,
893 4707 1004 4778 22).
1039 4705 1147 4762 Ubi
1198 4711 1515 4776 utramque
1568 4711 1848 4764 naturam
1876 4706 2141 4764 hominis

489 4794 991 4864 comprehensam
1032 4812 1211 4853 nemo
1256 4796 1509 4854 dubitat.
1554 4800 1630 4853 De
1661 4813 1783 4871 quo
1848 4797 1927 4855 ad
1955 4796 2141 4853 Abra-

489 4878 636 4935 ham
694 4880 899 4938 divina
927 4886 1246 4955 promissio
1270 4887 1535 4959 loquitur
1558 4887 1800 4943 dicens:
1824 4888 1896 4943 In
1925 4888 2144 4944 semine

494 4969 595 5020 tuo
612 4964 1034 5026 benedicentur
1047 4988 1245 5030 omnes
1259 4975 1449 5030 tribus
1471 4981 1646 5032 terra:
1661 4977 1828 5047 (Gen.
1850 4993 1995 5043 xxxi,
2016 4976 2095 5046 18)
2125 4993 2138 5041 ;

493 5055 552 5107 et
579 5055 765 5109 Moses
786 5056 864 5111 ad
883 5056 1040 5112 ﬁlios
1070 5061 1284 5116 Israel:
1316 5063 1682 5133 Prophetam
1711 5064 2020 5120 suscitabit
2050 5078 2144 5119 vo-

496 5141 581 5197 bis
610 5142 899 5199 Dominus
925 5146 1082 5201 Deus
1112 5154 1303 5205 vester
1329 5150 1403 5207 de
1436 5152 1703 5221 fratibus
1749 5154 1979 5219 vestris,
2012 5158 2143 5208 tan-

491 5246 671 5303 quam
687 5246 780 5288 me
796 5231 989 5302 ipsum
1003 5236 1254 5291 audietis
1274 5238 1468 5307 (Deut.
1500 5255 1662 5301 XVIII,
1694 5243 1782 5307 18)
1812 5238 1960 5311 quid
1982 5239 2142 5295 enim

493 5325 582 5376 est
636 5326 924 5393 tanquam
974 5338 1087 5393 me,
1137 5323 1253 5379 nisi
1298 5325 1607 5383 hominem
1662 5327 1812 5383 sicut
1860 5342 1973 5397 ego
2007 5342 2143 5383 sum

494 5409 725 5479 homo;
766 5415 824 5467 et
863 5411 942 5467 ad
989 5412 1179 5468 David
1223 5412 1351 5486 ipse
1410 5413 1744 5472 Dominus:
1802 5418 1889 5473 De
1931 5417 2144 5486 fructu

497 5501 721 5557 ventris
753 5501 845 5556 tui
881 5516 1103 5572 ponam
1157 5516 1339 5572 super
1356 5503 1548 5560 sedem
1578 5510 1743 5561 tuam
1791 5504 1911 5576 (Pl.
1946 5518 2140 5574 mm,

505 5587 626 5661 ll);
674 5589 770 5646 cui
824 5590 1147 5664 Apostolus
1195 5591 1456 5650 concinit
1537 5592 1789 5652 dicens:
1845 5595 1961 5663 Qui
2015 5594 2145 5665 fac-

496 5682 592 5737 tus
646 5683 731 5741 est
778 5680 833 5736 ei
859 5693 935 5738 ea:
1009 5681 1228 5741 sermne
1286 5682 1489 5741 David
1524 5683 1848 5742 secundum
1903 5697 2144 5743 carnem

2174 4405 2221 4460 D

2259 3210 2388 3252 eam
2419 3209 2457 3249 a
2485 3206 2597 3257 me,
2630 3190 2732 3247 sed
2761 3204 2866 3260 ego
2888 3204 3049 3258 pono
3077 3204 3228 3253 eam,
3263 3194 3315 3244 et
3342 3187 3559 3243 iterum
3590 3200 3763 3241 sumo
3793 3199 3915 3241 eam

2260 3285 2455 3356 (Joan.
2486 3298 2544 3338 x.
2585 3280 2686 3351 18).
2722 3281 2786 3334 Et
2837 3277 3213 3348 Evangelista
3238 3277 3312 3333 de
3342 3275 3480 3332 illo:
3508 3277 3590 3332 Et
3620 3275 3914 3331 inclinato

2260 3374 2454 3442 capite
2483 3369 2735 3427 tradidit
2761 3369 3039 3438 spiritum
3065 3368 3257 3435 (Joan.
3289 3382 3407 3434 xxx,
3444 3366 3556 3438 30).
3589 3365 3703 3431 Qui
3740 3363 3917 3435 igitur

2260 3476 2437 3534 posse
2459 3475 2521 3515 se
2542 3460 2808 3516 animam
2833 3472 3055 3530 ponere
3073 3456 3443 3528 demumque
3471 3470 3786 3510 resumere
3813 3458 3917 3509 ms-

2260 3554 2437 3615 tatur,
2463 3548 2731 3621 profecto
2780 3563 2902 3603 non
2933 3546 3257 3602 necesitate
3286 3544 3782 3617 imperfectionis,
3814 3542 3912 3598 sed

2258 3641 2548 3711 potestate
2593 3635 2848 3709 propriae
2900 3634 3222 3691 voluntatis
3277 3637 3531 3690 mortem
3566 3649 3630 3689 se
3681 3632 3916 3688 subisse

2258 3728 2649 3785 demonstrat.
2679 3732 2761 3782 Ac
2785 3741 2892 3798 per
2918 3725 3032 3781 hoc
3053 3724 3100 3779 si
3127 3723 3476 3780 distantiam
3497 3722 3789 3779 animalis
3818 3722 3915 3778 ho-

2256 3817 2436 3874 minis
2470 3817 2548 3873 ab
2572 3816 2819 3890 spiritali
2853 3813 3312 3871 monstrandum
3362 3813 3781 3870 necessarium
3813 3812 3918 3868 du-

2255 3921 2448 3973 xeras,
2474 3904 2749 3961 insolenti
2780 3904 3062 3959 nimirum
3088 3902 3388 3959 vocabulo
3420 3918 3567 3957 usus
3593 3918 3681 3973 es,
3717 3906 3784 3959 ut
3814 3902 3920 3957 im-

2253 3996 2582 4069 perfectum
2612 3995 2840 4050 diceres
2867 4007 2977 4065 pro
2998 3991 3271 4048 nondum
3295 3990 3564 4064 spiritali,
3588 3990 3696 4063 qui
3724 4006 3920 4046 serva-

2253 4087 2315 4140 ta
2356 4082 2626 4140 mandati
2656 4079 2934 4137 custodia
2966 4079 3327 4152 expletoqua
3373 4094 3553 4134 cursu
3582 4079 3720 4134 vita:
3750 4094 3925 4134 muno

2252 4174 2537 4237 dissimee,
2576 4171 2883 4228 voluntate
2912 4170 3013 4226 Dei
3046 4168 3211 4240 ligno
3241 4170 3376 4225 vitae
3406 4169 3752 4239 degustato,
3786 4168 3925 4225 bea-

2252 4261 2487 4319 titudini
2517 4277 2587 4317 ac
2617 4259 2819 4329 gloriae
2848 4258 3134 4330 angelicae
3160 4261 3520 4314 necteretur.

2324 4349 2581 4422 Explosa
2606 4348 2784 4418 igitur
2798 4348 3150 4404 necessitate
3172 4345 3639 4420 imperfectionis
3660 4346 3925 4403 fatemur

2251 4456 2381 4496 eum
2401 4437 2669 4494 libertate
2691 4436 3014 4492 voluntatis
3037 4436 3405 4509 peccavisse,
3430 4435 3771 4508 meritoque
3791 4451 3922 4508 pec-

2251 4528 2385 4599 cati,
2410 4542 2531 4583 uon
2552 4524 3021 4598 imperfectionis
3036 4524 3408 4591 necessitate,
3454 4523 3665 4581 mortis
3687 4525 3920 4598 suppli-

2251 4617 2410 4674 cium
2431 4615 2747 4688 recepisse.
2775 4612 2887 4670 Sed
2913 4628 3054 4670 cum
3080 4612 3332 4670 asseris:
3369 4613 3501 4669 Ideo
3521 4628 3746 4683 cor-pus
3768 4614 3923 4669 mori

2248 4707 2525 4778 potuisse,
2539 4706 2680 4777 quia
2692 4703 2947 4760 necdum
2957 4703 3236 4773 spiritale
3246 4703 3480 4772 factum
3503 4707 3659 4767 erat,
3679 4710 3917 4760 contm-

2250 4796 2398 4852 dicis
2422 4794 2668 4864 veritati,
2683 4809 2817 4866 quae
2838 4808 2945 4866 per
2983 4792 3289 4862 egregium
3305 4791 3766 4864 praedicatorem
3798 4792 3917 4848 cla-

2249 4890 2394 4942 mat:
2420 4886 2651 4954 Corpus
2672 4882 2907 4955 quidem
2927 4886 3228 4937 mortuum
3246 4886 3332 4937 est
3338 4885 3586 4950 propter
3598 4887 3919 4950 peccatum

2250 4975 2438 5045 (Rom.
2468 4988 2588 5040 vni,
2627 4973 2741 5042 lO);
2787 4974 2845 5027 et
2871 4970 3014 5026 item
3036 4969 3262 5039 Infelix
3286 4983 3392 5040 ego
3425 4970 3618 5037 homo,
3663 4972 3805 5042 quis
3834 4984 3921 5025 me

2254 5061 2527 5119 liberabit
2540 5061 2609 5116 de
2626 5064 3036 5130 corporemort
3044 5060 3090 5114 is
3105 5057 3320 5128 hujus?
3332 5059 3520 5130 (Rom.
3540 5062 3646 5127 νὴ,
3666 5060 3784 5131 24.)
3802 5058 3920 5114 Hoc

2251 5164 2488 5222 semper
2502 5155 2557 5205 et
2575 5148 2758 5205 sensit
2776 5152 2833 5204 et
2851 5147 3361 5204 doeuitcatholica
3374 5146 3633 5203 Ecclesia
3646 5186 3661 5211 ,
3679 5147 3805 5203 hoc
3825 5146 3921 5204 ad:

2247 5254 2461 5297 versus
2482 5238 2837 5308 Pelagianos
2864 5237 3180 5293 fortissime
3196 5234 3484 5304 defendit,
3526 5236 3916 5293 veracissime

2250 5329 2601 5397 vindicavit,
2650 5325 3049 5383 invictissime
3105 5325 3375 5382 astruxit.
3422 5328 3549 5381 Non
3607 5326 3778 5381 enim
3830 5340 3927 5381 ne-

2252 5418 2521 5475 cessitate
2534 5415 2813 5487 ingenitae
2831 5414 3163 5485 fragilitatis
3173 5415 3443 5471 humana
3459 5416 3680 5470 natura
3724 5413 3793 5469 in
3812 5411 3928 5482 pri-

2252 5506 2367 5562 mis
2399 5506 2520 5562 suis
2549 5503 3059 5579 propagatoribus
3080 5503 3397 5576 compulsa
3428 5506 3516 5559 est
3555 5502 3618 5558 in
3637 5505 3922 5567 mortem,

2253 5593 2360 5649 sed
2375 5594 2585 5651 merito
2597 5592 2691 5649 sui
2703 5592 3019 5665 spontanei
3035 5591 3339 5656 facinoris,
3376 5590 3656 5664 (equitate
3668 5589 3925 5647 districti

2250 5681 2469 5754 judicia
2498 5681 2758 5741 addicta.
2807 5683 3022 5740 Verum
3048 5681 3155 5755 qui
3211 5679 3626 5741 necessitatem
3679 5680 3923 5753 penitus
