4112 6184
278 204 413 263 1117

1120 258 1129 267 .
1215 210 1306 264 DE
1344 202 2000 264 PREDESTINATIONI
2024 202 2315 261 CONTRA
2350 208 2397 263 1.
2440 207 2733 266 SOOTUM.

3545 218 3681 273 1118

271 328 503 386 naturis
530 330 742 387 creatis
784 331 1067 403 abrogas,
1101 331 1320 388 mirum
1350 334 1439 389 est
1466 345 1574 387 cur
1606 344 1727 386 non
1756 326 1923 384 vide-
1950 355 1999 411 Α
2039 340 2260 384 eorum.
2288 328 2557 388 Dicentes
2581 332 2736 389 enim
2761 346 2823 390 se
2849 348 2971 391 esse
2996 334 3312 405 sapientes,
3342 335 3513 391 stulti
3526 337 3687 407 facti

270 419 355 474 ris
385 418 529 491 quia
570 418 719 475 dum
761 420 1206 493 imperfectione
1243 421 1336 476 sui
1363 425 1643 476 naturam
1672 416 1923 475 humani

267 520 541 579 peccare,
571 524 642 565 ac
671 518 778 581 per
825 510 939 566 hoc
973 510 1126 567 mori
1181 512 1445 584 potuisse
1499 509 1737 576 asseris,
1789 524 1924 565 eam

267 597 629 654 inevitabilis
661 599 810 671 jugo
837 600 1204 657 necessitatis
1253 601 1646 669 substernas;
1696 600 1761 656 ut
1788 599 1924 655 ideo

268 698 383 743 nec
412 692 752 759 peccatum,
801 705 911 745 nec
950 691 1079 762 ejus
1109 691 1410 761 meritum,
1440 687 1503 746 id
1551 693 1639 747 est
1668 692 1921 746 mortem

268 777 461 833 vitare
475 778 754 850 potuerit,
776 780 1067 852 quoniam
1087 781 1534 854 imperfectione
1554 778 1921 835 Conditionis

267 872 398 922 tam
426 866 818 924 inextricabili
844 871 1175 927 necessitati
1207 870 1509 927 substrata
1532 868 1727 925 fuerit.
1750 867 1923 924 Vide-

263 955 352 1011 ris
380 955 581 1029 itaque
608 957 753 1013 mihi
777 959 836 1013 in
862 958 1103 1016 duobus
1126 974 1249 1018 non
1277 959 1585 1016 ferendam
1618 958 1920 1017 Conditori

267 1045 673 1102 universitatis
694 1046 909 1104 inferre
933 1047 1248 1120 injuriam;
1282 1049 1554 1106 videlicet
1572 1049 1632 1105 in
1653 1046 1918 1105 bonitate

265 1136 452 1207 atque
488 1134 752 1206 justitia:
805 1149 950 1192 nam
997 1138 1144 1193 dum
1174 1144 1490 1211 peccatum
1533 1138 1611 1195 ad
1662 1141 1916 1194 mortem

264 1222 530 1279 hominis
554 1223 987 1296 imperfectioni
1015 1241 1138 1283 sum
1184 1228 1454 1299 ascribis,
1485 1227 1737 1285 bonitati
1778 1241 1915 1284 auc-

216 1373 223 1377 .
264 1312 414 1369 toris
444 1311 768 1371 immodice
816 1315 1195 1384 contradicis,
1242 1317 1348 1390 qui
1375 1317 1565 1389 (quod
1591 1317 1763 1388 absit)
1811 1330 1916 1372 no-

261 1400 443 1458 luerit
468 1401 797 1474 perfectum
829 1403 1308 1478 condere,quem
1338 1407 1647 1463 conditum
1669 1406 1917 1462 haberet

261 1491 431 1547 unde
483 1492 817 1550 damnaret.
877 1496 1134 1551 Rursum
1186 1496 1330 1552 dum
1383 1512 1653 1573 prauam,
1716 1499 1775 1554 id
1828 1501 1915 1554 est

260 1584 524 1636 mortem
566 1580 847 1654 hominis,
878 1582 1342 1656 lmperfectionis
1359 1586 1696 1643 necessitati
1723 1584 1913 1660 depu-

261 1673 377 1737 tas,
403 1669 697 1740 justitiam
715 1671 1040 1742 judicantis
1066 1673 1342 1746 abjuras;
1372 1679 1475 1732 aut
1503 1680 1656 1733 certe
1684 1675 1806 1733 fato
1835 1677 1912 1732 si-
1944 1705 1984 1760 Β

261 1772 339 1816 ve
360 1758 610 1815 fortunae
638 1776 777 1817 cum
817 1762 1070 1834 paganis
1098 1763 1266 1820 frena
1307 1763 1545 1831 laxans,
1590 1766 1691 1823 Dei
1720 1769 1915 1840 provi-

259 1848 533 1904 dentiam
562 1849 831 1907 funditus
856 1851 1163 1920 absumis;
1195 1868 1331 1926 quia
1352 1866 1541 1927 quam
1571 1856 1687 1913 sint
1713 1857 1917 1914 catho-

257 1937 393 1994 licae
417 1937 559 1995 ﬁdei
583 1938 861 2010 adversa,
888 1940 1090 1997 nullus
1118 1942 1208 1998 vel
1237 1944 1512 2014 tenuiter,
1541 1948 1741 2002 tamen
1774 1946 1912 2003 [lde-

256 2025 412 2095 liter,
437 2027 771 2100 Scripturas
800 2034 1041 2086 sanctas
1071 2030 1403 2103 intelligens
1428 2033 1683 2103 ignorat.

331 2117 466 2173 lam
492 2130 634 2173 vero
670 2118 838 2191 quod
869 2120 1334 2177 extraordinarii)
1382 2122 1457 2178 de
1505 2123 1764 2180 hominis
1812 2141 1912 2182 vo-

257 2200 488 2261 luntate
511 2210 648 2262 ante
674 2211 986 2278 peccatum
1008 2209 1197 2281 quaeri
1225 2209 1442 2266 asseris
1470 2210 1627 2282 (cap.
1661 2214 1711 2268 8.
1742 2228 1910 2270 num.

248 2296 314 2373 _9,
355 2294 441 2364 10,
467 2299 607 2351 sect.
639 2295 715 2367 7),
740 2296 876 2369 quis
899 2311 1023 2353 non
1052 2297 1253 2355 videat
1279 2302 1507 2371 quanta
1541 2300 1910 2360 absurditate

257 2388 396 2439 tuas
421 2382 859 2456 disputationes
895 2382 1235 2459 involveris,
1278 2391 1344 2445 ut
1367 2388 1473 2461 qui
1511 2386 1804 2447 hactenus
1834 2391 1908 2448 de

256 2470 567 2530 voluntate
595 2478 737 2546 post
764 2481 1078 2547 peccatum
1108 2476 1290 2533 etiam
1327 2476 1516 2535 libera
1540 2480 1907 2549 tractaveris,

255 2560 459 2617 subito
510 2562 589 2620 ad
641 2561 920 2619 eamdem
968 2569 1105 2622 ante
1143 2571 1458 2639 peccatum
1511 2568 1707 2641 qualis
1738 2567 1911 2627 tulerit

254 2650 609 2708 evolaveris.
640 2652 719 2709 De
741 2667 866 2725 qua
891 2668 1029 2710 cum
1079 2654 1278 2711 nullus
1302 2656 1550 2726 dubitet,
1611 2663 1715 2715 aut
1751 2676 1912 2733 quae-

256 2739 516 2796 rendum
541 2740 855 2805 existimet,
904 2743 1246 2801 verbositati
1276 2751 1455 2818 atque
1505 2747 1810 2818 jactantiie
1856 2753 1909 2806 te

256 2828 558 2887 studuisse
590 2832 1051 2904 procacissimus
1079 2834 1340 2891 innuisti.
1368 2835 1483 2892 Sed
1523 2837 1641 2895 Deo
1670 2839 1907 2909 agimus

254 2918 507 2989 gratias,
529 2922 633 2993 qui
662 2925 717 2977 te
744 2925 977 2978 motum
1008 2923 1243 2986 animae.
1277 2940 1463 2997 quam
1488 2941 1598 2982 nos
1641 2927 1906 2985 volunta-

255 3012 379 3063 tem
410 3006 569 3064 illius
590 3024 707 3065 nou
735 3009 1109 3081 dubitamus,
1164 3014 1446 3113 quamvis
1488 3014 1604 3071 alio
1636 3014 1907 3074 intentio-
1936 3055 1980 3113 ρ

252 3111 398 3152 nem
430 3100 593 3154 tuam
646 3100 1003 3171 porrexeris,
1034 3114 1071 3156 a
1119 3117 1202 3169 se,
1233 3100 1295 3156 id
1324 3104 1412 3159 est
1442 3105 1580 3171 Deo,
1623 3104 1753 3161 ﬁeri
1781 3109 1909 3163 tan-

250 3185 395 3241 dem
418 3185 750 3259 aliquando
779 3187 973 3245 facere
994 3187 1277 3260 dignatus
1307 3196 1396 3248 est
1424 3190 1712 3250 conﬁteri.
1743 3194 1907 3252 Unde

250 3279 315 3330 et
341 3274 645 3347 Scriptura
688 3275 945 3334 clamat:
993 3281 1392 3350 Pra’paratur
1432 3282 1711 3339 voluntas
1732 3299 1769 3341 a
1798 3285 1908 3340 Do-

255 3364 423 3419 mino
449 3365 648 3432 (Prov.
697 3380 817 3435 vm,
862 3382 975 3425 sec.
1008 3369 1209 3438 LXX;
1241 3374 1300 3426 et
1350 3371 1710 3444 Apostolus:
1754 3375 1906 3431 Deus

251 3458 346 3509 est
361 3455 513 3512 enim
534 3456 640 3528 qui
656 3463 944 3527 operatur
967 3460 1031 3516 in
1044 3461 1204 3517 vobis
1225 3466 1281 3518 et
1300 3463 1452 3519 velle
1467 3467 1521 3519 et
1541 3464 1783 3533 operari
1795 3478 1908 3535 pro

254 3543 412 3601 bona
443 3545 754 3604 voluntate
778 3548 1025 3620 (Philip.
1058 3564 1118 3619 n,
1152 3550 1260 3619 13).
1302 3554 1368 3609 Et
1396 3568 1606 3609 omnes
1634 3553 1907 3612 catholici

248 3635 601 3689 tractatores
642 3635 1042 3707 consentiunt,
1083 3641 1140 3693 et
1186 3644 1407 3695 sancta:
1448 3640 1717 3698 Ecclesiae
1754 3642 1906 3699 ﬁdes

244 3721 590 3781 orthodoxa
618 3736 740 3782 non
770 3729 941 3796 tacet,
965 3740 1075 3782 nec
1104 3737 1373 3800 unquam
1403 3732 1490 3786 est
1509 3729 1804 3788 ullatenus
1824 3734 1909 3789 ta-

245 3811 464 3869 citura.
620 3872 625 3875 _

323 3903 635 3960 Postremo
696 3919 836 3960 cum
889 3920 1101 3961 eorum
1153 3905 1520 3966 dementiam
1572 3924 1901 3982 exaggeras

240 3992 439 4061 (num.
474 3991 557 4055 ll,
590 3998 730 4049 sect.
761 3993 837 4065 9),
867 3993 969 4066 qui
998 4006 1216 4050 causas
1242 4000 1625 4068 peccatorum
1655 3999 1901 4056 inevita-

240 4078 417 4145 biles,
449 4081 869 4154 coactivasque
890 4083 1272 4140 necessitates
1300 4083 1363 4141 in
1382 4084 1900 4158 praedestinatione

236 4165 454 4223 divina
482 4167 820 4242 falsissime,
845 4175 911 4227 ut
932 4173 1170 4246 asseris,
1199 4172 1455 4245 ﬁngunt,
1509 4174 1902 4249 impudentis-

238 4257 401 4313 sime
429 4262 731 4327 astruunt,
758 4260 1045 4335 quodque
1075 4262 1154 4319 sit
1194 4262 1365 4320 valde
1394 4263 1745 4337 dolendum,
1792 4266 1901 4322 sei-

236 4360 392 4420 psos
433 4346 996 4423 consentientesque
1051 4350 1165 4408 sibi
1206 4351 1286 4408 ad
1335 4358 1638 4427 perpetuae
1688 4355 1896 4412 mortis

2031 422 2192 487 sunt,
2239 424 2292 474 et
2339 426 2725 478 mutaverunt
2755 423 3010 492 gloriam
3054 424 3533 493 incorruptibilis
3570 427 3684 484 Dei

2030 504 2094 559 in
2126 505 2575 565 similitudinem
2603 510 2883 581 imaginis
2915 510 3328 579 corruptibilis
3349 511 3604 570 hominis
3625 520 3679 572 et

2029 594 2365 662 volucrum,
2386 602 2443 653 et
2469 597 3010 668 quadrupedum,et
3038 605 3399 669 serpentum.
3413 601 3683 672 Propter

2030 682 2189 754 quod
2217 685 2473 741 tradidit
2491 688 2628 743 illos
2644 689 2798 745 Deus
2829 689 2892 744 in
2912 688 3209 746 desideria
3239 690 3433 746 cordis
3453 706 3678 761 eorum,

2028 771 2091 826 in
2112 773 2575 842 immunditiam,
2603 783 2668 832 ut
2699 777 3070 834 contumeliis
3113 777 3389 847 afﬁciant
3425 794 3681 850 corpora

2026 873 2137 916 sua
2166 861 2228 916 in
2272 864 2618 935 semetipsis,
2666 867 2771 938 qui
2818 871 3332 923 commutavcrunt
3372 869 3677 926 veritatem

2026 950 2137 1005 Dei
2161 950 2227 1005 in
2255 952 2715 1025 mendacium,et
2744 957 3061 1012 coluerunt
3079 960 3134 1012 et
3163 956 3499 1013 servierunt
3520 973 3683 1017 crea-

2027 1042 2178 1094 turae
2202 1040 2401 1108 potius
2432 1057 2612 1115 quam
2654 1044 2947 1114 Creatori,
3004 1045 3110 1115 qui
3132 1050 3217 1101 est
3257 1046 3592 1103 benedictus
3612 1048 3679 1104 in

2024 1128 2264 1198 sarcula,
2331 1144 2524 1187 amen.
2579 1133 2907 1202 Propterea
2982 1133 3237 1190 tradidit
3318 1134 3456 1191 illos
3521 1137 3681 1193 Deus

2024 1216 2088 1270 in
2111 1220 2416 1285 passiones
2443 1220 2820 1291 ignominiae:
2868 1237 3010 1278 nam
3045 1223 3290 1292 feminae
3330 1238 3534 1280 eorum
3576 1226 3682 1282 im-

2022 1312 2410 1363 mutaverunt
2436 1310 2781 1367 naturalem
2806 1325 2976 1367 usum
3002 1311 3066 1366 in
3095 1326 3225 1368 eum
3259 1326 3429 1367 usum
3462 1314 3568 1384 qui
3596 1324 3675 1370 est

2024 1400 2235 1450 contra
2252 1402 2563 1469 naturam;
2585 1400 2869 1456 similiter-
2882 1404 3083 1456 autem
3103 1405 3159 1457 et
3186 1402 3445 1458 masculi
3452 1403 3679 1466 ,relicto

2022 1485 2302 1540 naturali
2326 1501 2437 1542 usu
2455 1489 2697 1557 femina;
2723 1495 3089 1546 exarserunt
3111 1491 3174 1545 in
3202 1491 3510 1548 desideriis
3533 1493 3675 1549 suis:

2021 1572 2272 1629 invicem
2319 1578 2578 1633 masculi
2603 1579 2667 1633 in
2716 1580 3011 1636 masculos
3049 1580 3485 1649 turpitudinem
3542 1596 3675 1652 ope-

2021 1667 2247 1733 rantes,
2279 1668 2333 1721 et
2387 1668 2734 1733 mercedem,
2765 1684 2943 1739 quam
3003 1672 3288 1740 oportuit,
3332 1672 3558 1727 erroris
3586 1672 3686 1728 sui

2021 1750 2082 1806 in
2109 1754 2434 1823 semetipsis
2464 1757 2832 1825 recipientes.
2858 1756 2933 1812 Et
2953 1757 3108 1813 sicut
3128 1773 3247 1813 non
3262 1758 3677 1829 probaverunt

2021 1840 2208 1897 Deum
2238 1843 2458 1901 habere
2484 1845 2547 1900 in
2578 1845 2814 1914 notitia,
2841 1846 3097 1902 tradidit
3122 1847 3258 1903 illos
3298 1849 3454 1904 Deus
3497 1850 3559 1904 in
3590 1865 3679 1906 re-

2016 1929 2272 1999 probum
2301 1938 2628 2001 sensum,ut
2647 1934 2885 2004 faciant
2906 1949 2974 1991 ea
3002 1949 3135 2007 quae
3152 1950 3274 1991 non
3296 1938 3682 2009 conveniunt;

2019 2019 2275 2088 repletos
2323 2022 2489 2079 omni
2539 2024 2882 2095 iniquitate,
2942 2025 3201 2092 malitia,
3249 2026 3674 2095 fornicatione,

2018 2109 2302 2178 avaritia,
2333 2112 2619 2184 nequitia,
2647 2114 2859 2183 plenos
2885 2114 3139 2182 invidia,
3168 2113 3504 2180 homicidio.
3540 2131 3677 2172 con-

2019 2198 2296 2267 tentione,
2327 2200 2486 2269 dolo,
2518 2202 2916 2272 malignitate,
2963 2217 3337 2273 susurrones,
3386 2202 3678 2260 detracto-

2018 2300 2132 2357 res,
2162 2287 2282 2344 Deo
2321 2290 2588 2359 odibiles,
2637 2292 3107 2360 contumeliosos,
3139 2292 3442 2363 superbos,
3465 2293 3671 2365 elatos,

2018 2375 2352 2434 inventores
2372 2380 2692 2447 malorum,
2708 2379 3063 2449 parentibus
3084 2396 3207 2437 non
3231 2381 3676 2447 obedientes,in-

2017 2466 2314 2535 sipientes,
2346 2468 2782 2539 incompositos,
2804 2471 2933 2526 sine
2955 2470 3288 2540 affectione,
3320 2469 3540 2543 absque
3561 2472 3674 2542 fm-

2017 2553 2177 2622 dere,
2199 2557 2327 2613 sine
2349 2558 2777 2615 misericordia.
2815 2558 2930 2626 Qui
2957 2572 3090 2614 cum
3099 2560 3404 2629 justitiam
3446 2560 3560 2616 Dei
3581 2574 3672 2615 co-

2015 2644 2380 2713 gnovissent,
2411 2661 2533 2702 non
2557 2644 2987 2703 intellexerunt
3041 2648 3323 2718 quoniam
3373 2648 3473 2704 cui
3522 2647 3674 2704 talia

2016 2738 2205 2803 agunt
2234 2733 2409 2805 digni
2433 2740 2795 2805 suntmorte,
2812 2750 2933 2792 non
2961 2736 3157 2791 solum
3185 2737 3293 2808 qui
3305 2735 3545 2806 faciunt
3579 2751 3668 2805 ea,

2016 2822 2120 2879 sed
2146 2824 2322 2881 etiam
2346 2825 2452 2895 qui
2478 2827 2853 2882 consentiunt
2890 2826 3256 2897 facientibus
3302 2826 3319 2897 (
3328 2826 3492 2883 Rom.
3519 2842 3556 2894 ι,
3581 2830 3673 2883 2t-

2017 2912 2130 2982 32).
2158 2913 2224 2967 Et
2249 2912 2577 2985 Propheta:
2610 2914 2824 2985 E/rusa
2877 2921 2961 2972 est
2993 2915 3264 2986 confusio
3289 2929 3471 2984 super
3489 2916 3670 2985 prin-

2016 3000 2175 3070 cipes
2204 3006 2258 3057 et
2288 3004 2651 3073 errarefecit
2669 3018 2763 3061 eos
2784 3005 2846 3059 in
2868 3005 3111 3076 invio,et
3136 3018 3257 3060 non
3272 3005 3336 3060 in
3364 3004 3459 3060 via
3482 3004 3666 3075 (Psal.

2016 3103 2129 3158 cvi,
2156 3092 2270 3157 40).
2301 3094 2369 3147 Et
2391 3091 2520 3164 ipse
2576 3092 2861 3149 Dominus
2910 3109 3017 3166 per
3066 3094 3464 3167 prophetam:
3518 3095 3668 3151 Cum

2015 3180 2315 3235 erraverit
2341 3181 2638 3250 propheta
2669 3183 2775 3239 ille
2796 3196 2820 3252 ;
2848 3198 2952 3253 ego
2981 3184 3271 3239 Dominus
3297 3183 3513 3239 seduxi
3539 3194 3670 3240 eum

2017 3266 2249 3336 (Ezech.
2275 3284 2397 3336 xlv,
2429 3272 2508 3338 9).
2542 3272 2605 3325 Et
2634 3270 2707 3326 de
2732 3270 2936 3327 Achab
2984 3270 3361 3344 decipiendo,
3392 3275 3456 3327 ut
3484 3270 3593 3328 iret
3616 3276 3673 3330 et

2016 3355 2257 3412 caderet
2276 3356 2337 3412 in
2370 3357 2623 3415 Ramoth
2648 3358 2894 3429 Galaad,
2940 3359 3195 3416 audiens
3225 3359 3426 3433 potius
3463 3360 3671 3417 fanati-

2016 3461 2120 3502 cos
2152 3462 2316 3518 suos,
2369 3463 2558 3520 quam
2611 3449 2918 3522 prophetae
2972 3448 3205 3505 Domini
3251 3450 3666 3523 acquiescens,

2015 3534 2257 3609 spiritus
2281 3536 2495 3593 erroris
2520 3543 2822 3610 quaerente
2854 3538 3126 3609 Domino,
3156 3538 3295 3612 quis
3324 3539 3432 3596 iret
3455 3538 3533 3595 ad
3564 3537 3669 3596 de-

2014 3626 2360 3699 cipiendum
2375 3625 2543 3683 illum
2569 3643 2705 3683 cum
2723 3627 2964 3685 diceret:
2983 3629 3114 3700 Ego
3134 3645 3235 3686 ero
3255 3630 3503 3700 spiritus
3514 3644 3670 3686 men-

2013 3714 2137 3771 dax
2165 3716 2228 3771 in
2253 3731 2354 3773 ore
2385 3717 2648 3773 omnium
2684 3717 3121 3787 prophetan
3184 3721 3355 3788 ejus;
3386 3717 3558 3773 audis
3590 3717 3669 3774 ab

2014 3802 2146 3859 illo:
2180 3805 2449 3874 Decipies
2478 3810 2533 3861 et
2580 3806 2964 3877 prcevalebis,
3010 3806 3290 3876 egredere
3318 3812 3370 3862 et
3413 3807 3520 3876 fac
3548 3808 3669 3874 (ΙΙΙ

2011 3892 2154 3962 Reg.
2186 3892 2629 3963 xxn,20,22).Et
2650 3908 2891 3948 rursum
2919 3893 3264 3967 Apostolus:
3300 3894 3490 3963 Cujus
3511 3896 3668 3950 enim

2012 3979 2143 4036 vult
2162 3980 2496 4050 miseretur,
2529 3985 2583 4037 et
2606 3996 2774 4052 quem
2808 3982 2939 4037 vult
2967 3981 3219 4037 indurat
3243 3980 3434 4052 (Rom.
3460 3978 3662 4053 ix,|l8).

2011 4069 2080 4124 Et
2119 4066 2251 4141 ipse
2307 4067 2638 4126 Dominus:
2667 4070 2797 4141 Ego
2837 4069 3137 4126 indurabo
3195 4084 3300 4126 cor
3325 4071 3666 4127 Pharaonis

2008 4157 2229 4231 (Exod.
2260 4175 2319 4230 x,
2347 4161 2471 4225 27):
2498 4162 2556 4215 et
2582 4158 2830 4215 iterum:
2862 4160 2935 4215 In
2959 4159 3069 4216 hoc
3097 4160 3293 4230 ipsum
3323 4160 3583 4217 excitavi
3612 4165 3668 4217 te

2010 4252 2079 4303 ut
2108 4248 2412 4305 ostendam
2435 4248 2499 4303 in
2532 4253 2586 4306 te
2608 4248 3029 4319 fortitudinem
3050 4263 3240 4306 meam
3267 4248 3661 4321 (Rom.1x,l7).

2014 4338 2155 4403 Quae
2182 4337 2389 4394 omnia
2428 4337 2565 4411 pius
2595 4337 2835 4395 animus
2863 4353 3256 4411 nequaquam
3282 4338 3425 4395 vitio
3454 4338 3553 4394 Dei
3583 4340 3666 4395 fa-

238 4404 549 4493 ξηιθτίιηω
577 4436 788 4495 merito
808 4404 1022 4496 animis
1048 4404 1405 4511 περιωπῇ
1439 4404 1622 4500 {mror
1639 4459 1747 4500 cur
1774 4460 1898 4501 non
1928 4404 1973 4462 Ῑ)
2013 4426 2240 4498 cientis,
2269 4425 2374 4484 sed
2395 4428 2660 4501 aequitati
2683 4427 2884 4484 tribuit
2904 4426 3234 4498 justissima
3264 4426 3588 4500 punientis.

237 4528 303 4581 te
330 4524 532 4597 ipsum
559 4527 726 4600 prius
754 4528 1097 4601 attenderis,
1151 4530 1256 4603 qui
1311 4531 1774 4605 imperfectionis
1802 4550 1901 4591 ne-

238 4613 549 4671 cessitates
592 4616 675 4674 ita
726 4632 921 4674 novus
956 4623 1215 4675 assertor
1266 4620 1594 4693 induxeris,
1628 4626 1693 4679 ut
1744 4639 1816 4679 ea
1845 4627 1903 4680 et

239 4707 553 4760 mortuum
574 4710 633 4762 et
688 4721 969 4779 peccasse
1013 4708 1276 4780 primum
1325 4708 1631 4767 hominem
1666 4712 1899 4786 absque

241 4793 609 4852 auctoritatis
659 4795 992 4854 munimine
1060 4796 1440 4870 prtedicares.
1501 4802 1650 4856 Nam
1732 4800 1897 4874 quod

239 4892 371 4938 non
398 4883 938 4955 praedestinationis
966 4885 1342 4956 necessitate,
1376 4886 1483 4943 sed
1499 4888 1662 4959 justo
1700 4889 1897 4961 perin-

233 4973 439 5043 deque
471 4971 795 5028 inevitabili
821 4973 920 5030 Dei
952 4972 1181 5046 judicio
1235 4980 1373 5047 post
1402 4974 1701 5047 primaevae
1740 4980 1900 5033 tran-

230 5060 596 5130 sgressionis
621 5061 1020 5133 justissimarn
1051 5063 1507 5121 damnationem
1537 5080 1748 5122 omnes
1778 5066 1895 5139 (illo

229 5163 360 5204 uno
388 5147 770 5219 singulariter
792 5156 1061 5224 excepto,
1088 5152 1150 5209 in
1173 5169 1297 5226 quo
1322 5152 1467 5209 nihil
1500 5153 1713 5211 habuit
1736 5155 1894 5227 prin-

227 5251 380 5309 ceps
398 5236 586 5308 hujus
608 5236 839 5309 mundi)
871 5237 1201 5297 voluntarie
1230 5241 1383 5297 servi
1421 5242 1647 5315 peccati
1679 5240 1891 5308 effecti,

227 5324 315 5382 ad
338 5325 725 5397 peccandum
751 5327 931 5384 etiam
958 5327 1412 5400 compellantur,
1446 5334 1503 5386 et
1530 5343 1716 5401 supra
1746 5329 1892 5385 satis

225 5419 437 5470 actum
466 5419 575 5482 est,
617 5419 676 5470 et
703 5415 1024 5488 Apostolus
1068 5414 1414 5473 manifestat
1448 5416 1691 5472 dicens:
1736 5417 1889 5485 Quia

226 5519 370 5561 cum
402 5505 814 5574 cognovissent
866 5506 1074 5573 Deum,
1113 5520 1234 5561 non
1288 5506 1441 5561 sicut
1469 5506 1655 5560 Deum
1703 5506 1888 5576 glori-

225 5593 572 5663 ﬁcaverunt
602 5599 709 5651 aut
730 5595 964 5667 gratias
989 5600 1259 5667 egerunt,
1287 5594 1390 5652 sed
1419 5602 1789 5652 evanuerunt
1824 5596 1888 5653 in

228 5682 697 5753 cogitationibus
724 5683 847 5741 suis
874 5691 929 5743 et
952 5680 1333 5743 obscuratum
1362 5688 1447 5741 est
1474 5684 1755 5754 insipiens
1780 5699 1885 5742 cor

2651 4571 2875 4628 CAPUT
2916 4571 2998 4625 IX.

2008 4677 2097 4733 De
2120 4676 2520 4756 ecquodnon
2560 4677 2826 4756 proprie,
2852 4674 3411 4756 sed_tei_nporalium.
3454 4688 3658 4756 rerum

2077 4746 2473 4805 similitudine
2491 4748 2908 4817 pradicantur
2930 4746 3005 4804 de
3029 4748 3150 4803 Deo
3189 4746 3576 4817 praascientia
3604 4751 3659 4801 et

2071 4819 2543 4889 prwdestinatio.

2078 4928 2245 4981 Nono
2296 4924 2772 5003 disputationum
2824 4928 3063 4981 tuarum
3119 4922 3368 4981 articulo
3421 4923 3661 4981 conaris

2003 5014 2316 5070 ostendere
2354 5013 2792 5086 praescientiam
2843 5018 2901 5069 et
2945 5013 3536 5086 prtedestinationem
3583 5017 3659 5071 de

2002 5099 2122 5160 Deo
2148 5119 2270 5159 non
2300 5101 2561 5176 proprie,
2581 5100 2687 5156 sed
2716 5101 3139 5174 temporalium
3160 5117 3363 5159 rerum
3392 5100 3659 5159 similitu-

2001 5188 2140 5248 dine
2168 5190 2502 5265 prtedicari.
2540 5194 2600 5246 In
2629 5206 2753 5263 quo
2784 5206 2925 5246 cum
2954 5189 3104 5247 dicis
3128 5206 3143 5246 :

2567 5314 2807 5356 JOANNES
2859 5313 3083 5356 SCOTUS.

2074 5406 2235 5477 (Cap.
2272 5408 2321 5472 l,
2367 5418 2539 5470 num,
2569 5408 2624 5475 2,
2663 5407 2803 5460 sect.
2842 5404 2892 5475 1)
2940 5408 2980 5458 Θ
3009 5404 3184 5462 Nihil
3236 5402 3416 5474 digne
3439 5401 3513 5459 de
3540 5404 3658 5461 Deo

1997 5493 2135 5549 dici.

2659 5595 2958 5637 COBRBCTIO
2967 5622 2980 5634 .

2048 5686 2090 5755 εξ-
2117 5685 2333 5772 verum
2363 5689 2451 5742 est
2479 5685 2726 5760 quidem
2751 5685 2917 5743 illam
2944 5684 3334 5755 ineffabilem,
3368 5685 3650 5755 incorpo-

2532 5864 2567 5891 ο
