4116 6186
489 215 626 273 1119

1580 206 1635 263 S.
1671 197 2059 261 PRUDENTII
2094 196 2471 254 TRECENSIS
2509 194 2819 254 EPISCOPI

3781 193 3915 248 1120

486 356 655 398 ream
678 331 1239 404 immutabilemque
1267 335 1568 399 naturam,
1588 344 1726 402 quae
1750 329 1843 382 est
1868 323 2140 385 Trinitas.
2172 323 2220 378 A
2250 319 2457 378 rabilis
2483 323 2622 394 post
2648 318 2981 376 unitionem
3014 315 3118 372 Dei
3136 319 3194 372 et
3220 312 3484 372 hominis
3513 315 3718 371 unitas
3741 330 3916 373 vera-

488 444 645 485 unus
665 430 721 482 et
745 439 923 479 verus
958 424 1134 491 Deus,
1165 419 1345 475 nullis
1392 417 1797 492 corporalium
1834 429 2036 471 rerum
2066 411 2143 466 si-

488 516 622 587 gnis
648 529 684 570 a
718 510 972 568 vocibus
1024 507 1277 582 proferri
1323 507 1559 565 valere:
1593 508 1891 580 quantum
1941 506 2143 559 tamen

484 605 618 677 ipso
647 597 1049 657 universitatis
1075 601 1316 654 auctore
1367 596 1547 653 datur
1576 601 1757 667 atque
1798 589 2144 649 conceditur

487 691 637 766 ipsis
666 689 888 763 quibus
911 688 1247 743 humanam
1278 689 1557 742 naturam
1581 684 1667 740 uti
1700 682 1882 753 dedit,
1927 679 2143 736 verbo-

487 796 623 837 rum
649 775 1212 849 significationibus,
1260 790 1371 848 pro
1420 789 1669 830 munere
1715 767 2143 831 distribuentis,

488 874 546 927 et
573 868 900 941 capacitate
931 864 1240 935 sumentis,
1265 864 1443 935 digne
1472 879 1606 935 quae
1651 878 1760 918 sua
1792 863 1932 916 sunt
1957 856 2146 913 voluit

488 962 681 1033 atque'
697 956 947 1014 instituit
977 954 1309 1043 praedicari.
1357 953 1477 1043 Sed
1500 968 1638 1008 cum
1682 951 1830 1007 dicis
1860 949 2046 1043 (num.
2088 946 2144 1043 3.)

489 1046 568 1103 eis
597 1046 690 1099 uti
714 1044 992 1099 humanae
1021 1039 1503 1097 ratiocinationis
1526 1043 1664 1107 post
1689 1040 2001 1106 peccatum
2019 1039 2147 1102 pri-

486 1130 574 1185 mi
602 1129 856 1186 hominis
908 1127 1266 1185 laboriosam
1315 1130 1651 1197 egestatem,
1678 1138 1879 1180 nonne
1910 1120 2146 1177 ﬁdelius

487 1217 881 1290 veraciusque
911 1216 1141 1272 diceres
1165 1215 1508 1271 divinorum
1536 1213 1911 1286 eloquiorum
1939 1214 2143 1266 aucto-

490 1306 769 1363 ritatem?
801 1307 943 1372 Quae
973 1303 1131 1361 enim
1163 1304 1433 1359 humana
1471 1300 1847 1359 ratiocinatio
1873 1314 2145 1372 unquam

494 1394 681 1450 Deum
701 1394 875 1461 plene
900 1392 1349 1463 cognovit,satis
1380 1392 1669 1449 asseruit?
1698 1391 1853 1447 Licet
1879 1402 2145 1460 namque

490 1483 743 1556 quidam
771 1482 1270 1556 philosophorum
1306 1480 1379 1536 de
1421 1483 1560 1548 Deo,
1588 1483 1884 1553 quantum
1909 1477 1988 1534 ab
2015 1477 2146 1549 ipso

492 1572 629 1628 tacti
662 1577 820 1644 sunt,
847 1570 1125 1643 quaedam
1156 1558 1565 1643 competenter
1594 1567 1966 1642 protulerint,
1989 1582 2143 1621 nun-

2251 411 2393 468 citer
2438 409 2814 484 prmdicetur,
2857 407 3229 481 perindeque
3277 421 3415 480 quae
3464 410 3604 462 sunt
3649 405 3917 462 hominis

2251 500 2392 567 Deo,
2420 503 2477 556 et
2504 515 2642 572 quae
2690 498 2790 554 Dei
2849 500 2990 553 sunt
3034 494 3271 552 homini
3324 494 3560 551 soleant
3613 493 3917 568 deputari,

2250 587 2418 662 quod
2446 586 2777 661 protuleras
2824 584 3178 653 atﬁrmares,
3232 599 3483 656 prorsus
3552 582 3774 640 rationi
3796 600 3918 640 non

2251 676 2561 734 convenit:
2615 675 2780 733 aliud
2821 678 2910 731 est
2951 672 3115 730 enim
3162 672 3385 743 divina,
3434 671 3599 729 aliud
3644 672 3917 731 humana

2250 765 2507 823 tractari.
2541 764 2716 823 Multo
2746 764 2948 837 itaque
2978 761 3191 819 melius
3235 762 3431 818 fuerat
3470 764 3713 818 Patrum
3739 778 3916 834 regu-

2250 855 2322 912 lis
2350 855 2660 923 inhaerere,
2692 869 2882 928 quam
2905 852 3164 926 propriis
3208 851 3744 908 adinventionibus
3783 869 3917 911 θνα·

2249 959 2511 1001 nescere.
2544 945 2759 1001 Beatus
2786 957 3053 1016 namque
3080 942 3470 1012 Augustinus,
3519 958 3663 998 cum
3702 941 3777 998 de
3804 943 3914 1001 hac

2252 1034 2467 1091 eadem
2490 1050 2554 1090 re
2583 1033 2928 1090 acutissime
2960 1036 3036 1100 et,
3081 1032 3258 1103 juxta
3291 1047 3527 1088 morem
3567 1049 3774 1097 suum,
3814 1050 3914 1091 au-

2255 1123 2601 1196 gustissime
2634 1123 2990 1196 disputaret,
3007 1122 3088 1178 ita
3111 1121 3174 1178 in
3202 1121 3356 1178 libro
3387 1121 3463 1179 de
3493 1128 3707 1179 sancta
3732 1123 3914 1181 Trini-

2252 1217 2370 1270 tate
2402 1231 2433 1268 v
2458 1213 2693 1269 locutus
2725 1215 2814 1269 est
2838 1212 2992 1283 (cap.
3022 1213 3073 1279 8,
3109 1216 3162 1274 9,
3198 1214 3285 1278 13,
3345 1210 3467 1283 16);
3517 1213 3914 1286 [Quapropter

2253 1301 2401 1357 illud
2440 1301 2742 1375 praecipue
2783 1305 3119 1371 teneamus,
3150 1298 3454 1372 quidquid
3496 1300 3578 1356 ad
3609 1317 3673 1358 se
3702 1300 3914 1359 dicitur

2251 1391 2750 1465 prtestantissima
2776 1389 2878 1447 illa
2897 1393 2955 1446 et
2982 1388 3190 1445 divina
3245 1388 3501 1446 Trinitas
3539 1390 3671 1462 [al.,
3731 1391 3914 1449 subli-

2254 1479 2476 1551 mitas],
2527 1478 2994 1535 substantialiter
3022 1477 3182 1549 dici;
3222 1478 3393 1551 quod
3430 1484 3633 1536 autem
3679 1480 3760 1537 ad
3815 1480 3915 1539 ali-

2255 1568 2423 1641 quid,
2458 1584 2580 1625 non
2612 1566 3098 1635 substantialiter,
3125 1566 3232 1623 sed
3250 1566 3532 1624 relative:
3563 1573 3913 1643 tantamque

492 1677 680 1732 quam
712 1664 914 1715 tamen
945 1663 1083 1715 ante
1131 1658 1347 1714 divinae
1397 1657 1546 1729 legis
1599 1656 2147 1730 promulgationem
2178 1678 2217 1732 Β
2256 1657 2375 1713 vim
2408 1673 2540 1715 esse
2590 1656 2864 1728 ejusdem
2899 1654 3246 1713 substantiae
3293 1655 3354 1712 in
3395 1659 3562 1714 Patre
3589 1662 3645 1714 et
3683 1659 3825 1716 Filio
3855 1664 3915 1716 et

489 1754 670 1805 tantae
699 1749 783 1805 rei
815 1747 1241 1804 sublimitatem
1272 1748 1605 1820 perspicere
1627 1751 1729 1803 aut
1758 1745 1880 1802 suis
1910 1743 2145 1801 ratioci-

489 1837 834 1894 nationibus
861 1835 1127 1892 invenire
1157 1834 1489 1891 valuerunt.
1531 1840 1611 1891 Ac
1634 1850 1742 1908 per
1767 1835 1881 1891 hoc
1929 1833 2142 1890 divinae

491 1925 684 1994 magis
706 1924 1125 1998 deputandum
1157 1928 1245 1980 est
1271 1923 1543 1991 bonitati,
1568 1924 1671 1996 qui
1699 1941 1839 1980 cum
1871 1939 1935 1979 se
1967 1939 2002 1979 a
2022 1921 2144 1977 suis

490 2014 665 2071 vellet
692 2013 943 2070 ﬁdeliter
971 2016 1028 2070 et
1065 2013 1353 2070 veraciter
1388 2012 1669 2080 nuntiari,
1722 2012 1870 2069 tales
1901 2026 2146 2085 quoque

489 2102 552 2159 id
572 2107 663 2159 est
689 2119 725 2159 a
754 2103 916 2159 cultu
945 2100 1037 2158 sui
1062 2101 1324 2158 nominis
1351 2101 1599 2170 alienos,
1645 2118 1767 2157 suae
1808 2099 2143 2172 majestatis

489 2191 1025 2266 quantulacunque
1056 2190 1263 2247 notitia
1281 2206 1405 2247 non
1434 2189 1753 2247 fraudavit.
1780 2190 1891 2257 Qui
1920 2194 2143 2258 tamen,

493 2281 830 2338 secundum
880 2280 1254 2354 Apostolum,
1307 2297 1442 2337 cum
1493 2281 1898 2352 cognovissent
1930 2280 2144 2344 Deum,

490 2386 611 2427 non
631 2372 786 2427 sicut
814 2371 1000 2427 Deum
1032 2371 1547 2441 glomﬁcaverunt,
1583 2374 1689 2426 aut
1731 2369 1966 2440 gratias
2015 2383 2144 2438 ege-

492 2465 660 2526 runt,
685 2462 787 2516 sed
815 2464 1185 2516 evanuerunt
1224 2460 1288 2514 in
1341 2458 1648 2515 desideriis
1687 2459 1839 2528 suis;
1887 2458 2147 2514 dicentes

493 2550 646 2605 enim
674 2562 736 2604 se
754 2562 874 2604 esse
895 2548 1213 2616 sapientes,
1232 2548 1407 2603 stulti
1431 2547 1591 2616 facti
1608 2552 1747 2602 sunt
1769 2547 1958 2617 (Rom,
1982 2563 2021 2609 1,
2052 2546 2143 2616 21,

492 2637 601 2707 2'2).
630 2635 814 2691 Porro
845 2651 983 2691 cum
1010 2637 1197 2690 Deum
1217 2629 1655 2705 cognovissent,
1703 2650 1774 2691 ac
1803 2635 1879 2691 de
1915 2637 2032 2690 Deo
2052 2650 2144 2691 ra-

491 2723 754 2782 tiocinati
779 2722 1073 2791 dicantur,
1107 2723 1385 2796 nunquid
1429 2725 1638 2787 Deum,
1672 2726 1946 2779 sanctam
1977 2723 2143 2780 vide-

491 2814 627 2871 licet
654 2812 995 2870 Trinitatem
1027 2812 1408 2884 cognovisse,
1440 2816 1543 2869 ant
1574 2813 1697 2868 suis
1722 2812 2144 2887 disputationi-

491 2902 606 2959 bus
635 2901 1161 2974 comprehendisse
1199 2900 1512 2958 dicentur?
1565 2901 1705 2968 Quis
1754 2906 1878 2958 tam
1927 2903 2145 2959 mentis

2258 1746 2476 1818 Spiritu
2506 1748 2735 1817 sancto,
2767 1749 2834 1801 ut
2860 1744 3160 1818 quidquid
3201 1744 3277 1801 de
3299 1743 3544 1815 singulis
3571 1746 3652 1803 ad
3675 1748 3910 1820 seipsos

2254 1835 2488 1907 dicitur,
2518 1850 2642 1891 non
2672 1833 2977 1907 pluraliter
3003 1834 3066 1890 in
3107 1849 3366 1902 summa,
3391 1834 3489 1890 sed
3525 1835 3905 1905 singulariter

2254 1925 2599 1998 accipiatur.
2653 1923 3177 1990 Quemadmodum
3227 1923 3377 1980 enim
3403 1923 3551 1980 Deus
3576 1929 3666 1980 est
3694 1925 3896 1998 Pater,

2253 2017 2311 2070 et
2342 2013 2518 2080 Filius
2549 2015 2704 2069 Deus
2759 2016 2870 2083 est,
2898 2015 2956 2068 et
3011 2010 3263 2084 Spiritus
3316 2016 3550 2067 sanctus
3576 2013 3738 2068 Deus
3793 2018 3911 2084 est,

2253 2102 2423 2176 quod
2452 2101 2788 2158 secundum
2818 2100 3221 2157 substantiam
3263 2099 3382 2157 dici
3407 2116 3586 2157 nemo
3631 2100 3912 2173 dubitat;

2254 2208 2379 2248 non
2410 2196 2611 2248 tamen
2665 2195 2782 2247 tres
2829 2190 2974 2247 deos
3013 2189 3119 2246 sed
3170 2206 3364 2246 unum
3418 2192 3610 2246 Deum
3661 2190 3917 2250 dicimus

2252 2281 2532 2337 eamdem
2574 2280 2771 2353 ipsam
2811 2279 3377 2353 prasstantissimam
3417 2280 3790 2337 Trinitatem.
3838 2286 3917 2339 ita

2252 2385 2512 2440 magnus
2535 2372 2721 2437 Pater,
2740 2384 3001 2439 magnus
3019 2367 3219 2437 Filius,
3240 2384 3505 2440 magnus
3518 2368 3775 2442 Spiritus
3790 2387 3919 2427 san-

2253 2463 2411 2528 ctus;
2443 2474 2554 2515 nec
2579 2462 2781 2514 tamen
2812 2461 2931 2515 tres
2951 2457 3292 2528 magni,sed
3316 2472 3476 2515 unus
3504 2464 3915 2530 magnus.Non

2255 2547 2415 2603 enim
2442 2547 2516 2603 de
2559 2549 2732 2605 Patre
2764 2546 2916 2615 solo,
2971 2546 3123 2603 sicut
3146 2547 3403 2604 haeretici
3449 2564 3742 2621 perverse
3794 2566 3911 2606 sen-

2253 2636 2427 2704 tiunt,
2458 2636 2565 2692 sed
2595 2636 2669 2692 de
2691 2637 2884 2706 Patre,
2909 2640 2966 2692 et
3007 2634 3171 2706 Filio,
3203 2640 3261 2692 et
3296 2636 3517 2709 Spiritu
3547 2640 3766 2695 sancto
3790 2639 3905 2695 scri-

2251 2729 2423 2799 ptum
2452 2729 2578 2782 est:
2614 2727 2700 2780 Tu
2730 2740 2788 2783 es
2812 2726 2973 2781 solus
2995 2726 3153 2782 Deus
3188 2741 3445 2797 magnus
3487 2726 3682 2798 (Psal.
3713 2744 3909 2795 1.11m,

2260 2816 2364 2887 10).
2398 2817 2465 2870 Et
2492 2815 2692 2870 bonus
2717 2816 2910 2884 Pater,
2941 2814 3140 2872 bonus
3172 2814 3367 2885 Filius,
3407 2815 3616 2873 bonus
3647 2821 3703 2874 et
3744 2817 3917 2891 Spiri-

2254 2908 2348 2960 tus
2379 2908 2659 2960 sanctus:
2691 2920 2803 2960 nec
2851 2907 2970 2960 tres
3023 2902 3191 2976 boni,
3222 2904 3330 2961 sed
3386 2919 3549 2961 unus
3578 2904 3813 2962 bonus:
3839 2905 3913 2963 de

489 2993 668 3065 inops
697 2992 780 3048 ita
806 2991 1079 3064 desipiat,
1119 2995 1184 3047 ut
1211 2990 1335 3047 haec
1364 3007 1467 3048 eos
1501 2990 1969 3063 apprehendisse
1999 3008 2141 3047 con-
2175 3030 2217 3086 C
2255 3009 2376 3066 quo
2407 2992 2636 3086 dictum
2661 2997 2767 3049 est:
2791 2994 2975 3086 Nemo
2999 2994 3183 3050 bonus
3200 2994 3484 3086 nisiunus
3510 2995 3673 3086 Deus
3689 2996 3912 3086 (Marc.

490 3082 733 3140 ﬁrmet?
765 3080 1113 3139 Credibilius
1144 3086 1233 3137 est
1261 3080 1440 3152 igitur
1477 3097 1513 3138 a
1543 3081 1697 3137 veris
1737 3081 2143 3153 prtedicatori-

487 3171 605 3228 bus
632 3171 795 3228 hunc
824 3187 929 3227 eos
959 3170 1232 3228 auditum
1262 3170 1537 3243 primitus
1581 3170 1910 3240 imbibisse,
1948 3186 2017 3228 ac
2049 3189 2145 3227 su-

489 3276 691 3334 pernae
723 3260 1011 3331 largitatis
1042 3277 1291 3317 munere
1339 3276 1519 3333 super
1564 3276 1627 3315 re
1667 3263 1831 3316 tanta
1858 3260 2147 3333 aliquate-

489 3365 605 3406 nus
632 3353 842 3419 tactos,
874 3350 1006 3421 ejus
1029 3349 1492 3407 considerationi
1533 3351 1750 3406 mentis
1791 3350 2034 3406 oculum
2062 3351 2148 3406 in-

489 3438 768 3495 tendisse.
802 3440 960 3495 Deus
990 3443 1165 3509 enim,
1192 3443 1253 3494 ut
1275 3440 1355 3494 ait
1378 3439 1699 3511 Apostolus
1724 3439 1912 3509 (Phil.
1942 3442 2142 3512 111,15),

489 3528 615 3583 illis
645 3528 956 3597 reuelauit,
983 3529 1088 3583 sed
1118 3528 1262 3600 quia
1294 3531 1480 3583 Deum
1506 3545 1630 3584 non
1662 3528 2143 3598 glorificaverint,

489 3617 595 3670 aut
623 3614 844 3682 gratias
885 3615 1132 3684 egerint,
1186 3614 1504 3669 evanuisse
1550 3614 1613 3669 in
1643 3615 1957 3672 desideriis
2002 3618 2142 3673 suis.

494 3704 563 3757 Ut
597 3716 779 3772 quem
809 3701 934 3756 suis
989 3701 1565 3767 ratiocinationibus,
1615 3718 1736 3758 non
1769 3708 1970 3761 autem
2020 3706 2144 3778 pie-

487 3793 605 3847 tate
635 3792 692 3846 et
715 3791 1061 3847 auctoritate
1094 3790 1300 3847 divina
1330 3807 1457 3847 sese
1501 3792 2009 3865 comprehendere
2038 3812 2148 3868 pu-

486 3878 790 3946 tavissent,
817 3880 950 3952 ipsa
981 3880 1075 3936 sui
1117 3881 1585 3953 prresumptione
1623 3880 1801 3949 relisi,
1844 3883 1991 3955 quid
2022 3884 2144 3939 suis

486 3967 713 4024 viribus
744 3968 1139 4041 nequiverint,
1166 3973 1623 4026 monstraretur.
1648 3971 1817 4036 Quod
1840 3971 1944 4028 tibi
1963 3973 2138 4029 etiam

485 4056 697 4113 merito
722 4057 1041 4129 contigisse
1072 4064 1297 4114 certum
1326 4062 1431 4127 est,
1479 4059 1583 4131 qui
1627 4059 1774 4115 dum
1817 4076 2026 4117 eorum
2055 4078 2142 4118 ra-

487 4144 969 4201 tiocinationibus
998 4148 1183 4202 Deum
1206 4147 1463 4203 subdere
1494 4163 1616 4204 non
1644 4149 1882 4219 metuis,
1899 4150 2143 4207 veritate

485 4232 821 4305 fraudatus,
850 4234 985 4308 ipso
1014 4235 1371 4293 inﬁrmitatis
1398 4236 1663 4309 pondere
1711 4245 2140 4309 praegravatus,

480 4323 614 4393 jure
643 4324 1005 4381 succumbis.
1056 4325 1290 4382 Relictis
1345 4326 1506 4382 enim
1555 4326 1988 4383 catholicorum
2039 4330 2144 4386 l‘a-

486 4416 641 4468 trum
688 4412 932 4483 regulis,
982 4430 1137 4487 quas
1185 4415 1528 4471 divinorum
1581 4414 1960 4489 eloquiorum
2010 4434 2141 4490 per-

487 4501 952 4560 scrutationibus
981 4504 1308 4578 prudenter
1337 4521 1406 4561 ac
1434 4521 1697 4575 congrue
1731 4506 2137 4579 praefixerunt,

483 4591 632 4649 dum
661 4609 821 4650 nova
850 4593 1053 4666 fingis,
1077 4593 1157 4651 ita
1186 4593 1248 4651 in
1277 4594 1424 4668 ipsis
1451 4595 1678 4668 deficis,
1696 4599 1761 4652 ut
1788 4595 2008 4669 quibus
2039 4614 2143 4671 ap-

483 4682 702 4755 probes
728 4683 972 4741 minime
999 4683 1362 4741 nanciscaris
1381 4686 1408 4742 ?
1434 4684 1491 4740 Si
1534 4685 1782 4758 quidem
1820 4686 2139 4759 disputans

483 4769 557 4826 de
607 4771 699 4827 his
759 4789 894 4845 quae
956 4773 1388 4831 contrarietatis
1429 4773 1562 4830 loco
1612 4778 1950 4844 sumuntur,
1995 4792 2143 4849 quo-

481 4875 613 4914 rum
647 4861 935 4931 quaedam
952 4863 1266 4932 absolutae,
1290 4863 1572 4937 quaedam
1598 4865 1917 4936 conjuncta
1941 4865 2145 4922 dican-

484 4949 601 5015 tur,
650 4947 1003 5005 absolutivm
1059 4950 1269 5007 formae
1315 4953 1660 5025 exemplum
1715 4953 1789 5010 de
1848 4957 1966 5011 Deo
2018 4972 2142 5012 non

483 5049 663 5106 posse
693 5033 944 5091 inveniri
970 5042 1215 5094 testatus
1241 5055 1305 5095 es
1327 5041 1355 5096 ‘?
1379 5041 1528 5106 Quid
1551 5057 1693 5112 ergo
1719 5042 1941 5114 profuit
1968 5059 2141 5112 regu-

486 5123 608 5178 lam
640 5125 825 5179 Deum
854 5126 1229 5196 prtedicandi
1276 5129 1537 5200 afﬁgere,
1590 5130 1764 5200 cujus
1798 5131 2142 5202 exemplum

485 5216 745 5285 nequeat
771 5211 1070 5269 inveniri?
1123 5216 1313 5272 Satius
1361 5220 1664 5274 enimvero
1713 5217 1964 5274 dixerim
2012 5235 2142 5291 pre-

484 5301 708 5358 menda
756 5300 942 5357 fuisse
991 5300 1243 5371 silentio,
1298 5320 1486 5377 quam
1538 5321 1649 5377 pro
1701 5305 1923 5376 regulis
1972 5308 2139 5367 nullo

486 5390 762 5461 exemplo
791 5391 1104 5447 firmandis
1129 5391 1208 5447 ad
1238 5393 1504 5448 medium
1530 5393 1870 5451 deduxisse.

557 5478 778 5535 Verum
808 5479 969 5552 quod
1028 5479 1307 5536 addidisti
1347 5481 1499 5554 (cap.
1530 5488 1584 5550 9,
1618 5500 1676 5540 n.
1710 5488 1763 5556 4,
1792 5491 1910 5542 sect
1941 5487 1991 5559 4)
2019 5503 2142 5547 non

485 5567 680 5635 facile,
714 5574 778 5626 ut
806 5570 881 5626 de
910 5570 1003 5627 his
1029 5586 1166 5644 qua:
1195 5570 1425 5628 homini
1469 5572 1698 5630 Christo
1732 5580 1983 5641 tantum,
2016 5595 2141 5635 non

485 5657 666 5717 etiam
694 5657 928 5719 deitatis
958 5662 1089 5737 ejus
1139 5662 1520 5731 conveniunt,
1568 5663 1849 5738 quamvis
1898 5665 2138 5740 insepa-

2250 3099 2309 3152 Χ,
2333 3084 2441 3154 t8).
2462 3081 2690 3138 Etenim
2714 3082 3002 3138 Dominus
3020 3085 3189 3139 Jesus
3209 3098 3285 3139 ne
3310 3082 3389 3139 ab
3410 3083 3515 3140 illo
3538 3083 3646 3156 qui
3669 3083 3912 3150 dixerat,

2251 3173 2543 3241 Magister
2565 3172 2711 3229 bone
2739 3171 3069 3243 (Luc.xv1u,
3121 3171 3203 3240 19,
3249 3172 3359 3244 t8),
3403 3175 3703 3246 tanquam
3729 3173 3915 3231 homi-

2252 3276 2392 3316 nem
2410 3276 2544 3316 com
2550 3259 3145 3333 pellans,secundum
3166 3260 3475 3317 hominem
3493 3261 3913 3320 tantummodo

2252 3348 2694 3420 intelligeretur,
2728 3348 2864 3405 ideo
2893 3364 3018 3406 non
3045 3350 3146 3421 ait,
3171 3365 3351 3406 nemo
3376 3349 3577 3407 bonus
3605 3350 3729 3407 nisi
3757 3351 3914 3408 solus

2252 3440 2439 3499 Pater,
2473 3437 2578 3494 sed
2606 3455 2619 3493 :
2647 3439 2834 3496 Nemo
2867 3438 3073 3512 bonus,
3104 3440 3222 3495 nisi
3244 3455 3399 3496 unus
3426 3440 3607 3496 Deus.
3630 3444 3697 3497 In
3725 3440 3916 3497 Patris

2252 3528 2413 3583 enim
2442 3527 2707 3595 nomine,
2738 3527 2866 3600 ipse
2908 3543 3018 3601 per
3048 3543 3112 3584 se
3138 3531 3308 3585 Pater
3356 3530 3825 3602 pronuntiatur:
3859 3530 3917 3587 in

2254 3616 2354 3672 Dei
2385 3632 2522 3672 vero
2555 3620 2612 3672 et
2653 3617 2780 3690 ipse
2830 3617 3011 3674 Filius
3054 3621 3112 3675 et
3157 3618 3407 3691 Spiritus
3455 3622 3729 3687 sanctus,
3777 3621 3920 3693 quia

2250 3705 2500 3762 Trinitas
2531 3722 2687 3763 unus
2713 3711 2800 3764 est
2833 3708 3012 3765 Deus.
3059 3707 3214 3765 Situs
3261 3724 3425 3779 vero,
3458 3712 3515 3765 et
3567 3707 3840 3779 habitus,
3866 3713 3920 3766 et

2250 3795 2405 3866 loca,
2437 3804 2494 3852 et
2523 3800 2796 3870 tempora
2821 3814 2943 3854 non
2965 3798 3226 3872 proprie,
3263 3798 3368 3854 sed
3397 3799 3686 3856 translate
3709 3818 3786 3858 ac
3816 3817 3923 3874 per

2254 3884 2668 3942 similitudines
2692 3887 2972 3943 dicuntur
2989 3887 3052 3943 in
3082 3888 3222 3944 Deo.
3250 3891 3395 3944 Nam
3417 3892 3473 3945 et
3494 3888 3709 3946 sedere
3738 3905 3922 3963 super

2256 3974 2553 4031 Cherubin
2584 3975 2800 4033 dicitur
2843 3977 3035 4048 (Psal.
3085 3993 3279 4045 LXXIX,
3310 3982 3367 4042 2)
3395 3977 3565 4051 quod
3609 3978 3693 4035 ad
3738 3979 3921 4036 silum

2253 4061 2506 4121 dicitur:
2542 4067 2619 4121 Et
2645 4066 2927 4136 abyssum
2977 4072 3266 4137 tanquam
3318 4068 3735 4125 vestimentum
3775 4070 3923 4125 ami-

2254 4158 2383 4209 ctus
2409 4153 2599 4224 (Psal.
2633 4170 2757 4224 c111,
2791 4158 2867 4223 6),
2899 4155 3064 4227 quod
3087 4154 3167 4212 ad
3185 4154 3481 4212 habitum.
3503 4159 3605 4213 Et:
3631 4158 3807 4214 Anni
3832 4159 3928 4214 tui

2253 4256 2372 4296 non
2401 4241 2673 4310 deﬁcient
2702 4244 2890 4310 (Psal.
2926 4258 3001 4312 cr,
3028 4244 3142 4315 28),
3189 4244 3357 4316 quod
3398 4244 3478 4301 ad
3518 4250 3765 4319 tempus
3789 4264 3804 4302 :
3828 4251 3920 4303 et:

2255 4331 2324 4385 Si
2349 4331 2672 4387 ascendere
2707 4333 2769 4388 in
2823 4335 3039 4391 cretum
3086 4340 3153 4389 tu
3183 4334 3266 4389 ibi
3293 4349 3352 4391 es
3404 4335 3593 4406 (Psal.
3647 4352 3922 4403 cmvm,

2255 4420 2331 4491 8).
2371 4417 2538 4491 quod
2561 4418 2638 4475 ad
2664 4418 2887 4478 locum.
2919 4422 3092 4488 Quod
3121 4427 3321 4479 autem
3350 4423 3430 4480 ad
3458 4424 3817 4482 faciendum
3841 4430 3923 4482 at-

2250 4506 2415 4574 tinet,
2467 4506 2740 4564 fortassis
2791 4508 2866 4565 de
2923 4510 3054 4567 solo
3110 4514 3228 4568 Deo
3276 4511 3587 4569 verissime
3643 4513 3921 4571 dicatur:

2251 4595 2413 4653 solus
2443 4595 2603 4652 enim
2637 4600 2790 4654 Deus
2833 4598 2994 4670 facit,
3028 4603 3088 4656 et
3128 4600 3253 4673 ipse
3277 4617 3400 4657 non
3447 4601 3534 4672 fit,
3580 4618 3787 4677 neque
3817 4620 3921 4677 pa-

2250 4684 2408 4753 titur,
2439 4689 2736 4758 quantum
2768 4685 2848 4743 ad
2892 4687 3022 4759 ejus
3068 4687 3465 4745 substantiam
3495 4691 3759 4763 pertinet
3784 4696 3925 4764 ;qua

2251 4777 2407 4830 Deus
2440 4777 2549 4832 est.
2597 4779 2798 4849 Itaque
2846 4778 3226 4850 omnipotens
3284 4779 3478 4847 Pater,
3527 4780 3924 4855 omnipotens

2253 4864 2447 4936 Filius,
2466 4866 2850 4940 omnipotens
2877 4866 3126 4940 Spiritus
3152 4872 3419 4939 sanctus,
3439 4884 3550 4927 nec
3573 4874 3788 4929 tamen
3807 4877 3923 4930 tres

2251 4955 2691 5027 omnipotentes
2719 4956 2827 5012 sed
2855 4972 3012 5013 unus
3037 4957 3429 5032 Omnipotens
3451 4975 3526 5017 ex
3547 4976 3667 5032 quo
3688 4965 3920 5032 omnia,

2245 5059 2358 5114 per
2393 5059 2564 5114 quem
2594 5047 2814 5110 omnia,
2845 5048 2909 5102 in
2940 5062 3053 5118 quo
3083 5049 3321 5104 omnia:
3354 5049 3472 5118 ipsi
3494 5050 3700 5121 gloria
3731 5052 3918 5124 (Rom.

2249 5147 2330 5200 xi,
2363 5135 2475 5197 36).
2533 5133 2835 5207 Quidquid
2889 5151 3030 5208 ergo
3061 5135 3141 5193 ad
3171 5136 3437 5209 seipsum
3484 5137 3709 5197 dicitur
3736 5141 3924 5213 Deus,

2252 5225 2309 5278 et
2362 5222 2439 5278 de
2492 5222 2743 5292 singulis
2802 5226 3076 5298 personis
3144 5225 3410 5283 similiter
3465 5226 3592 5302 [al..
3655 5230 3926 5301 singula-

2249 5310 2410 5382 riter]
2461 5310 2710 5381 dicitur;
2754 5313 2818 5370 id
2874 5319 2963 5372 est
3020 5318 3207 5383 Patre,
3258 5319 3316 5373 et
3369 5316 3529 5387 Filio,
3585 5322 3645 5375 et
3697 5321 3923 5395 Spiritu

2250 5404 2479 5470 sancto,
2530 5405 2588 5459 et
2638 5402 2817 5460 simul
2864 5404 2940 5461 de
2996 5405 3133 5478 ipsa
3178 5406 3473 5474 Trinitate,
3529 5423 3657 5465 non
3713 5409 3922 5482 plura-

2249 5488 2400 5554 liter,
2458 5490 2564 5546 sed
2610 5491 2988 5562 singulariter
3032 5494 3267 5553 dicitur.
3332 5496 3628 5562 Quoniam
3686 5499 3919 5572 quippe

2250 5593 2374 5633 non
2405 5578 2570 5635 aliud
2597 5585 2686 5638 est
2704 5582 2823 5639 Deo
2844 5598 2994 5655 esse,
3018 5588 3075 5640 et
3099 5584 3263 5641 aliud
3290 5601 3585 5657 magnum
3605 5603 3781 5644 esse:
3808 5585 3915 5643 sed

2251 5665 2365 5725 hoc
2394 5666 2556 5725 idem
2585 5669 2667 5728 illi
2696 5674 2785 5731 est
2811 5688 2940 5731 esse
2984 5673 3153 5747 quod
3180 5678 3270 5734 est
3319 5679 3376 5735 et
3404 5692 3699 5751 magnum
3736 5692 3913 5735 esse:
