4116 6186
237 160 368 213 1121

1186 149 1276 206 DE
1314 148 1976 206 PR/EDESTINATIONE
2025 146 2305 204 CONTRA
2345 146 2396 202 J.
2432 147 2708 204 SCOTUM

3517 156 3654 210 H22

234 283 552 355 propterea
577 276 733 333 sicut
760 290 885 332 non
945 272 1207 330 dicimus
1260 278 1376 330 tres
1441 275 1758 339 essentias,
1787 272 1889 330 sed
1923 275 1977 351 tt
2006 286 2142 327 mus
2166 275 2222 328 et
2248 274 2478 329 Patrem
2503 272 2890 346 principium,
2924 276 2981 330 et
3032 272 3240 329 Filium
3268 272 3649 347 principium,

235 385 419 425 unam
444 365 794 435 essentiam,
820 365 906 420 sic
938 379 1062 419 non
1083 362 1343 419 dicimus
1383 368 1498 421 tres
1530 363 1894 435 magnitudi-

230 473 362 523 nes,
392 455 504 512 scd
547 470 737 511 unam
792 451 1297 524 magnitudinem.
1358 453 1690 509 Essentiam
1734 452 1891 521 dico,

231 563 368 619 quae
401 544 559 598 οὐσία
590 547 786 601 Graece
809 541 1046 613 dicitur,
1068 556 1256 614 quam
1304 541 1579 599 usitatius
1620 541 1894 598 substan-

236 632 384 687 tiam
413 646 726 687 vocamus.

312 720 476 778 Sicut
512 735 653 789 ergo
682 733 807 775 non
838 716 1099 773 dicimus
1136 720 1252 773 tres
1296 718 1607 785 cssentias,
1661 715 1742 772 ita
1770 729 1892 770 non

236 811 498 867 dicimus
518 814 634 867 tres
659 807 1130 880 magnitudines,
1163 822 1360 879 nequc
1392 811 1507 862 tres
1532 821 1807 875 magnos.
1829 805 1893 859 In

236 901 422 957 rebus
452 900 610 957 enim
639 915 775 973 quae
811 897 1269 970 pariicipatione
1299 894 1733 967 magnitudinis
1764 910 1892 949 ma-

240 1005 375 1060 gnae
400 990 555 1057 sunt,
583 989 805 1063 quibus
824 987 991 1043 aliud
1028 992 1119 1043 est
1140 1002 1288 1051 esse,
1321 985 1483 1041 aliud
1512 1000 1769 1055 magnas
1798 1000 1892 1039 es-

238 1096 324 1149 se,
352 1080 746 1149 sicutmagna
801 1076 1040 1141 domus,
1065 1079 1122 1131 et
1144 1090 1403 1144 magnus
1431 1089 1627 1142 mons,
1661 1077 1718 1128 et
1763 1088 1892 1128 ma-

234 1183 393 1239 gnus
409 1168 669 1237 animus,
701 1167 763 1221 in
803 1166 897 1222 his
929 1181 1071 1236 ergo
1097 1164 1277 1221 rebus
1308 1164 1472 1220 aliud
1521 1168 1609 1220 est
1661 1162 1896 1231 magni-

235 1257 403 1325 tudo,
439 1256 604 1313 aliud
631 1258 722 1312 est
759 1256 925 1328 quod
952 1255 1030 1311 ab
1060 1270 1131 1311 ea
1153 1252 1572 1323 magnitudine
1602 1268 1892 1322 magnum

233 1350 343 1402 est.
388 1348 454 1402 Et
482 1361 732 1419 prorsus
761 1361 885 1400 non
921 1344 1035 1400 hoc
1084 1347 1174 1399 est
1228 1341 1583 1413 magnitudo
1612 1345 1779 1414 quod
1809 1344 1897 1396 est

233 1450 463 1507 magna
507 1435 751 1491 domus.
785 1433 899 1491 Sed
948 1432 1049 1490 illa
1076 1436 1168 1489 est
1196 1448 1336 1489 vera
1362 1430 1742 1500 magnitudo,
1772 1446 1894 1502 qua

232 1541 359 1582 non
390 1524 585 1581 solum
632 1540 859 1595 magna
887 1526 975 1580 est
1026 1522 1245 1579 domus
1276 1538 1413 1596 qua).
1443 1536 1669 1591 magna
1698 1526 1803 1591 est,
1840 1524 1896 1576 ct

2001 376 2124 416 non
2151 360 2273 416 duo
2296 362 2589 435 principia
2619 367 2903 418 creaturas
2928 361 3207 432 dicimus,
3229 362 3373 435 quia
3402 367 3459 419 et
3482 365 3655 420 Pater

2001 455 2057 505 et
2086 450 2264 506 Filius
2287 451 2460 507 simul
2495 451 2574 507 ad
2597 458 2925 509 creaturam
2951 468 3142 510 unum
3168 452 3530 526 principium
3542 457 3649 521 est,

2002 539 2152 596 sicut
2184 557 2341 596 unus
2396 545 2645 605 creator,
2707 541 2857 598 sicut
2907 558 3065 597 unus
3101 544 3273 598 Deus.
3337 542 3395 599 Si
3452 545 3653 599 autem

1999 628 2296 702 quidquid
2327 629 2386 685 in
2416 647 2479 685 se
2511 635 2734 700 mouet,
2766 634 2823 687 et
2852 630 3041 701 gignit
3068 630 3296 703 aliquid
3321 630 3413 687 vel
3448 646 3655 704 opera-

2000 722 2114 780 tur,
2145 718 2507 791 principium
2528 724 2616 775 est
2637 720 2687 775 ei
2710 720 2792 775 rei
2813 736 2999 793 quam
3023 720 3233 790 gignit,
3272 719 3363 776 vel
3385 720 3437 776 ei
3466 736 3650 794 quam

2001 811 2304 878 operatur,
2330 822 2454 863 non
2507 824 2837 880 possumus
2884 824 3105 880 negare
3149 810 3327 864 etiam
3369 808 3652 882 Spiritum

2004 899 2281 951 sanctum
2304 900 2460 951 recte
2492 896 2607 951 dici
2640 896 3023 971 principium,
3049 898 3193 971 quia
3240 913 3364 954 non
3390 914 3531 954 eum
3564 915 3652 954 se-

2000 999 2290 1056 paramus
2321 984 2400 1040 ab
2458 985 2861 1056 appellatione
2909 987 3215 1057 creatoris,
3258 992 3314 1043 et
3362 987 3652 1059 scriptum

2002 1077 2089 1128 est
2114 1073 2188 1133 de
2218 1073 2318 1131 illo
2339 1074 2506 1147 quod
2537 1080 2835 1147 operetur,
2862 1081 2919 1132 et
2963 1077 3165 1149 utique
3191 1078 3252 1133 in
3283 1094 3344 1133 se
3397 1095 3652 1135 manens

2002 1167 2296 1235 operetur,
2329 1169 2386 1219 et
2414 1164 2618 1237 utique
2648 1165 2710 1220 in
2754 1181 2816 1220 se
2860 1182 3114 1222 manens
3160 1172 3476 1240 operatur:
3526 1184 3652 1225 non

2002 1252 2163 1308 enim
2193 1253 2254 1309 in
2280 1252 2512 1326 aliquid
2543 1270 2753 1309 eorum
2804 1270 2941 1327 quae
2974 1260 3274 1327 operatur,
3303 1256 3431 1328 ipse
3461 1263 3654 1314 muta-

2001 1344 2097 1397 tur
2148 1347 2204 1397 et
2228 1343 2487 1399 vertitur.
2523 1346 2587 1399 Et
2616 1360 2752 1416 quae
2780 1348 3061 1416 operatur
3112 1344 3289 1402 vide:
3325 1348 3653 1419 Unicuique

2002 1436 2219 1497 autem,
2249 1431 2460 1504 inquit,
2485 1433 2676 1488 datur
2705 1434 3116 1502 manifestatio
3144 1433 3404 1503 Spiritus
3432 1435 3514 1491 ad
3542 1437 3653 1492 uti-

2004 1521 2252 1576 litatem.
2282 1521 2412 1576 Alii
2439 1522 2672 1592 quidem
2696 1523 2885 1577 datur
2921 1537 3035 1591 per
3072 1522 3408 1592 Spirituum
3460 1540 3652 1582 sermo

233 1632 360 1689 qua
387 1630 649 1684 magnus
671 1618 979 1681 estmons,
1008 1612 1286 1685 quisquis
1315 1626 1576 1681 magnus
1607 1615 1732 1679 est;
1787 1610 1891 1665 sed
1927 1629 1971 1681 Β
2002 1609 2326 1677 sapientiae,
2364 1610 2477 1665 alii
2497 1624 2688 1666 sermo
2736 1611 2998 1666 scientiae
3031 1610 3356 1667 secundum
3385 1613 3653 1669 eumdem

236 1705 419 1762 etiam
440 1720 562 1777 qua
582 1719 847 1773 magnus
873 1706 962 1759 est
981 1700 1283 1775 quidquid
1302 1700 1468 1757 aliud
1494 1714 1788 1770 magnum
1809 1698 1896 1754 di-

237 1794 418 1850 citur:
447 1798 514 1849 ut
534 1792 700 1850 aliud
730 1792 803 1848 sit
833 1792 966 1865 ipsa
994 1790 1376 1862 magnitudo,
1431 1788 1596 1845 aliud
1654 1804 1726 1844 ea
1755 1804 1900 1860 quae

237 1882 317 1940 ab
362 1882 462 1939 illa
506 1898 734 1953 magna
772 1881 1073 1938 dicuntur.
1110 1881 1252 1946 Quae
1300 1877 1656 1949 magnitudo
1690 1877 1893 1949 utique

234 1971 511 2046 primitus
532 1986 758 2042 magna
786 1975 874 2026 est
900 1969 1215 2043 multoque
1245 1968 1652 2036 excellentius,
1705 1982 1892 2040 quam

239 2076 313 2117 ea
339 2077 477 2134 quae
504 2059 961 2133 participatione
987 2059 1117 2131 ejus
1165 2073 1395 2128 magna
1420 2061 1577 2114 sunt.
1610 2059 1763 2112 Deus
1792 2072 1894 2112 au-

243 2156 385 2219 tem,
430 2150 578 2223 quia
622 2165 746 2207 non
776 2166 847 2206 ea
882 2149 1297 2220 magnitudine
1326 2164 1587 2219 magnus
1618 2151 1705 2204 est
1757 2164 1891 2220 qua:

244 2255 371 2296 non
398 2243 490 2296 est
518 2238 687 2312 quod
711 2244 798 2295 est
826 2240 973 2313 ipse,
1005 2243 1070 2296 ut
1126 2238 1299 2312 quasi
1324 2237 1626 2313 particeps
1659 2236 1789 2308 ejus
1820 2236 1895 2292 sit

242 2331 401 2385 Deus
422 2344 562 2385 cum
591 2344 852 2400 magnus
874 2332 988 2384 est:
1008 2327 1271 2401 alioquin
1300 2327 1399 2384 illa
1419 2327 1527 2384 erit
1556 2327 1751 2398 major
1768 2342 1894 2382 ma-

240 2417 499 2488 gnitudo
521 2433 709 2491 quam
739 2418 914 2485 Deus,
941 2419 1063 2473 Deo
1092 2422 1289 2474 autem
1338 2432 1462 2474 non
1516 2421 1607 2473 est
1664 2416 1894 2490 aliquid

237 2507 478 2579 majus;
511 2522 583 2563 ea
613 2506 794 2577 igitur
815 2506 1229 2579 magnitudine
1258 2523 1520 2578 magnus
1548 2511 1636 2563 est
1654 2522 1775 2579 qua
1801 2505 1893 2579 ip-

239 2612 306 2654 se
333 2600 424 2653 est
447 2595 665 2652 eadem
708 2596 1086 2668 magnitudo.
1119 2598 1189 2653 Et
1215 2595 1353 2653 ideo
1385 2596 1537 2653 sicut
1584 2612 1707 2652 non
1758 2595 1894 2652 dici-

236 2703 378 2743 mus
407 2691 526 2743 tres
550 2687 861 2757 essentias,
883 2685 967 2743 sic
984 2701 1096 2743 nec
1128 2690 1243 2743 tres
1263 2686 1709 2758 magnitudines
1734 2702 1748 2752 ;
1778 2685 1894 2741 hoc

238 2780 330 2832 est
348 2774 509 2831 enim
536 2777 655 2833 Deo
681 2791 813 2832 esse
840 2773 1009 2849 quod
1034 2779 1125 2833 est
1161 2791 1458 2848 magnum
1485 2792 1633 2832 esse.
1668 2774 1891 2831 Eadem

237 2881 426 2922 causa
451 2881 563 2922 nec
589 2869 707 2923 tres
732 2880 991 2936 magnos
1035 2865 1321 2937 dicimus,
1376 2865 1481 2921 sed
1533 2881 1725 2921 unum
1761 2881 1891 2921 ma-

242 2970 439 3038 gnum
455 2973 469 3011 :
497 2954 641 3029 quia
661 2971 784 3012 non
804 2955 1260 3029 participatione
1277 2954 1711 3026 magnitudinis
1738 2957 1893 3009 Deus
1922 2984 1963 3038 ο

237 3034 505 3115 magiqu
535 3048 643 3113 est,
675 3045 781 3101 sed
826 3045 1027 3119 seipse
1063 3060 1290 3115 magno
1319 3060 1580 3116 magnus
1610 3048 1717 3115 est,
1749 3044 1896 3117 quia

235 3128 376 3203 ipse
423 3146 532 3187 sua
555 3134 645 3186 est
670 3129 1049 3202 magnitudo.
1085 3131 1208 3186 Hoc
1256 3130 1331 3185 de
1379 3130 1666 3197 bonitate,
1718 3133 1776 3185 et
1820 3126 1895 3183 dc

239 3220 586 3289 aeternitate,
619 3223 676 3277 et
695 3219 769 3276 de
799 3220 1236 3294 omnipotentia
1267 3220 1368 3277 Dei
1392 3218 1621 3276 dictum
1651 3218 1743 3286 sit,
1764 3233 1894 3273 om-

240 3307 551 3382 nibusque
572 3310 819 3376 omnino
841 3309 1326 3383 praedicamentis
1352 3325 1488 3382 quae
1519 3307 1593 3364 de
1622 3308 1741 3363 Deo
1763 3322 1898 3380 pos-

244 3400 391 3453 sunt
417 3397 810 3470 pronuntiari,
850 3397 1017 3471 quod
1047 3397 1126 3479 ad
1156 3414 1219 3454 se
1263 3397 1465 3470 ipsum
1510 3395 1724 3453 dicitur
1772 3411 1896 3451 non

238 3487 528 3544 translate
556 3503 627 3544 ac
655 3503 765 3561 per
791 3487 1270 3556 similitudinem,
1303 3487 1409 3543 sed
1429 3486 1669 3560 proprie
1705 3503 1717 3542 :
1743 3486 1794 3541 si
1818 3490 1899 3542 ta-

233 3593 387 3635 men
416 3577 490 3634 dc
514 3578 617 3635 illo
641 3578 880 3652 proprie
896 3578 1123 3651 aliquid
1142 3577 1259 3635 dici
1279 3594 1380 3634 ore
1400 3576 1662 3634 hominis
1681 3580 1895 3650 potest,

232 3667 420 3734 Quod
450 3668 579 3740 [al.,
630 3669 787 3741 quae]
815 3672 1015 3725 autem
1046 3668 1287 3742 proprie
1328 3666 1564 3738 singula
1593 3667 1655 3724 in
1683 3666 1898 3723 eadem

229 3757 522 3814 Trinitate
568 3756 870 3830 dicuntur,
901 3757 1066 3814 nullo
1094 3758 1279 3814 modo
1328 3757 1403 3813 ad
1437 3757 1659 3830 seipsa,
1687 3755 1793 3813 sed
1820 3755 1898 3811 ad

231 3847 524 3915 invicem,
549 3851 653 3904 aut
681 3847 759 3904 ad
790 3852 1125 3904 creaturam
1152 3847 1466 3916 dicuntur;
1497 3850 1555 3903 et
1583 3846 1719 3903 ideo
1744 3844 1897 3901 rela-

228 3936 386 4005 tive,
415 3952 541 3993 non
572 3936 1039 3994 substantialiter
1067 3953 1138 3994 ea
1175 3936 1291 3992 dici
1343 3935 1732 3992 manifestum
1789 3938 1895 3990 est.

228 4024 409 4082 Sicut
434 4025 598 4082 enim
618 4025 870 4082 Trinitas
900 4042 1060 4082 unus
1092 4025 1308 4082 dicitur
1328 4027 1484 4080 Deus
1500 4022 1897 4095 magnus,bo-

228 4131 385 4179 nus,
417 4119 694 4179 aeternus,
722 4115 1135 4189 omnipotens:
1166 4114 1451 4186 idemque
1479 4113 1607 4187 ipse
1663 4111 1747 4167 sic
1791 4128 1900 4167 sua

229 4203 363 4261 dici
390 4207 587 4276 potest
623 4202 832 4272 deitas,
864 4204 992 4277 ipse
1045 4219 1156 4260 sua
1188 4201 1567 4273 magnitudo,
1617 4200 1748 4274 ipse
1791 4214 1901 4255 sua

227 4292 509 4360 bonitas,
535 4292 666 4365 ipse
709 4310 821 4350 sua
862 4293 1179 4360 aeternitas,
1213 4292 1341 4367 ipse
1380 4308 1493 4349 sua
1530 4290 1903 4359 omnipoten-

231 4381 370 4439 tia:
403 4397 530 4437 non
564 4381 649 4438 sic
686 4381 805 4438 dici
828 4386 1026 4456 potest
1048 4381 1299 4438 Trinitas
1320 4384 1508 4438 Pater.

322 4470 547 4526 Dicitur
566 4486 710 4542 ergo
738 4470 978 4528 relative
1006 4474 1194 4540 Pater,
1234 4470 1516 4543 idemque
1547 4469 1790 4526 relative
1819 4466 1904 4524 di-

241 4559 409 4616 citur
435 4559 816 4633 principium,
841 4563 897 4617 et
922 4560 971 4616 si
1019 4560 1167 4633 quid
1197 4559 1345 4617 forte
1376 4559 1541 4616 aliud
1565 4578 1577 4612 :
1604 4559 1709 4615 sed
1738 4562 1906 4614 Pater

237 4648 329 4707 ad
370 4648 580 4705 Filium
601 4649 837 4718 dicitur,
865 4648 1233 4722 principium
1251 4664 1395 4705 vero
1418 4648 1496 4704 ab
1527 4648 1732 4705 omnia
1768 4663 1903 4720 quae

243 4738 331 4795 ab
359 4737 492 4810 ipso
525 4743 683 4795 sunt.
727 4740 872 4795 Item
901 4736 1119 4794 dicitur
1163 4735 1406 4793 relative
1433 4736 1630 4803 Filius,
1663 4735 1907 4792 relative

248 4827 469 4884 dicitur
486 4833 544 4885 et
573 4828 831 4885 Verbum
861 4832 918 4885 et
947 4828 1180 4899 imago;
1208 4831 1264 4883 et
1291 4827 1355 4882 in
1384 4826 1668 4882 omnibus
1697 4825 1789 4881 his
1809 4841 1909 4881 vo-

244 4916 484 4975 cabulis
516 4919 595 4974 ad
623 4921 856 4975 Patrem
874 4916 1143 4986 refertur,
1175 4915 1323 4973 nihil
1342 4920 1542 4973 autem
1571 4914 1788 4971 horum
1808 4916 1909 4970 Pa-

237 5013 339 5065 ter
363 5007 599 5064 dicitur.
624 5010 693 5064 Et
718 5007 1083 5081 principium
1109 5006 1326 5063 dicitur
1351 5005 1531 5063 Filius
1555 5024 1568 5062 :
1592 5020 1731 5061 cum
1748 5002 1910 5060 enim

235 5097 551 5154 diceretur
577 5096 666 5153 ei:
702 5099 787 5153 Tu
835 5113 968 5169 quis
998 5113 1053 5154 es
1077 5101 1105 5153 ?
1128 5096 1464 5170 respondit:
1510 5096 1908 5165 Principium,

233 5189 362 5261 qui
382 5193 438 5244 et
471 5188 684 5259 loquor
730 5187 891 5243 vobis
922 5186 1116 5259 (Joan.
1160 5202 1282 5258 vui,
1333 5190 1448 5255 25).
1484 5184 1599 5241 Sed
1632 5180 1913 5255 nunquid

235 5277 448 5334 Patris
476 5276 889 5350 principium?
919 5278 1256 5333 Creatorem
1289 5292 1353 5332 se
1383 5275 1608 5348 quippe
1639 5271 1915 5329 ostende-

231 5377 315 5419 re
342 5361 536 5418 voluit
565 5377 704 5418 cum
733 5361 883 5417 dixit
912 5378 1043 5417 esse
1074 5361 1465 5434 principium,
1497 5359 1650 5412 sicut
1673 5359 1915 5412 etPater

231 5451 623 5526 principium
670 5455 762 5508 est
814 5456 1120 5519 creaturas,
1155 5466 1226 5507 eo
1273 5447 1441 5521 quod
1497 5446 1577 5503 ab
1614 5445 1746 5519 ipso
1778 5448 1918 5502 sunt

233 5543 483 5601 omnia.
508 5546 657 5600 Nam
688 5547 745 5600 et
770 5547 1001 5600 creator
1031 5542 1272 5598 relative
1311 5538 1527 5595 dicitur
1572 5537 1651 5594 ad
1690 5541 1918 5594 creatu-

232 5647 412 5704 ram,
446 5633 598 5691 sicut
617 5633 903 5692 dominus
925 5632 1000 5690 ad
1039 5646 1301 5690 servum.
1331 5630 1398 5685 Et
1420 5627 1556 5685 ideo
1602 5644 1743 5685 cum
1771 5625 1913 5685 dici-

2000 1697 2337 1767 Spiritum;
2366 1699 2549 1755 alteri
2588 1705 2788 1755 autem
2814 1699 2960 1768 ﬁdes
3010 1699 3075 1755 in
3130 1700 3327 1757 eodem
3374 1700 3657 1771 Spiritu;

2001 1785 2113 1842 alii
2139 1786 2384 1843 donatio
2412 1788 2792 1844 curationum
2820 1789 2885 1844 in
2936 1803 3056 1844 uno
3085 1789 3365 1859 Spiritu;
3386 1788 3499 1845 alii
3524 1803 3655 1859 ope-

2000 1876 2262 1932 rationes
2291 1877 2583 1933 virtutum
2609 1895 2622 1945 ;
2651 1878 2760 1933 alii
2786 1877 3128 1947 prophetia,
3162 1878 3277 1934 alii
3296 1878 3652 1947 diiudicatio

2000 1964 2346 2035 spirituum,
2378 1966 2562 2023 alteri
2595 1982 2819 2038 genera
2845 1967 3171 2038 liguarum.
3208 1968 3417 2024 Omnia
3446 1973 3647 2023 autem

2002 2053 2130 2111 hwc
2159 2060 2449 2125 operatur
2479 2071 2635 2112 unus
2666 2060 2846 2128 atque
2872 2057 3028 2113 idem
3046 2056 3333 2127 Spiritus,
3378 2056 3649 2113 dividens

1992 2145 2254 2214 propria
2280 2145 2603 2218 unicuique
2626 2152 2812 2216 prout
2839 2147 2968 2203 vult
3001 2147 3039 2218 (Ι
3074 2148 3214 2203 Car.
3239 2161 3348 2217 xu,
3369 2149 3451 2201 7-1
3470 2145 3655 2218 l),uti-

2000 2247 2119 2304 que
2149 2232 2303 2289 sicut
2331 2235 2505 2289 Deus.
2533 2234 2674 2300 Quis
2694 2234 2854 2290 enim
2885 2238 3051 2291 tanta
3086 2233 3186 2290 illa
3206 2237 3402 2307 potest
3419 2235 3654 2308 operari

1998 2320 2114 2377 nisi
2132 2322 2290 2378 Deus
2312 2322 2340 2378 ?
2384 2323 2539 2379 Idem
2565 2328 2764 2380 autem
2793 2324 2951 2379 Deus
2999 2324 3105 2395 qui
3137 2328 3424 2394 operatur
3453 2323 3655 2380 omnia

2001 2410 2065 2465 in
2089 2412 2360 2467 omnibus
2388 2412 2554 2481 (Ibid.
2587 2412 2663 2484 6).
2699 2416 2849 2469 Nam
2869 2410 3240 2483 etsigillatim
3262 2412 3311 2468 si
3333 2412 3657 2484 interroge-

2000 2515 2140 2557 mur
2168 2500 2243 2558 de
2292 2501 2514 2574 Spiritu
2569 2513 2799 2570 sancto,
2855 2501 3165 2558 verissime
3215 2502 3654 2575 respondemus

2000 2591 2170 2665 quod
2198 2595 2354 2649 Deus
2401 2593 2494 2661 sit,
2530 2596 2587 2650 et
2633 2609 2769 2649 cum
2802 2596 2973 2650 Patre
3003 2597 3061 2650 et
3115 2592 3261 2649 Filio
3292 2591 3472 2649 simul
3497 2608 3656 2649 unus

2002 2683 2158 2737 Deus
2214 2684 2325 2739 cst.
2396 2684 2592 2738 Unum
2658 2697 2801 2753 ergo
2857 2681 3227 2755 principium
3288 2681 3368 2738 ad
3431 2685 3657 2739 creatu-

1999 2785 2132 2825 ram
2169 2769 2385 2826 dicitur
2422 2772 2600 2839 Deus,
2640 2786 2765 2827 non
2825 2770 2949 2827 duo
3013 2769 3108 2828 vel
3172 2769 3285 2827 tria
3336 2769 3655 2844 principia.

2074 2857 2390 2923 Quomodo
2434 2858 2614 2928 igitur
2666 2858 3075 2914 obtinebimus
3125 2858 3274 2914 nihil
3319 2859 3655 2916 secundum

2002 2946 2282 3003 accidens
2312 2946 2431 3002 dici
2450 2946 2511 3001 in
2535 2949 2745 3014 Deum,
2770 2945 2887 3001 nisi
2906 2945 3051 3017 quia
3080 2945 3270 3018 ipsius
3309 2950 3540 3003 naturae
3568 2946 3656 3002 ni-

2001 3037 2086 3094 hil
2106 3037 2324 3094 accidit
2360 3053 2483 3110 quo
2505 3040 2784 3104 mutetur,
2812 3040 2878 3092 ut
2902 3051 2975 3091 ea
2997 3036 3116 3091 sint
3147 3035 3485 3093 accidentia
3510 3036 3659 3094 rela-

2004 3127 2143 3196 tiva,
2171 3143 2309 3200 quae
2331 3142 2471 3183 cum
2502 3125 2705 3198 aliqua
2732 3123 3063 3181 mutatione
3099 3138 3303 3180 rerum
3327 3124 3403 3180 de
3432 3124 3656 3197 quibus

2002 3215 2238 3284 dicitur,
2269 3214 2570 3273 accidunt.
2593 3214 2754 3271 Sicut
2781 3211 3015 3269 amicus
3043 3210 3289 3269 relative
3311 3211 3659 3284 dicitur,ne-

2003 3320 2121 3378 que
2144 3304 2305 3360 enim
2343 3320 2474 3361 esse
2503 3302 2712 3377 incipit
2740 3301 2859 3359 nisi
2894 3316 3034 3357 cum
3065 3316 3272 3359 amare
3296 3302 3571 3375 coeperit:
3594 3301 3663 3359 ﬁt

2003 3408 2145 3463 ergo
2171 3392 2376 3466 aliqua
2403 3392 2656 3449 mutatio
2686 3389 3013 3449 voluntatis
3043 3394 3109 3447 ut
3149 3390 3381 3447 amicus
3404 3389 3658 3447 dicatur.

2004 3487 2298 3541 Nummus
2319 3486 2522 3540 autem
2552 3498 2692 3539 cum
2718 3481 2934 3539 dicitur
2964 3480 3224 3554 pretium
3248 3480 3490 3537 relative
3520 3479 3664 3537 dici-

2004 3578 2234 3645 tur,nec
2256 3576 2460 3631 tamen
2474 3576 2741 3629 mutatus
2764 3576 2853 3629 est
2872 3587 3012 3629 cum
3031 3587 3161 3628 esse
3181 3571 3362 3645 coepit
3377 3570 3659 3645 pretium,

2004 3680 2200 3738 neque
2228 3680 2367 3721 cum
2397 3663 2613 3721 dicitur
2638 3664 2882 3737 pignus,
2916 3667 2972 3719 et
3025 3661 3071 3718 si
3098 3678 3229 3734 qua
3255 3666 3395 3719 sunt
3425 3661 3658 3719 similia.

2004 3753 2062 3809 Si
2090 3769 2232 3823 ergo
2258 3769 2548 3809 nummus
2568 3756 2785 3825 potest,
2809 3751 2975 3808 nulla
3006 3750 3099 3806 sui
3120 3752 3467 3821 mutatione,
3513 3749 3664 3808 mul-

2007 3843 2177 3899 toties
2199 3842 2334 3909 dici,
2367 3841 2629 3910 relative,
2652 3844 2719 3895 ut
2748 3855 2944 3911 neque
2966 3854 3106 3894 cum
3142 3838 3350 3910 incipit
3398 3838 3536 3908 dici,
3562 3853 3665 3894 ne-

2005 3946 2125 4002 que
2155 3945 2295 3984 cum
2322 3927 2559 3998 desinit,
2592 3926 2820 3999 aliquid
2858 3926 2919 3981 in
2943 3926 3072 3996 ejus
3098 3928 3314 3981 natura
3344 3924 3440 3980 vel
3466 3924 3666 3982 forma

2006 4020 2154 4092 (qua
2189 4032 2478 4073 nummus
2507 4016 2615 4087 est)
2642 4013 2994 4070 mutationis
3018 4013 3156 4070 ﬁat:
3182 4015 3410 4087 quanto
3430 4010 3662 4068 facilius

2008 4106 2083 4163 de
2111 4104 2215 4161 illa
2241 4101 2725 4161 incommutabili
2749 4101 2851 4158 Dei
2873 4100 3213 4158 substantia
3246 4100 3541 4158 debemus
3570 4115 3667 4157 ac-

2010 4196 2205 4271 cipere
2231 4198 2299 4251 ut
2320 4194 2401 4251 ita
2426 4193 2659 4251 dicatur
2683 4191 2925 4249 relative
2955 4190 3181 4263 aliquid
3205 4190 3284 4247 ad
3305 4194 3662 4257 creaturam,

2011 4291 2077 4343 ut
2102 4283 2382 4359 quamvis
2414 4281 2820 4357 temporaliter
2846 4279 3092 4354 incipiat
3139 4279 3277 4347 dici,
3314 4296 3437 4337 non
3463 4284 3667 4337 tamen

2011 4374 2125 4448 ipsi
2153 4372 2501 4430 substantiae
2532 4371 2634 4428 Dei
2685 4370 2989 4428 accedisse
3027 4368 3257 4442 aliquid
3281 4368 3664 4441 intelligatur,

2013 4465 2119 4521 sed
2140 4464 2225 4520 illi
2256 4467 2542 4520 creaturae
2570 4461 2650 4519 ad
2676 4477 2864 4535 quam
2899 4459 3134 4517 dicitur.
3158 4461 3419 4527 Domine,
3450 4458 3665 4532 inquit,

2012 4554 2316 4625 refugium
2344 4554 2546 4624 factus
2569 4566 2626 4607 es
2656 4551 2823 4607 nobis
2852 4550 2976 4620 (Ps.
3010 4564 3245 4616 LXXXIX,
3264 4547 3338 4615 1);
3363 4548 3668 4616 refugium

2013 4657 2156 4713 ergo
2185 4644 2461 4698 nostrum
2516 4640 2671 4695 Deus
2701 4638 2946 4695 relative
2976 4636 3210 4705 dicitur,
3243 4635 3323 4692 ad
3371 4649 3482 4690 nos
3509 4633 3671 4691 enim

2013 4730 2301 4787 refertur:
2336 4732 2403 4784 Et
2430 4732 2571 4784 tunc
2600 4728 2901 4798 refugium
2953 4729 3227 4782 nostrum
3274 4723 3361 4792 ﬁt,
3420 4738 3560 4779 cum
3589 4722 3671 4780 ad

2015 4834 2155 4876 eum
2203 4816 2577 4888 refugimus:
2644 4814 2929 4888 Nunquid
2991 4818 3133 4871 tunc
3197 4813 3267 4871 ﬁt
3326 4812 3557 4886 aliquid
3606 4812 3672 4869 in

2016 4909 2146 4981 ejus
2204 4911 2439 4973 natura,
2497 4904 2686 4979 quod,
2750 4908 3077 4978 antequam
3121 4903 3200 4960 ad
3253 4919 3393 4960 eum
3440 4902 3673 4975 refuge-

2016 5016 2219 5057 remus
2247 5013 2371 5054 non
2401 4999 2560 5053 erat?
2589 5000 2653 5052 In
2680 4995 2855 5052 nobis
2885 5011 3028 5067 ergo
3057 4996 3126 5053 ﬁt
3147 4994 3350 5068 aliqua
3378 4995 3669 5065 mutatio;

2019 5088 2342 5147 deteriores
2375 5086 2537 5144 enim
2594 5084 2818 5142 fuimus
2855 5088 3186 5158 antequam
3217 5083 3297 5142 ad
3335 5101 3474 5141 eum
3517 5084 3674 5141 refu-

2021 5194 2320 5250 geremus,
2367 5181 2424 5232 et
2480 5174 2772 5232 efﬁcimur
2823 5173 2903 5229 ad
2958 5190 3098 5231 eum
3156 5173 3509 5245 refugiendo
3555 5187 3676 5228 me-

2018 5268 2244 5326 liores?
2271 5267 2334 5323 in
2385 5266 2484 5323 illo
2530 5268 2733 5322 autem
2778 5264 2978 5321 nulla:
3033 5264 3126 5321 Sic
3180 5269 3235 5321 et
3274 5268 3445 5336 pater
3472 5264 3675 5317 noster

2021 5374 2149 5415 esse
2178 5357 2406 5430 incipit,
2436 5372 2573 5413 cum
2612 5370 2720 5429 per
2760 5354 2890 5426 ejus
2929 5355 3188 5427 gratiam
3218 5366 3670 5423 regeneramur,

2021 5446 2312 5521 quoniam
2351 5446 2513 5503 dedit
2570 5445 2736 5502 nobis
2778 5449 3133 5514 potestatem
3187 5443 3345 5512 ﬁlios
3389 5442 3502 5498 Dei
3541 5438 3679 5510 ﬁeri

2025 5536 2216 5607 (Joan.
2248 5551 2287 5602 1,
2315 5538 2423 5593 12).
2458 5533 2804 5591 Substantia
2852 5534 3055 5605 itaque
3085 5535 3290 5588 nostra
3317 5534 3583 5586 mutatur
3612 5528 3675 5582 in

2022 5621 2258 5687 melius,
2291 5637 2427 5677 cum
2453 5623 2560 5679 lilii
2590 5623 2641 5693 ej
2653 5638 2720 5677 us
2739 5620 3054 5685 efﬁcimur,
3084 5617 3266 5674 simul
3291 5622 3346 5674 et
3376 5617 3474 5673 ille
3503 5618 3676 5672 Pater
