4112 6184
555 143 688 197 H23

1635 136 1690 191 S.
1732 125 2099 188 PBUDENTII
2135 125 2512 188 TRECENSIS
2553 133 2858 190 EPISCOPI

3770 132 3869 184 H24

550 269 756 321 noster
780 277 908 320 esse
938 259 1165 332 incipit,
1197 257 1301 314 sed
1329 256 1496 315 nulla
1547 273 1667 312 suae
1728 252 2194 311 commutatione
2232 251 2284 311 Α
2310 257 2633 312 secundum
2678 257 2993 313 consilium
3046 252 3372 309 voluntatis
3408 265 3520 305 sum
3546 251 3702 319 (Eph.
3730 267 3762 319 i,
3793 252 3872 306 lli.

554 352 934 410 substantiae:
969 349 1134 421 quod
1189 362 1331 417 ergo
1373 346 1776 420 temporaliter
1832 345 1950 400 dici
1996 340 2203 414 incipit

553 441 840 498 Dominus
867 440 997 510 [al.,
1031 441 1226 508 Deus],
1254 437 1420 510 quod
1469 440 1646 492 antea
1699 450 1818 490 non
1869 431 2200 502 dicebatur,

551 529 938 587 manifestum
953 532 1040 583 est
1055 525 1292 582 relative
1319 525 1461 582 dici:
1489 541 1609 580 non
1635 529 1835 580 tamen
1867 519 2202 578 secundum

551 620 834 676 accidens
862 617 982 688 Dei,
1007 617 1174 688 quod
1205 615 1257 670 ei
1283 615 1510 688 aliquid
1547 613 1853 670 acciderit:
1888 610 1994 666 sed
2024 609 2203 682 plane

552 707 887 764 secundum
917 704 1197 762 accidens
1230 703 1353 770 Dei,
1383 701 1550 775 quod
1579 702 1632 757 ei
1691 698 1920 772 aliquid
1974 695 2203 754 accide-

548 796 654 852 rit:
691 794 795 849 sed
823 794 1000 866 plane
1033 791 1368 848 secundum
1401 789 1680 846 accidens
1732 788 1860 859 ejus
1911 786 1988 841 ad
2036 781 2206 856 quod

548 883 665 939 dici
695 883 728 949 'i
755 881 1007 954 [al.,dici
1039 879 1268 952 aliquid
1296 881 1448 934 Deus
1478 877 1705 949 incipit]
1741 875 2026 931 Dominus
2057 871 2204 928 inci-

549 975 635 1045 pit
657 972 898 1028 relative
925 987 936 1025 :
965 973 1047 1032 Et,
1071 968 1238 1040 quod
1265 967 1495 1023 amicus
1520 965 1620 1020 Dei
1636 965 1835 1036 justus
1879 978 2012 1018 esse
2057 961 2204 1017 inci-

550 1061 654 1134 pit,
686 1062 814 1134 ipse
843 1064 1107 1115 mutatur
1135 1076 1148 1113 :
1174 1059 1327 1112 Deus
1360 1062 1562 1112 autem
1588 1053 1743 1109 absit
1773 1057 1836 1108 ut
1863 1049 2204 1124 temporali-

547 1155 638 1207 ter
667 1150 930 1222 aliquem
958 1146 1168 1216 diligat
1223 1145 1396 1216 quasi
1441 1158 1598 1198 nova
1652 1140 1984 1207 dilectione,
2017 1137 2207 1211 (quod

548 1238 1112 1310 inipso)[al.,qnie
1173 1234 1232 1288 iu
1292 1231 1414 1302 illo]
1465 1234 1599 1286 ante
1658 1245 1779 1286 non
1839 1234 1985 1292 erat,
2043 1224 2210 1299 apud

552 1343 735 1399 quem
765 1341 873 1382 nec
903 1323 1199 1397 praeterita
1226 1321 1664 1387 transierunt,et
1692 1320 1910 1389 futura
1924 1320 2057 1388 jam
2075 1317 2208 1386 fac-

555 1421 616 1472 ta
645 1422 804 1471 sunt.
839 1415 1045 1486 Itaque
1075 1426 1287 1467 omnes
1339 1414 1578 1465 sanctos
1636 1424 1778 1464 suos
1822 1412 1958 1463 ante
1997 1404 2211 1466 mundi

553 1503 1036 1560 constitutionem
1059 1499 1277 1566 dilexit,
1299 1499 1447 1553 sicut
1469 1496 1926 1569 praedestinavit,
1951 1493 2055 1550 sed
2073 1509 2212 1550 cum

2313 343 2469 400 Licet
2513 344 2713 417 itaque
2770 344 3047 400 dicantur
3093 339 3364 396 homines
3413 337 3582 393 etiam
3617 344 3872 402 creatores,

2311 431 2676 497 conditores,
2717 433 2993 496 factores,
3025 433 3386 502 operatores,
3417 425 3876 495 ordinatores,dis-

2312 522 2624 595 positores,
2659 523 3074 586 destinatores,
3108 515 3635 590 praedestinatores,
3663 519 3710 569 et
3735 514 3879 570 multa

2313 611 2550 681 similia,
2584 611 2677 666 ille
2737 617 2959 674 tamen,
3011 606 3194 663 modo
3239 604 3499 676 quodam
3546 603 3776 674 proprio,
3802 605 3878 657 etsi

2313 699 2554 755 relative
2586 699 2876 754 dicendus
2898 702 2985 752 est
3016 698 3266 759 creator,
3297 691 3581 756 conditor,
3603 690 3877 762 factor,ope

2313 794 2495 854 rator,
2523 789 2867 860 dispositor,
2901 785 3243 845 destinator,
3275 797 3345 837 ac
3376 779 3877 852 praedestinatomui

2313 877 2476 934 solus
2507 884 2642 934 ante
2673 882 2887 933 cuncta
2914 874 3103 948 potuit
3129 871 3473 945 praevidere,
3501 884 3670 940 quam
3700 867 3877 933 faceret;

2314 967 2601 1039 quoniam
2631 968 2754 1039 ipse
2813 965 2998 1031 solus,
3030 964 3229 1020 omnia
3259 972 3613 1032 quacunque
3640 959 3794 1014 voluit
3818 958 3882 1024 fe-

2315 1056 2396 1113 cit
2415 1056 2479 1112 in
2511 1059 2656 1114 coelo
2683 1063 2734 1112 el
2769 1058 2829 1112 in
2853 1062 3035 1121 terra,
3059 1055 3121 1109 in
3150 1051 3308 1106 mari
3326 1055 3379 1105 et
3400 1049 3459 1103 in
3484 1046 3726 1103 omnibus
3743 1045 3876 1113 abys-

2315 1148 2416 1216 sis,
2450 1161 2525 1202 ex
2547 1161 2662 1216 quo
2685 1147 2905 1212 omnia,
2927 1159 3036 1213 per
3057 1157 3227 1214 quem
3248 1139 3466 1204 omnia,
3497 1137 3557 1191 in
3585 1149 3688 1206 quo
3713 1135 3877 1192 omnia

2318 1237 2433 1306 ipsi
2471 1236 2672 1307 gloria
2725 1237 2789 1291 in
2840 1235 3064 1291 saecula
3121 1231 3498 1292 saeculorum,
3551 1240 3704 1281 amen
3746 1224 3876 1293 (Psal.

2319 1342 2471 1396 cxm,
2504 1330 2570 1395 3;
2607 1328 2764 1382 Rom.
2795 1341 2873 1394 χι,
2898 1324 3007 1394 36).

2393 1416 2536 1482 Quis
2567 1429 2749 1487 porro
2775 1428 2894 1468 non
2944 1413 3182 1483 stupeat
3227 1406 3552 1464 fatuitatem
3584 1400 3766 1459 tuam?
3787 1402 3878 1468 Qui,

2323 1521 2462 1562 cum
2488 1505 2762 1578 superius
2810 1500 3248 1576 praescientiam
3302 1502 3360 1554 et
3387 1491 3878 1568 prtedestinationem

555 1595 986 1649 convertuntur
1016 1595 1072 1645 θῖ
1101 1588 1410 1644 inveniunt
1439 1586 1630 1654 illum,
1676 1591 1817 1641 tunc
1848 1585 2108 1658 iDCiPeI‘e
2133 1583 2211 1639 ab
2240 1605 2286 1662 Β
2322 1595 2422 1649 Dei
2439 1595 2568 1666 ejus
2599 1593 2999 1650 substantiam
3028 1587 3378 1652 asserueris,
3419 1600 3573 1640 nunc
3598 1580 3823 1638 translate
3838 1581 3877 1632 in

555 1697 626 1738 eo
652 1680 818 1750 diligi
847 1679 1151 1748 dicuntur,
1180 1683 1244 1733 ut
1274 1691 1345 1732 eo
1378 1675 1562 1731 modo
1602 1674 1837 1730 dicatur
1865 1689 1988 1747 quo
2019 1676 2214 1746 potest

554 1771 825 1826 humano
856 1767 1070 1825 aifectu
1100 1765 1234 1839 capi
1264 1764 1431 1837 quod
1463 1763 1695 1819 dicitur.
1733 1761 1824 1818 Sic
1855 1762 2038 1818 etiam
2075 1776 2210 1817 cum

554 1859 740 1915 iratus
767 1857 940 1913 malis
972 1855 1208 1921 dicitur,
1243 1857 1298 1909 et
1321 1851 1599 1926 placidus
1639 1852 1834 1917 bonis,
1862 1851 1943 1906 illi
1975 1855 2214 1906 mutan-

556 1952 652 2004 tur
674 1961 796 2002 non
822 1946 972 2018 ipse,
1005 1945 1157 2000 sicut
1176 1943 1301 2015 lux,
1350 1940 1602 1997 inﬁrmis
1627 1939 1817 1996 oculis
1844 1955 2078 2013 aspera,
2112 1941 2211 1995 tir-

557 2035 672 2092 mis
699 2035 850 2091 lenis
877 2037 967 2089 est
995 2033 1262 2106 ipsorum
1293 2030 1512 2087 scilicet
1532 2029 1883 2093 mutatione,
1914 2042 2039 2082 non
2058 2026 2212 2096 sua.]

632 2127 744 2181 Has
770 2123 1150 2180 beatissimus
1175 2119 1565 2190 Augustinus,
1602 2117 1841 2174 afﬂatus
1872 2119 2012 2186 Deo,
2039 2129 2216 2184 regu-

556 2214 645 2270 las
664 2214 841 2269 nobis
870 2211 946 2268 de
975 2227 1046 2268 eo
1076 2209 1416 2267 acutissime
1461 2208 1868 2280 veraeiterque
1905 2203 2216 2276 dereliquit

554 2301 928 2375 respondens
945 2299 1303 2356 Arianorum
1323 2295 1727 2368 versutiis,qui
1748 2294 2214 2366 inaequalitatem

559 2397 776 2448 sanctae
810 2389 1108 2446 Trinitatis
1139 2386 1509 2457 argumentis
1540 2383 1864 2440 dialecticis
1885 2398 1986 2438 ore
2018 2386 2076 2437 et
2091 2396 2215 2436 cor-

558 2479 633 2537 de
679 2480 963 2554 pestifero
1008 2477 1438 2533 inclamabant.
1472 2478 1555 2529 Tu
1579 2489 1743 2540 vero,
1776 2473 2124 2541 frigescente
2154 2471 2216 2524 in

559 2576 613 2626 te
635 2585 789 2625 verae
817 2567 1118 2622 charitatis
1159 2565 1394 2633 ardore,
1426 2580 1535 2619 nec
1587 2568 1795 2618 contra
1840 2557 2216 2614 dialecticum

559 2656 879 2729 sophistice
910 2669 1109 2724 agere,
1138 2669 1247 2708 nec
1275 2650 1741 2724 simplicioribus
1759 2646 2041 2703 fratribus
2072 2660 2215 2699 con-

559 2745 750 2800 sulere
779 2743 1047 2814 dclegisti
1079 2759 1092 2797 :
1148 2743 1393 2814 quippe,
1427 2741 1574 2795 dum
1607 2737 1848 2807 attingis
1889 2732 2214 2806 superﬂua,

558 2833 846 2890 obscuras
869 2833 1046 2888 etiam
1077 2830 1415 2887 manifesta.
1451 2831 1824 2901 Quapropter
1851 2822 2016 2896 quod
2041 2823 2102 2877 in
2123 2837 2218 2877 ca-

2323 1701 2460 1741 eum
2507 1684 2622 1740 dici
2654 1699 2821 1739 more
2855 1681 3196 1738 Latinorum
3253 1691 3570 1740 asseveres,
3595 1687 3716 1745 quin
3755 1669 3877 1724 subs-

2322 1773 2575 1829 tantiam
2606 1787 2921 1844 nunquam
2956 1769 3397 1833 demonstrant,
3443 1779 3566 1819 esse
3601 1766 3768 1818 autem
3791 1759 3878 1812 hac

2323 1863 2570 1920 relativa
2619 1867 2676 1918 et
2731 1860 3073 1916 nullatenus
3122 1853 3493 1913 substantiva
3544 1850 3707 1907 cuivis
3751 1847 3877 1902 etiam

2324 1951 2668 2026 simpliciori
2701 1953 2885 2024 patet:
2921 1950 3347 2005 Verumtamen
3393 1939 3876 2026 praedestinationeni

2324 2021 2567 2116 quoque
2589 2021 2713 2096 non
2744 2037 3235 2102 substantialiter,
3270 2033 3376 2090 sed
3405 2031 3626 2088 relative
3651 2031 3798 2082 Deum
3821 2021 3876 2077 di-

2325 2135 2377 2189 ci
2407 2148 2584 2205 posse
2641 2130 2793 2185 sicut
2844 2127 3164 2196 refugium,
3216 2123 3484 2192 laudem,
3534 2117 3875 2178 laudationem,

2323 2221 2755 2296 protectionem
2787 2217 2952 2274 nullo
2985 2215 3170 2272 modo
3192 2211 3529 2277 abnuerim,
3577 2203 3803 2280 quamvis
3837 2200 3874 2254 id

2325 2312 2531 2368 divina
2586 2308 2827 2380 eloquia
2875 2305 3123 2362 minime
3180 2299 3632 2358 commendent:
3680 2289 3874 2364 alioquin

2324 2401 2506 2456 veluti
2557 2378 2976 2461 non—creatio,
3009 2393 3282 2466 operatio
3332 2397 3508 2462 atque
3553 2382 3777 2445 conditio,
3820 2378 3877 2466 ita

2325 2505 2435 2546 nec
2465 2488 2782 2544 destinatio
2822 2501 2892 2541 ac
2914 2465 3366 2558 praedestinatio
3394 2479 3542 2534 Deus
3571 2465 3873 2558 substantiali-

2325 2583 2411 2634 ter
2442 2577 2543 2632 ulli
2573 2575 2867 2633 catholico
2913 2553 3410 2645 pronuntiandus
3466 2569 3626 2638 atque
3665 2553 3866 2645 fatendus

2325 2671 2431 2734 e’st,
2459 2681 2535 2721 ne
2558 2643 3023 2720 evidentissima:
3052 2658 3310 2715 rationis
3336 2650 3685 2713 auctoritatis,
3708 2661 3760 2701 ac
3789 2643 3866 2734 ᾖ·

2327 2757 2428 2812 tris
2476 2753 2791 2824 Augustini
2840 2747 3241 2807 veracissimis
3310 2737 3771 2824 disputationibus
3800 2732 3875 2786 im-

2325 2822 2640 2917 pudenter,
2707 2841 2829 2898 imo
2895 2837 3211 2895 inﬁdeliter
3280 2845 3603 2909 repugnare
3641 2822 3876 2884 convinca-

558 2923 758 2995 talogo
809 2921 1330 2978 substantivorum
1387 2919 1702 2974 nominum
1759 2914 2213 2972 destinationem
2245 2957 2286 3010 ο
2328 2914 2438 2996 tur,
3507 2941 3518 2954 ,

556 3027 779 3087 ponere
810 3009 1050 3068 voluisti
1080 3012 1234 3082 (cap.
1266 3012 1319 3077 9,
1346 3023 1409 3063 n.
1444 3012 1496 3073 5,
1523 3014 1664 3063 sect.
1702 3005 1779 3076 ‘2),
1833 3002 2053 3059 falsum
2083 3014 2214 3055 esse

557 3102 692 3176 quis
721 3098 985 3158 nesciat?
1015 3101 1334 3171 Nunquam
1367 3097 1527 3152 enim
1555 3095 1800 3151 relativa
1817 3089 2218 3148 substantiam

563 3189 1040 3262 signiticant,sed
1065 3188 1142 3244 ad
1167 3186 1393 3259 aliquid
1410 3201 1484 3240 ea
1498 3184 1791 3257 pertinere
1819 3197 1942 3237 non
1963 3178 2216 3234 dubium

561 3286 648 3336 est
675 3298 687 3335 :
721 3279 1019 3335 destinare
1047 3283 1247 3333 autem
1276 3274 1521 3330 relative
1549 3272 1783 3340 dicitur,
1817 3271 1967 3326 sicut
1991 3281 2213 3332 creare,

561 3369 714 3424 sicut
732 3368 944 3432 facere,
975 3366 1130 3420 sicut
1157 3363 1414 3436 operari,
1441 3362 1594 3417 sicut
1613 3361 1953 3432 disponere,
1980 3356 2218 3428 dispen-

562 3473 714 3524 sare,
743 3456 1037 3525 judicare,
1066 3467 1201 3524 qua:
1247 3468 1371 3507 non
1413 3451 1818 3506 substantiam
1875 3447 2080 3517 utique
2109 3445 2213 3499 de-

562 3547 917 3610 monstrant,
949 3542 1053 3595 sed
1089 3542 1167 3595 ad
1198 3539 1426 3611 aliquid
1441 3539 1628 3593 relata
1645 3539 2026 3610 promuntur,
2050 3549 2214 3588 nom-

561 3648 636 3707 pe
666 3631 772 3704 qui
818 3629 1096 3696 destinat,
1145 3629 1270 3684 sive
1321 3626 1728 3699 praedestinat,
1760 3623 1990 3696 aliquid
2045 3621 2216 3677 nimi-

561 3739 698 3779 rum
731 3719 1010 3791 destinat,
1061 3719 1181 3774 sive
1232 3715 1643 3790 prasdestinat.
1698 3717 1850 3784 Ergo
1908 3728 2047 3768 cum
2076 3710 2210 3766 dici-

564 3829 699 3868 mus
729 3809 1048 3874 destinare,
1075 3823 1197 3863 non
1228 3821 1356 3862 esse
1377 3805 1656 3873 dicimus,
1687 3803 1796 3859 sed
1825 3801 2057 3874 aliquid
2095 3799 2214 3855 dis-

559 3915 805 3976 ponere,
837 3902 901 3954 ut
923 3912 1146 3965 creare,
1178 3895 1391 3963 facere,
1425 3898 1606 3967 atque
1635 3891 1891 3965 operari.
1925 3894 2053 3947 Non
2106 3888 2217 3958 igi-

562 3996 657 4047 tur
711 3986 1030 4045 destinatio
1095 3983 1490 4051 substantive,
1537 3981 1643 4038 sed
1685 3981 1904 4037 dicitur
1931 3977 2210 4035 relative:

561 4078 950 4135 relativorum
988 4079 1192 4132 autem
1229 4089 1355 4130 non
1388 4075 1477 4129 est
1506 4070 1908 4128 substantiam
1927 4067 2214 4124 demons-

561 4172 741 4236 trare,
768 4166 884 4222 hoc
911 4180 1033 4220 non
1067 4163 1262 4220 solum
1288 4161 1528 4231 divinae,
1557 4175 1768 4216 verum
1801 4159 1978 4214 etiam
2004 4157 2216 4212 huma-

561 4273 656 4312 nae
677 4255 882 4312 litterae
912 4254 1194 4324 clamant,
1226 4255 1284 4307 et
1330 4251 1460 4322 ipse
1493 4248 1914 4304 usitatissimus
1943 4246 2122 4301 etiam
2152 4244 2215 4300 in

562 4344 829 4400 litteratis
859 4343 1204 4417 quibusque
1230 4337 1516 4413 loquendi
1544 4336 1784 4406 modus,
1801 4334 1968 4408 quod
1981 4347 2212 4402 omnes,

563 4438 668 4490 aut
695 4449 849 4506 pene
877 4445 1108 4494 omnes,
1141 4429 1464 4496 destinare,
1497 4441 1606 4500 pro
1635 4439 1707 4481 eo
1754 4423 1922 4497 quod
1943 4427 2034 4479 est
2059 4421 2215 4478 ordi-

561 4538 707 4580 nare
737 4526 918 4596 atque
946 4521 1287 4593 disponere,
1318 4515 1560 4574 dicendi
1591 4512 1924 4587 frequentia
1949 4511 2216 4568 celebra-

561 4629 625 4670 re
657 4613 881 4686 saepius
910 4626 1035 4667 non
1060 4609 1371 4666 desistunt.
1405 4609 1534 4663 Non
1576 4608 1666 4661 est
1692 4603 1871 4675 igitur
1899 4600 2217 4659 destinatio

564 4705 739 4774 Deus,
771 4717 968 4774 neque
999 4698 1440 4755 substantivum
1463 4695 1641 4765 illius,
1675 4691 1780 4749 sed
1800 4691 2000 4766 potius
2025 4689 2218 4747 relati-

562 4807 730 4861 vum,
786 4805 910 4863 quo
967 4787 1339 4858 signiﬁcatur
1389 4782 1762 4857 disposuisse
1817 4786 1955 4838 ante
1997 4778 2219 4836 saacula

563 4878 863 4952 quidquid
910 4877 970 4932 in
997 4882 1264 4950 tempore
1307 4874 1402 4931 vel
1449 4877 1587 4946 post
1615 4877 1889 4945 tempora
1915 4874 2042 4928 erat
2089 4868 2218 4942 ipse

565 4967 852 5024 facturus.
881 4965 1138 5021 Proinde
1159 4963 1440 5038 quamvis
1461 4962 1723 5032 relative,
1755 4960 2048 5033 quoniam
2079 4959 2222 5013 sunt

565 5055 812 5113 relative
836 5056 987 5123 haec,
1021 5055 1081 5110 in
1114 5057 1254 5127 Deo,
1276 5053 1368 5110 vel
1406 5053 1481 5109 de
1511 5053 1650 5118 Deo,
1683 5063 2072 5122 nequaquam
2114 5045 2222 5101 fal-

562 5146 769 5204 laciter
797 5145 1215 5218 praedicentur,
1247 5143 1394 5200 nulli
1419 5146 1648 5198 natura),
1679 5140 1741 5195 id
1767 5137 1931 5211 quod
1957 5134 2220 5207 praedes-

564 5237 756 5294 tinare
808 5233 1025 5291 dicitur
1064 5231 1500 5306 competentius
1555 5233 1816 5302 aptatur,
1874 5239 2062 5297 quam
2113 5223 2218 5294 illi,

565 5341 723 5398 quae,
749 5324 878 5382 sola
897 5321 1346 5396 omnipotentiae
1373 5336 1497 5375 suae
1515 5319 1751 5381 virtute,
1778 5313 2219 5385 universa,quin

566 5412 757 5470 fuerat
781 5414 915 5487 ipsa
940 5413 1191 5480 factura,
1241 5408 1435 5482 potuit
1462 5404 1760 5480 praescire,
1791 5400 1985 5475 potuit
2009 5401 2219 5474 praevi-

567 5503 745 5571 dere;
774 5519 932 5576 quae,
965 5517 1105 5556 cum
1136 5499 1210 5554 sit
1252 5496 1523 5564 Trinitas,
1583 5507 1740 5547 unus
1795 5490 1959 5546 solus
2007 5494 2062 5546 et
2113 5505 2218 5545 ve-

563 5605 671 5650 rus
696 5593 873 5661 Deus,
909 5593 1219 5661 operatur,
1251 5582 1584 5642 secundum
1613 5579 1984 5656 Apostolum,
2015 5580 2218 5637 omnia

2997 3033 3222 3091 CAPUT
3262 3035 3308 3089 X

2326 3153 2411 3206 De
2436 3166 2500 3206 eo
2529 3149 2689 3222 quod
2716 3163 2754 3204 a
2782 3144 3087 3222 contrario
3116 3122 3877 3222 ίηιειιίςεηίζιινζι.⁸ξῢ,ίιέ⁴ἐ².⁷ἒ¹έ⁰

2397 3208 2623 3278 dicitur
2652 3220 2808 3276 Deus
2834 3216 3136 3287 praescire,
3171 3218 3287 3270 aut
3304 3208 3873 3287 ᾑνωίζθεῑίηανερςςςίξ

2399 3273 2605 3420 infigit
2634 3273 2899 3354 mortem,
2936 3288 3030 3344 vel
3050 3273 3262 3356 pinnas
3304 3273 3622 3347 hominum,
3648 3273 3727 3331 vel
3747 3279 3875 3336 ange-

2421 3380 2610 3420 orum.

2401 3455 2672 3509 Decimus
2705 3447 3218 3522 blasphemiarum
3248 3449 3490 3501 tuarum
3517 3435 3694 3496 titulus
3717 3433 3798 3486 est.

2893 3569 3153 3612 JOANNES
3199 3567 3373 3607 SCOTU
3383 3566 3412 3606 S

2395 3650 2563 3720 (σειρ-
2596 3648 2679 3710 ¹Ον
2713 3661 2881 3720 num-
2920 3649 2978 3720 1i
2997 3645 3138 3699 θεοί·
3185 3641 3258 3720 ¹);
3287 3628 3873 3720 οςερτιαοίέἐέέοξξέἱίέῖ

2321 3705 2414 3777 rio
2445 3705 2898 3790 intelligendam
2916 3705 3023 3790 sit,
3049 3705 3297 3784 quando
3327 3705 3545 3790 dicitur
3584 3705 3877 3790 Betim;

3100 3758 3500 3860 ρῖέῖἇιξὶεί
3548 3758 3775 3834 mortem,
3813 3758 3873 3818 ιἐί

2310 3856 2528 3936 poenas
2561 3856 2888 3930 hominum,
2911 3859 3003 3916 vel
3029 3856 3409 3926 angelorum.

2997 3977 3302 4020 CORRECTIO
3788 4029 3796 4039 .
3826 4025 3834 4035 ,

2397 4064 2459 4117 In
2486 4074 2611 4133 quo
2662 4057 2810 4113 dum
2871 4051 3120 4110 inservis
3168 4048 3495 4106 dialecticis
3546 4059 3610 4100 ac
3637 4040 3876 4133 rhetoricis,

2323 4125 2571 4224 prorsus
2602 4163 2638 4203 a
2668 4146 2909 4202 veritate
2939 4139 3231 4197 desereris
3256 4155 3270 4191 :
3297 4132 3615 4194 subdividis
3627 4125 3758 4186 enim
3770 4128 3877 4191 ρτεε·

2324 4216 2634 4295 scientiam
2665 4238 2722 4288 et
2767 4227 3380 4305 praedestinationem,
3413 4221 3583 4280 sicuti
3628 4216 3879 4305 etprfﬁpaj

2322 4328 2619 4386 rationem
2649 4327 2705 4380 et
2729 4320 3174 4395 prmvisionem,
3207 4316 3566 4386 duabusque
3595 4301 3795 4395 sedibus
3831 4305 3880 4395 ξλ-

2325 4391 2779 4485 gniﬁcationum
2799 4408 2862 4464 in
2893 4411 3081 4463 Deum
3109 4404 3437 4462 translatas
3453 4391 3880 4485 θεεθτὶεωξᾼυωξ·

2322 4468 2403 4558 5n
2434 4498 2819 4556 similitudine
2851 4499 3195 4564 sumuntur,
3222 4491 3373 4549 nihil
3417 4485 3574 4546 aliud
3608 4468 3878 4564 signiﬁcent

2325 4596 2540 4666 praeter
2565 4589 2737 4663 quod
2763 4587 2891 4660 ipse
2923 4586 3166 4642 Creator
3181 4558 3471 4640 omnium
3500 4578 3732 4666 facturus
3753 4558 3878 4666 estsi,

2327 4648 2446 4740 sive
2475 4682 2538 4738 in
2563 4648 2982 4737 cbnstituenda
3010 4671 3414 4731 universitatis
3447 4657 3743 4724 substantia
3758 4648 3864 4740 11le

2325 4735 2673 4844 ralibusque
2703 4769 2834 4840 ejus
2869 4764 3285 4840 qualitatibus,
3328 4761 3452 4816 sive
3503 4757 3564 4812 in
3611 4751 3723 4821 ej“8

2325 4821 2674 4920 nistratione
2701 4821 2764 4914 in
2793 4821 3359 4921 hisltantummodo,
3408 4861 3546 4920 quos
3579 4826 3827 4912 przscivil
3848 4821 3882 4921 εξ

2323 4950 2773 5024 praedestinavit
2821 4944 3144 5004 secundum
3165 4919 3535 5013 propositum
3573 4926 3775 5024 θνᾳτιξ

2328 5009 2660 5112 ξοηίονγηθε
2680 5036 2960 5108 imaginis
2977 5033 3125 5090 Filii
3148 5009 3245 5088 sui
3267 5009 3452 5102 (Rom.
3476 5039 3594 5088 vm,
3614 5009 3882 5112 28,29?“

2327 5100 2581 5188 futuros.
2616 5100 2871 5194 Quando
2900 5139 3036 5181 vero
3078 5122 3153 5179 de
3177 5100 3310 5178 loco
3339 5116 3444 5192 qui
3471 5118 3554 5170 est
3581 5125 3615 5166 a
3639 5100 3882 5194 contrahi?

2327 5219 2478 5278 nihil
2503 5220 2566 5275 in
2594 5217 2680 5274 eis
2711 5208 3319 5284 intelligendum,nisi
3343 5189 3506 5280 quod
3530 5203 3692 5262 nens,
3709 5189 3884 5284 ίηοτθξζ
3994 5189 3995 5284 ξ

2511 5324 2699 5383 quam
2722 5307 2849 5380 ipse
2876 5275 3320 5368 cyondidit,’ﬁeri
3349 5275 3484 5352 sinit
3509 5292 3664 5347 motu

2326 5361 2636 5470 liberoque
2709 5361 3018 5451 rationalis
3109 5391 3334 5444 naturae
3352 5427 3367 5451 ,
3445 5384 3698 5470 Ρθτνβτεῗ

2328 5449 2824 5545 tisvnaiuralibus
2884 5479 3062 5538 bonis
3117 5493 3253 5552 quas
3309 5449 3400 5530 sui
3447 5449 3714 5552 'Creatoris

2326 5537 2804 5647 Sicinini:
2853 5537 2946 5628 Et
2972 5569 3089 5626 hoc
3134 5537 3262 5625 esse
3304 5566 3486 5621 totum
3535 5546 3684 5628 quod
3723 5537 3882 5596 diem
