4112 6184
214 168 353 223 “25

212 292 463 357 malum,
509 295 567 347 et
594 306 780 363 pmna
823 294 951 364 ejus
981 292 1147 352 varia
1182 295 1658 368 multimodaque
1690 293 1861 350 mise.
1890 295 1942 352 Δ

210 382 339 448 ria;
370 379 539 453 quod
586 384 652 436 ut
696 382 1182 454 compendiosius
1223 389 1465 457 propter
1498 385 1615 442 mei
1641 383 1863 440 similes

209 469 481 541 eloquar.
515 469 616 524 Vis
645 468 891 541 intelligi
922 474 1110 528 Deum
1151 474 1427 545 prtescire
1478 479 1534 531 et
1562 472 1866 547 praedesti-

210 575 359 616 nare
391 559 812 615 tantummodo
836 576 972 633 quae
1014 561 1178 618 bona
1208 567 1367 634 sunt,
1402 562 1563 620 mala
1590 578 1728 619 vero
1759 577 1868 618 nec

207 647 493 722 prmscire
541 663 653 703 nec
690 648 1149 721 praedestinare:
1200 667 1388 724 quam
1420 652 1867 725 perversitatem

210 734 415 791 nullus
443 739 580 792 ante
606 741 661 793 te
691 739 1149 812 praesumpsisse
1164 741 1473 812 reperitur,
1499 756 1636 797 cum
1658 756 1868 795 omnes

209 824 561 881 divinorum
591 825 905 883 Librorum
934 828 1172 899 paginas
1202 829 1389 885 Deum
1418 829 1869 902 omnipotentis-

210 913 436 973 simum
486 918 542 970 et
582 915 982 986 justissimum
1029 919 1178 973 scire
1221 924 1277 975 et
1327 920 1620 991 praescire,
1655 934 1724 975 ac
1764 934 1870 991 per

207 1002 332 1059 hoc
360 1002 695 1076 prohibere,
721 1005 993 1076 judicare
1018 1011 1199 1079 atque
1223 1009 1433 1080 punire
1463 1014 1726 1081 peccata,
1744 1023 1869 1065 non

208 1091 412 1149 solum
442 1091 756 1157 factorum,
785 1110 992 1151 verum
1032 1096 1212 1153 etiam
1243 1097 1539 1155 dictorum
1570 1099 1871 1170 cogitatio—

209 1196 484 1253 numque
512 1181 815 1238 multoties
841 1182 1156 1241 inculcent.

286 1271 437 1337 Quid
463 1272 663 1328 enim?
686 1273 964 1346 nunquid
989 1277 1250 1333 nescisse
1274 1280 1427 1334 Deus
1452 1277 1745 1334 dicendus
1782 1282 1871 1335 est

210 1365 566 1428 peccaturos
613 1361 803 1417 nostri
849 1363 1081 1432 generis
1124 1367 1350 1438 primos
1399 1368 1870 1440 propagatores?

211 1452 336 1507 Cur
357 1464 500 1521 ergo
522 1464 626 1505 eos
655 1449 734 1505 ab
776 1450 1197 1510 inobedientiae
1224 1454 1405 1526 malo,
1436 1460 1494 1513 et
1520 1458 1688 1530 prius
1707 1455 1870 1513 beni-

210 1553 335 1609 gne
361 1538 669 1611 prohibuit
695 1540 859 1606 (Gen.
887 1556 949 1611 n,
987 1542 1092 1611 l7),
1121 1547 1179 1599 et
1204 1549 1342 1616 post
1375 1545 1533 1616 juste
1562 1545 1871 1602 damnavit

1136 172 1224 227 DE
1264 152 1931 228 ΡΚΕΒΕΞΤΙΝΑΤΙΟΝΕ
1969 164 2249 228 CONTRA
2286 175 2333 229 J.
2383 170 2677 233 SCOTUM.

3493 180 3627 241 H26

2551 314 2796 357 JOANNES
2835 317 3056 359 SCOTUS.

2049 383 2209 458 (Cap.
2247 389 2328 452 to,
2360 402 2528 444 num.
2563 392 2617 455 2,
2655 395 2798 447 sect.
2846 395 2893 459 t)
2936 395 2975 445 Θ
3010 392 3152 449 Cum
3181 409 3321 466 ergo
3350 396 3628 453 audimus

1971 475 2277 541 prcescivit
2299 478 2477 545 Deus,
2505 480 2599 534 vel
2632 480 3108 554 prcedestinavit,
3140 484 3232 539 vel
3255 488 3630 554 praeparavit

1974 569 2240 631 peccata,
2263 580 2366 622 seu
2392 572 2662 639 mortem,
2696 570 2817 626 sive
2834 585 3046 640 plenas
3072 586 3273 629 eorum
3302 590 3447 646 quos
3467 578 3634 647 juste

1978 652 2257 710 deseruit.
2798 731 2802 735 ‘

2640 760 2741 802 (ἷοΒ
2748 762 2967 805 RECTIO.

2047 829 2080 896 i
2112 830 2253 895 Quis
2280 832 2394 889 hoc
2423 833 2655 903 dixerit,
2688 835 2824 908 quis
2856 836 3064 894 saltem
3099 839 3452 911 cogitatione
3491 860 3631 900 con-

1977 920 2244 991 ceperit?
2296 922 2516 978 Dicitur
2571 924 2730 980 enim
2788 928 2941 981 Deus
2995 928 3305 999 praescisse
3361 935 3628 1004 peccata,

1977 1013 2252 1076 mortem,
2312 1010 2403 1066 vel
2458 1024 2711 1084 poenas:
2771 1013 3231 1086 praedestinasse
3289 1023 3489 1076 autem
3538 1020 3634 1077 vel

1974 1110 2351 1170 praeparasse
2374 1105 2621 1172 peccata
2645 1116 2964 1174 nunquam
2984 1107 3122 1159 ante
3144 1110 3199 1161 te
3220 1106 3447 1164 dictum
3465 1126 3631 1165 com-

1976 1186 2123 1257 peri,
2155 1201 2471 1261 nunquam
2517 1189 2667 1261 legi;
2714 1191 3169 1263 praedestinasse
3194 1210 3336 1252 vero
3368 1197 3459 1254 vel
3478 1213 3633 1271 prai-

1978 1288 2230 1345 parasse
2259 1282 2514 1333 mortem
2544 1278 2663 1334 sive
2678 1292 2892 1353 poenas
2915 1282 3301 1353 peccantibus
3326 1287 3634 1358 propheti-

1978 1377 2063 1416 caa
2115 1368 2173 1419 et
2219 1364 2562 1437 apostolicae
2610 1365 2818 1424 litteras
2876 1367 3155 1427 clamant.
3187 1370 3278 1427 Tu
3304 1388 3446 1430 vero
3493 1374 3638 1447 quia

1979 1451 2415 1522 praescientiam
2466 1459 2522 1511 et
2566 1455 3155 1527 praedestinationem
3184 1460 3522 1534 confundis,
3554 1463 3638 1520 ita

1981 1544 2044 1596 ut
2074 1555 2263 1596 unum
2311 1558 2439 1599 esse
2486 1543 2873 1615 dogmatizes,
2905 1544 3056 1601 dicis
3103 1551 3290 1605 Deum
3331 1553 3640 1623 praedesti-

210 1629 385 1700 (Gen.
407 1644 485 1696 ιιι,
511 1628 599 1699 15)
620 1628 648 1683 ?
670 1629 960 1685 Nimirum
984 1632 1129 1703 quia
1154 1648 1191 1689 a
1212 1635 1520 1706 peccando
1542 1634 1865 1707 prohibuit,
1898 1646 1942 1702 Β
1978 1644 2155 1684 nasse
2199 1634 2255 1686 et
2290 1646 2665 1704 praeparasse
2712 1638 2977 1706 peccata,
3010 1636 3178 1709 quod
3205 1636 3638 1696 catholicorum

208 1725 275 1775 et
296 1717 573 1791 prmvidit
596 1722 655 1774 et
678 1718 974 1791 praescivit
996 1720 1145 1793 quid
1173 1722 1336 1779 malo
1354 1723 1771 1781 inobedientiaa
1784 1741 1873 1781 es-

210 1812 307 1863 set
336 1807 519 1863 homo
547 1807 909 1873 facturus,et
927 1809 1076 1881 quid
1096 1810 1307 1867 merito
1332 1812 1569 1883 justiﬁes
1597 1818 1869 1888 receptu-

208 1912 341 1952 rus.
368 1894 425 1952 Si
443 1910 641 1968 neque
669 1896 1156 1971 praeviditneque
1180 1901 1478 1972 pt‘eescivit
1498 1907 1745 1975 peccata
1760 1905 1869 1960 ho-

206 1983 450 2041 minum
506 1984 733 2041 diluvio
782 1985 1203 2057 periturorum,
1235 1990 1381 2061 quid
1428 1994 1516 2047 est
1562 1992 1728 2065 quod
1766 2008 1871 2065 per

209 2089 412 2132 annos
438 2079 679 2131 centum
704 2091 908 2132 arcam
926 2077 1209 2133 aediﬁcari
1229 2080 1515 2152 praecipit,
1540 2088 1622 2149 ut,
1647 2083 1871 2139 caeteris

212 2168 461 2238 propter
487 2168 735 2236 peccata
776 2164 1001 2232 deletis,
1036 2165 1199 2222 solus
1228 2171 1347 2224 Noe
1376 2185 1514 2225 cum
1547 2171 1730 2227 domo
1761 2187 1873 2228 sua

213 2252 591 2314 salvaretur?
642 2252 795 2319 Quid
842 2259 931 2311 est
965 2254 1152 2328 quod,
1186 2258 1325 2313 Mosi
1354 2257 1766 2316 liberationem
1798 2264 1871 2315 ls-

212 2341 392 2400 raelis
422 2342 773 2414 praedicens,
809 2342 1179 2400 Pharaonem
1222 2349 1401 2419 atque
1441 2349 1752 2420 [Egyptios
1782 2349 1869 2405 in-

212 2432 468 2489 duratos
510 2431 664 2488 inter
710 2436 794 2488 tot
840 2437 897 2489 et
950 2437 1106 2489 tanta
1158 2437 1615 2507 percussionum
1654 2453 1873 2509 genera

211 2520 650 2578 contumaciter
670 2520 853 2577 corda
884 2537 995 2578 sua
1010 2536 1134 2578 non
1156 2524 1350 2580 tacet?
1373 2525 1538 2597 (Gen.
1575 2542 1647 2592 vi,
1679 2532 1728 2595 1,
1744 2543 1870 2601 seq.

213 2628 321 2680 vn,
356 2610 403 2675 l,
433 2625 562 2682 seq.
591 2611 789 2666 Exod.
821 2626 900 2675 1v,
933 2613 1043 2683 '25.)
1082 2612 1139 2669 Si
1178 2628 1302 2669 non
1351 2616 1649 2689 prasscivit
1676 2632 1873 2691 neque

214 2699 496 2772 prasvidit
533 2699 760 2756 scelera
787 2699 1098 2774 multaque
1127 2702 1358 2773 ﬂagitia
1386 2703 1666 2776 ejusdem
1696 2710 1878 2764 Israe-

217 2788 364 2844 litici
383 2786 729 2861 populi,cur
749 2802 852 2844 eos
877 2790 1235 2847 nominatim
1261 2791 1340 2849 ab
1365 2793 1653 2850 omnibus
1667 2812 1875 2869 pecca-

215 2878 292 2933 tis
323 2878 621 2935 abstinere
656 2878 980 2950 praecepit?
1008 2879 1134 2952 qui,
1167 2896 1304 2936 cum
1355 2882 1629 2939 homines
1670 2884 1876 2942 divina

1979 1718 2179 1774 nullus
2211 1734 2480 1792 unquam
2510 1721 2606 1777 vel
2653 1722 2839 1778 sensit
2865 1723 2961 1779 vel
2989 1724 3155 1781 dixit.
3185 1724 3427 1783 Diﬂ‘erre
3459 1744 3639 1801 porro

1978 1808 2416 1881 prrescientiam
2471 1825 2509 1866 a
2562 1810 3085 1882 praedestinatione
3146 1819 3203 1870 et
3269 1832 3453 1889 supra
3507 1818 3641 1888 jam

1978 1897 2233 1967 egimus,
2265 1901 2339 1962 et,
2375 1897 2476 1952 ubi
2521 1902 2932 1971 opportunum
2962 1900 3158 1972 fuerit,
3192 1918 3368 1973 agere
3404 1921 3527 1960 non
3555 1906 3642 1977 pi-

1980 1984 2157 2055 gebit.
2187 1985 2438 2042 Proinde
2472 2002 2611 2042 cum
2641 1985 2856 2044 dicitur
2899 1989 3053 2044 Deus
3095 1992 3404 2062 praescisse
3433 2009 3641 2064 pecca-

1982 2079 2061 2141 ta,
2095 2079 2371 2143 mortem,
2401 2082 2456 2131 et
2484 2091 2719 2149 poenas,
2752 2092 2875 2134 non
2924 2094 2960 2134 a
3006 2080 3304 2137 contrario
3348 2080 3641 2138 debemus

1980 2163 2327 2236 intelligere,
2376 2181 2483 2238 per
2532 2171 2774 2240 tropum
2831 2168 2935 2240 qui
2988 2167 3205 2225 dicitur
3251 2170 3637 2245 antiphrasis,

1980 2258 2047 2308 ut
2092 2252 2330 2319 deliras,
2359 2254 2464 2310 sed
2511 2255 2847 2312 secundum
2899 2272 3037 2313 eam
3081 2259 3354 2328 regulam
3395 2275 3529 2331 quas
3560 2257 3640 2315 ab

1980 2343 2265 2399 omnibus
2316 2344 2664 2400 orthodoxis
2712 2347 3133 2403 tractatoribus
3179 2348 3355 2404 nobis
3396 2348 3643 2421 praeﬁxa

1982 2437 2089 2499 est,
2121 2448 2264 2505 qua,
2292 2432 2466 2504 juxta
2493 2435 2909 2491 auctoritatem
2937 2442 3282 2493 sanctarum
3316 2440 3642 2511 Scriptura-

1980 2536 2138 2590 rum,
2173 2523 2326 2576 Deus
2355 2536 2427 2577 ea
2456 2537 2579 2577 non
2613 2522 2812 2579 solum
2857 2526 3188 2596 praescisse,
3219 2541 3432 2582 verum
3460 2528 3642 2583 etiam

1982 2611 2227 2683 punisse
2276 2614 2334 2667 et
2380 2612 2701 2684 puniturus
2751 2630 2881 2669 esse
2934 2610 3305 2671 describitur.
3350 2614 3644 2689 Quodque

1984 2699 2267 2770 adjungis
2288 2715 2301 2760 :

2552 2806 2791 2847 JOANNES
2842 2805 3049 2848 SCOTUS
3058 2833 3071 2847 .

2061 2878 2222 2951 (Cap.
2262 2881 2344 2947 to,
2379 2894 2547 2935 num.
2580 2882 2635 2950 3,
2668 2887 2808 2936 sect.
2840 2881 2917 2952 2.)
2950 2886 2990 2934 Θ
3020 2882 3192 2938 Illud
3226 2886 3522 2940 malorum
3553 2901 3649 2954 ge-

212 2966 541 3038 majestate
566 2971 742 3039 atque
772 2969 1119 3024 auctoritate
1140 2969 1421 3040 dignatus
1448 2974 1875 3045 estperignem
1908 2997 1951 3055 α
1985 2982 2099 3022 nus
2124 2985 2136 3035 ;
2169 2966 2329 3038 quod
2357 2982 2487 3022 cum
2519 2970 2892 3025 naturaliter
2918 2970 2993 3024 sit
3026 2970 3242 3026 bonum
3265 2973 3469 3028 eadem
3503 2978 3645 3027 con-

214 3061 280 3111 et
332 3054 650 3126 caliginem
708 3056 1033 3112 tonitruum
1089 3073 1161 3113 ac
1203 3058 1443 3129 fulgura
1487 3060 1880 3118 discut'rentia
1928 3054 1933 3055 ⁷
1988 3057 2320 3113 trarietatis
2350 3057 2564 3126 regula
2592 3058 2820 3112 malum
2847 3057 3097 3128 dicitur,
3133 3064 3199 3113 ut
3244 3066 3328 3115 est
3356 3060 3512 3130 ignis
3541 3061 3648 3117 ille

216 3143 607 3217 compellare,
623 3144 704 3200 ita
719 3160 970 3201 exorsus
986 3149 1074 3202 est
1097 3163 1110 3202 :
1138 3147 1264 3217 Ego
1276 3163 1406 3204 sum
1426 3149 1712 3205 Dominus
1726 3151 1879 3207 Deus

220 3240 388 3302 tuus,
409 3233 512 3303 qui
529 3232 714 3289 eduxi
742 3240 796 3289 te
820 3233 893 3289 de
920 3240 1086 3290 terra
1096 3234 1386 3306 Egypti,
1410 3236 1482 3292 de
1512 3237 1683 3293 domo
1704 3240 1883 3294 servi-

227 3322 398 3376 tutis.
424 3321 557 3376 Non
587 3321 822 3378 habebis
851 3322 987 3378 deos
1008 3324 1234 3379 alienos
1263 3338 1465 3381 coram
1491 3340 1583 3381 me
1600 3342 1622 3382 :
1650 3342 1771 3382 non
1787 3328 1883 3397 fa-

232 3409 353 3465 cies
378 3409 487 3464 tibi
502 3410 795 3479 sculptile,
814 3425 1002 3481 neque
1021 3427 1250 3468 omnem
1279 3414 1731 3472 similitudinem
1752 3430 1884 3486 quae

224 3505 316 3555 est
337 3498 401 3553 in
432 3499 576 3554 caelo
605 3498 875 3568 desuper,
909 3506 963 3555 et
996 3515 1127 3571 qua
1152 3502 1218 3557 in
1245 3507 1410 3559 terra
1447 3503 1742 3572 deorsum,
1778 3519 1885 3561 nec

222 3602 435 3644 eorum
461 3601 594 3660 qua:
616 3595 757 3643 sunt
778 3588 841 3643 in
867 3590 1039 3659 aquis
1069 3591 1177 3645 sub
1222 3595 1405 3648 terra.
1437 3592 1571 3648 Non
1603 3582 1909 3650 adorabis

221 3691 321 3748 ea,
353 3690 541 3749 neque
588 3677 765 3734 celes.
796 3678 933 3734 Non
962 3692 1221 3735 assumes
1268 3695 1480 3738 nomen
1508 3683 1752 3739 Domini
1779 3683 1892 3739 Dei

220 3768 325 3822 tui
348 3767 412 3822 in
446 3781 687 3822 vanum.
721 3767 1010 3823 Memento
1047 3772 1115 3822 ut
1144 3767 1297 3824 diem
1344 3769 1582 3827 sabbati
1623 3772 1888 3840 sanctiﬁ-

222 3869 343 3911 ces.
370 3855 621 3911 Honora
662 3860 899 3924 patrem
932 3860 1098 3912 tuum
1130 3860 1184 3912 et
1218 3862 1469 3914 matrem
1502 3863 1689 3930 tuam,
1716 3868 1781 3915 ut
1807 3859 1887 3915 sis

222 3944 535 4014 longaevus
560 3957 745 4013 super
769 3948 1014 4013 terram,
1042 3959 1224 4016 quam
1254 3946 1542 4003 Dominus
1570 3950 1729 4004 Deus
1750 3954 1889 4004 tuus

220 4033 396 4091 dabit
426 4034 552 4090 tibi.
583 4035 723 4091 Non
752 4034 1001 4106 occides,
1030 4050 1152 4091 non
1185 4035 1591 4107 maechaberis,
1618 4052 1740 4094 non
1757 4039 1894 4107 fur-

219 4129 358 4180 tum
406 4123 614 4192 facies,
648 4139 769 4179 non
816 4125 1077 4195 loqueris
1108 4129 1319 4180 contra
1348 4126 1690 4194 proximum
1721 4131 1891 4183 tuum

214 4213 459 4283 falsum
489 4214 908 4285 testimonium,
936 4229 1057 4270 non
1087 4216 1463 4285 concupisces
1492 4217 1732 4273 domum
1754 4232 1893 4287 pro-

219 4301 386 4358 ximi
432 4302 540 4369 tui,
573 4316 680 4358 nec
721 4301 1084 4359 desiderabis
1134 4318 1382 4361 uxorem
1430 4306 1579 4377 ejus,
1609 4320 1731 4362 non
1777 4321 1895 4363 ser-

224 4406 398 4460 vum,
428 4406 550 4447 non
594 4392 908 4455 ancillam,
941 4408 1061 4448 non
1092 4392 1314 4465 bovem,
1342 4408 1466 4450 non
1495 4395 1754 4465 asinum,
1785 4410 1894 4452 nec

225 4479 441 4537 omnia
464 4494 595 4551 quae
622 4481 792 4536 illius
819 4487 959 4537 sunt
1007 4482 1202 4551 (Deut.
1238 4497 1301 4548 v,
1322 4486 1354 4537 6
1382 4484 1556 4555 seq.).
1588 4484 1655 4540 Et
1683 4488 1896 4541 caetera

226 4584 380 4642 quae
426 4567 572 4639 legis
616 4568 836 4625 divinae
886 4569 1034 4625 serie
1076 4570 1472 4627 continentur.
1506 4574 1649 4637 Quae
1689 4573 1897 4630 omnia

227 4672 364 4731 quo
391 4660 570 4730 pacto
601 4659 753 4713 Deus
781 4656 1158 4729 prohibuisse
1189 4658 1467 4729 creditur,
1502 4658 1551 4714 si
1603 4666 1713 4715 nec
1741 4675 1898 4733 prae-

236 4745 416 4801 scivit
462 4760 574 4801 nec
600 4744 877 4818 praevidit
902 4744 1183 4801 homines
1207 4760 1281 4801 ea
1310 4744 1571 4802 facturos
1593 4746 1622 4801 τ
1666 4750 1782 4803 Cur
1808 4751 1900 4803 to-

236 4832 352 4889 ties
399 4838 452 4891 et
499 4838 664 4891 tanta
706 4833 1011 4900 instantia,
1044 4837 1350 4907 tantaque,
1398 4837 1462 4890 ut
1499 4834 1579 4890 ita
1625 4834 1897 4904 dixerim,

233 4922 708 4996 importunitate,
741 4922 848 4978 sed
893 4926 1256 4995 opportuna,
1298 4938 1406 4997 per
1456 4926 1542 4981 tot
1575 4924 1903 4998 prophetas

229 5012 441 5070 futura
500 5013 819 5070 hominum
873 5017 1142 5085 peccata,
1192 5028 1525 5088 eorumque
1585 5013 1900 5088 supplicia,

227 5101 628 5177 praedicebat,
661 5103 712 5159 si
738 5117 813 5159 ea
830 5118 941 5159 nec
968 5102 1321 5176 praesciebat
1347 5118 1459 5160 nec
1480 5102 1853 5176 prievidebat
1876 5103 1905 5159 ‘?

233 5192 360 5250 Sed
408 5192 558 5266 quid
606 5208 850 5249 necesse
894 5198 986 5250 est
1034 5207 1108 5250 ea
1149 5192 1375 5250 diutius
1420 5192 1728 5266 replicare,
1768 5208 1906 5267 quas

232 5281 530 5339 omnibus
555 5286 686 5340 tam
715 5286 857 5338 sunt
884 5286 1029 5339 nota
1054 5298 1242 5356 quam
1272 5281 1628 5339 lectionibus
1662 5282 1903 5339 usitata.

1987 3150 2244 3202 aeternus
2285 3144 2390 3217 qui
2420 3149 2791 3218 praeperatus
2831 3149 2919 3202 est
2963 3144 3209 3203 diabolo
3235 3147 3648 3222 ministrisque

1990 3235 2120 3305 ejus
2148 3231 2388 3304 (Matth.
2419 3249 2560 3303 xxv,
2587 3236 2697 3305 41).

2655 3337 2962 3379 CORRECTIO
2971 3366 2984 3381 .

2065 3412 2102 3477 τ
2129 3409 2364 3467 Falsum
2394 3425 2524 3466 esse
2551 3410 2984 3468 catholicorum
3005 3411 3321 3470 doctorum
3338 3413 3653 3487 expositio-

1990 3515 2069 3556 ne
2097 3499 2489 3565 convincitur,
2517 3499 2623 3572 qui
2649 3516 2720 3557 ea
2744 3500 3086 3573 nuncupari
3111 3502 3274 3559 mala
3301 3518 3426 3559 non
3456 3518 3493 3559 a
3513 3510 3656 3560 con-

1996 3587 2196 3659 trario,
2222 3590 2290 3643 ut
2331 3586 2575 3660 desipis,
2608 3587 2716 3644 sed
2760 3604 2798 3645 a
2827 3604 3006 3645 sensu
3045 3590 3425 3663 patientium,
3454 3592 3559 3664 qui
3585 3607 3658 3649 ea

1993 3678 2159 3735 mala
2187 3676 2500 3749 deputant,
2523 3678 2732 3734 crebro
2753 3679 3147 3752 expositionis
3166 3680 3393 3738 famine
3415 3679 3657 3751 docent,

1995 3784 2259 3842 quorum
2284 3772 2530 3824 sanctus
2562 3767 2964 3839 Hieronymus
2984 3768 3046 3825 in
3077 3770 3447 3842 expositione
3475 3775 3661 3827 Amos

1997 3857 2305 3931 prophetas
2347 3871 2655 3928 exponens
2684 3857 2887 3926 (Amos
2912 3873 2992 3925 ιιι,
3029 3861 3104 3926 6),
3136 3858 3305 3930 quod
3333 3859 3493 3914 idem
3526 3874 3662 3930 pro-

1998 3947 2179 4019 pheta
2205 3944 2387 3999 dixit:
2420 3944 2490 3999 Si
2515 3945 2630 3999 erit
2660 3945 2887 4000 malum
2908 3946 2972 4001 in
2993 3946 3254 4017 civitate,
3280 3947 3439 4019 quod
3461 3947 3665 4002 Domi-

1997 4050 2114 4091 nus
2142 4047 2261 4088 non
2283 4031 2449 4101 fecit.
2476 4030 2909 4103 Hieronymus:
2944 4031 3181 4103 [Malum
3208 4039 3431 4104 autem,
3446 4031 3661 4105 inquit,

2000 4120 2169 4196 quod
2200 4118 2489 4176 Dominus
2513 4117 2649 4176 fecit
2678 4119 2739 4175 in
2760 4120 2994 4176 civitate
3024 4136 3148 4177 non
3177 4122 3545 4180 contrarium
3575 4125 3663 4178 est

2000 4209 2222 4278 virtuti,
2256 4207 2362 4264 sed
2393 4206 2634 4265 afﬂictio
2677 4212 2856 4283 atque
2907 4210 3226 4282 cruciatus,
3262 4212 3337 4267 de
3367 4227 3490 4284 quo
3516 4210 3664 4283 legi-

2004 4314 2168 4356 mus:
2199 4298 2445 4368 Sufﬁcit
2473 4298 2595 4355 diei
2611 4298 2849 4355 malitia
2867 4312 2977 4356 sua
2998 4298 3240 4371 (Matth.
3269 4304 3365 4367 vi),
3386 4302 3476 4369 34,
3497 4300 3558 4357 id
3578 4304 3667 4358 est

2005 4388 2308 4447 tribulatio
2356 4391 2411 4444 et
2455 4387 2769 4459 angustia;
2817 4392 2875 4445 et
2920 4388 2982 4444 in
3022 4389 3319 4463 propheta
3369 4389 3664 4461 legimus;

2007 4481 2136 4551 Ego
2164 4480 2344 4550 Deus,
2367 4479 2472 4551 qui
2492 4479 2616 4549 feci
2644 4479 2832 4535 lucem
2854 4484 2908 4535 et
2939 4478 3230 4547 tenebras,
3253 4480 3360 4551 qui
3382 4480 3546 4549 facio
3557 4493 3670 4549 pa-

2007 4583 2130 4626 cem
2174 4572 2230 4625 et
2273 4568 2462 4625 condo
2491 4568 2656 4624 mala
2687 4567 2826 4639 (Isa.
2859 4582 2991 4637 ην,
3024 4568 3099 4640 7).
3132 4567 3293 4625 Sicut
3319 4567 3481 4623 enim
3509 4570 3671 4622 tene-

2006 4658 2131 4714 bra:
2163 4656 2474 4714 contrariae
2506 4661 2650 4712 sunt
2671 4656 2789 4712 luci
2822 4660 2877 4713 et
2905 4656 3042 4725 diei,
3075 4656 3157 4712 sic
3187 4660 3245 4712 et
3278 4654 3415 4731 paci
3440 4652 3670 4712 bellum

2008 4746 2376 4804 contrarium
2403 4751 2514 4815 est,
2547 4745 2710 4817 quod
2761 4761 2885 4802 non
2926 4761 3034 4818 per
3069 4762 3132 4800 se
3161 4745 3394 4802 malum
3424 4747 3530 4814 est,
3564 4743 3673 4801 sed

2009 4834 2239 4893 malum
2270 4834 2505 4890 videtur
2544 4833 2638 4889 his
2670 4849 2799 4890 esse
2842 4834 2949 4907 qui
2993 4834 3304 4891 sustinent.
3338 4834 3408 4890 Et
3434 4836 3501 4891 ut
3524 4833 3673 4891 scia-

2010 4940 2147 4981 mus
2176 4924 2237 4979 in
2278 4922 2592 4996 Scripturis
2622 4922 2845 4979 sanctis
2875 4922 3167 4980 malitiam
3213 4923 3516 4981 interdum
3548 4939 3673 4980 non

2010 5013 2373 5070 contrariam
2407 5011 2607 5069 virtuti
2638 5012 2851 5086 accipi,
2884 5012 2990 5068 sed
3033 5010 3421 5070 aﬂlictionem
3468 5027 3676 5087 poena-

2011 5118 2161 5177 sque
2191 5108 2248 5160 et
2276 5102 2619 5173 angustiam
2647 5120 2660 5157 :
2695 5116 2885 5157 unum
2932 5100 3132 5158 adhuc
3179 5101 3254 5159 de
3281 5105 3434 5160 Jona
3465 5117 3674 5158 suma-

2008 5196 2150 5249 mus
2211 5188 2593 5263 exemplum:
2655 5190 2735 5246 Et
2784 5191 2934 5247 vidit
2984 5193 3142 5249 Deus
3208 5207 3391 5263 opera
3446 5206 3674 5259 eorum,

2015 5282 2159 5354 quia
2187 5280 2457 5339 conversi
2484 5285 2623 5336 sunt
2675 5294 2713 5336 a
2760 5280 2870 5337 viis
2918 5283 3037 5338 suis
3084 5281 3373 5352 pessimis,
3405 5284 3461 5337 et
3478 5274 3676 5350 paeni-

234 5375 372 5429 Non
402 5387 549 5443 ergo
574 5376 640 5428 ut
667 5370 823 5429 male
852 5371 1054 5439 sentis,
1079 5361 1128 5427 a'
1146 5371 1464 5439 contrario,
1487 5370 1593 5425 sed
1622 5370 1911 5426 veraciter
2019 5370 2131 5425 tuit
2162 5384 2293 5426 eum
2318 5384 2501 5440 super
2522 5369 2760 5426 malitia
2780 5384 2959 5441 quam
2986 5371 3220 5427 tocutns
3248 5372 3334 5427 est
3358 5375 3423 5424 ut
3445 5367 3679 5440 faceret

237 5462 404 5517 Deus
447 5465 695 5534 peccata
741 5459 1091 5534 praevidisse
1119 5464 1177 5516 et
1204 5459 1516 5533 praiscisse
1546 5457 1780 5527 dicitur,
1806 5459 1910 5531 qui

238 5566 321 5609 ea
348 5555 409 5608 et
432 5552 561 5608 ﬁeri
588 5551 917 5624 prohibuit,
947 5554 1004 5607 et
1045 5550 1353 5623 punienda
1397 5548 1690 5623 praedixit,
1724 5549 1910 5608 facta-

242 5656 371 5715 que
394 5639 728 5700 damnavit.
754 5642 972 5699 Verum
996 5639 1165 5714 quod
1191 5638 1375 5696 dicis:

2019 5461 2098 5515 eis
2149 5459 2309 5530 (Jon.
2363 5473 2447 5529 ιιι,
2503 5457 2627 5528 10):
2682 5456 2924 5515 Malitia
2970 5458 3175 5531 utique
3223 5456 3309 5514 ibi
3355 5456 3485 5529 [al.,
3534 5454 3679 5512 sub-

2019 5547 2235 5618 versio]
2279 5545 2685 5603 subversionis
2737 5547 3159 5604 Ninivitarum:
3207 5550 3314 5614 est,
3341 5561 3528 5619 quam
3572 5559 3681 5618 per

2029 5636 2388 5712 prophetam
2410 5637 2566 5695 Deus
2584 5637 2780 5696 fuerat
2803 5637 3227 5706 comminatus,
3253 5638 3313 5694 et
3337 5648 3464 5696 non
3481 5632 3684 5693 virtuti
