4116 6186
482 139 621 198 1127

1538 133 1596 189 S.
1636 126 2015 189 PRUDENTII
2053 125 2439 186 TRECENSIS
2478 125 2818 184 EPISCOPI.

3770 129 3911 185 1128

480 264 798 332 contraria,
819 276 954 335 qua:
966 259 1045 315 ad
1070 260 1384 331 peccatum
1403 256 1673 330 pertinet,
1697 271 1808 328 pro
1821 269 1946 327 quo
1968 268 2127 309 com-
2155 257 2206 311 Α
2241 256 2404 308 creta
2430 254 2787 322 cognoscat;
2814 247 3095 319 cognovi,
3125 247 3341 321 inquit,
3381 248 3605 306 multas
3632 248 3916 324 impieta-

478 347 1368 422 minatur[al.,comminabitur]
1384 350 1677 402 tormenta
1690 343 2126 417 peccatoribus.

550 443 585 508 γι
606 445 723 497 Hoc
748 438 908 495 idem
932 438 995 493 in
1019 435 1305 494 omnibus
1340 451 1493 508 pene
1522 434 1691 490 libris
1721 433 1845 489 suis
1866 430 2134 505 exsequi-

2243 347 2330 398 tes
2358 358 2493 413 quae
2523 357 2646 396 non
2674 339 2866 395 solum
2917 336 3140 407 multae,
3174 338 3279 394 sed
3335 342 3395 394 et
3441 338 3623 395 fortes
3663 346 3830 408 sunt,
3857 346 3917 397 et

2241 430 2668 504 opprimentes,
2701 429 2823 485 sive
2854 427 3275 485 conculcantes
3297 428 3551 499 justum,
3581 428 3678 486 vel
3704 428 3916 502 ipsam

478 529 774 596 tur.Quod
793 532 996 586 autem
1009 529 1162 583 Deus
1181 530 1427 600 peccata
1443 521 2131 598 pmnasquepraescierit,
2238 519 2549 593 justitiam,
2580 519 2675 574 vel
2704 534 2844 574 eum
2872 517 2979 591 qui
3002 518 3203 588 justus
3234 522 3322 573 est
3343 517 3537 589 (Amos
3563 534 3619 584 v,
3653 522 3763 589 t2).

477 618 640 674 idem
663 617 726 673 in
750 616 1128 690 Expositione
1150 613 1449 672 Malachiae
1472 613 1779 687 prophetae
1802 612 1882 667 ita
1902 610 2135 665 locutus

481 711 570 764 est
597 708 693 776 (In
712 707 862 763 Mal.
885 723 923 773 ι,
955 706 1034 773 2).
1066 704 1284 776 [lsrael,
1316 704 1430 760 hoc
1476 708 1564 759 est
1609 702 1816 767 Judas,
1846 700 1923 757 ad
1953 715 2137 771 quem

483 795 713 853 solebat
739 794 867 851 ﬁeri
894 794 1145 851 verbum
1180 792 1277 849 Dei
1308 798 1366 849 et
1385 792 1533 848 visio
1566 790 1987 861 Domini,opus
2009 789 2138 858 ejus

482 889 540 942 et
558 884 799 958 pondus
830 882 1262 957 suppliciorum
1276 881 1704 953 gravissimum
1725 884 1961 953 portare
1980 893 2141 933 com-

482 973 740 1047 pellitur,
766 977 829 1030 ut
851 973 1123 1043 graviora
1143 975 1388 1045 peccata
1408 970 1691 1042 deponat,
1716 974 1772 1024 et
1796 968 2007 1023 sentiat
2029 981 2135 1038 per

486 1066 785 1119 tormenta
803 1078 985 1134 quem
1016 1077 1139 1117 non
1172 1060 1472 1131 sensitper
1488 1058 1781 1115 beneﬁcia
1805 1076 1817 1112 :
1852 1060 1915 1112 Et
1932 1072 2004 1111 ne
2027 1071 2144 1127 poe-

486 1168 568 1208 na
598 1152 659 1208 in
690 1168 831 1208 suos
860 1150 1127 1206 videatur
1155 1149 1399 1220 injusta,
1434 1147 1676 1218 subjicit
1699 1148 1986 1203 Dominus
2011 1163 2022 1199 :
2050 1145 2145 1199 Di-

491 1240 618 1298 lexi
645 1256 744 1296 vos
768 1254 788 1306 ,'
815 1255 987 1311 quem
1009 1240 1164 1295 enim
1190 1238 1389 1309 diligit
1411 1238 1721 1301 Dominus,
1745 1235 1991 1303 corripit
2019 1231 2142 1304 [al.,

487 1330 780 1400 castigat],
800 1329 1074 1399 ﬂagellat
1095 1333 1292 1384 autem
1319 1342 1548 1384 omnem
1577 1328 1772 1395 ﬁlium
1801 1339 1968 1397 quem
1996 1323 2144 1378 reci-

487 1419 574 1488 pit
601 1418 809 1489 (Hebr.
840 1433 943 1484 x11,
972 1418 1043 1488 6).
1080 1417 1147 1471 Et
1187 1416 1442 1471 dicendo
1490 1416 1698 1484 dilexi,
1732 1428 1993 1486 pra:ans
2042 1426 2145 1464 ne-

491 1511 613 1576 gat,
644 1507 792 1562 dum
842 1504 1203 1578 praeteritum
1252 1504 1612 1560 conﬁtetur:
1661 1503 1864 1575 illique
1904 1513 2147 1573 respon‘

2315 614 2351 675 Τ
2378 612 2522 664 Ecce
2549 607 2758 664 doctor
2786 607 3008 679 ubique
3038 606 3306 677 gentium
3338 623 3527 663 sacrae
3555 607 3915 666 eruditionis

2247 698 2585 755 celebritate
2633 697 2983 754 diffamatus
3012 712 3403 770 nequaquam
3430 713 3468 753 a
3495 698 3823 765 contrario,
3853 706 3918 757 ut

2248 786 2729 855 somnias,verba
2739 786 3090 860 prophetica
3109 786 3471 859 exponenda
3487 786 3916 860 dilucidat,sed

2251 876 2587 934 secundum
2618 876 2911 947 regulam,
2931 875 3004 931 de
3026 890 3150 947 qua
3178 874 3461 931 diximus.
3488 876 3776 933 omnibus
3802 882 3917 933 tra—

2251 967 2575 1024 ctatoribus
2604 966 2911 1023 usitatam:
2944 965 2999 1020 Si
3029 966 3183 1021 Deus
3228 964 3393 1021 mala
3436 981 3560 1021 non
3590 968 3912 1038 praescivit,

2250 1056 2399 1129 quid
2428 1060 2515 1112 est
2542 1054 2709 1129 quod
2738 1055 2817 1110 ad
2833 1053 3138 1110 Abraham
3161 1053 3276 1109 sub
3306 1054 3555 1110 nomine
3580 1071 3784 1112 vaccae
3812 1057 3914 1113 tri-

2253 1148 2446 1211 matae,
2476 1159 2692 1217 caprae,
2729 1143 2945 1207 arietis,
2980 1141 3297 1209 columbae,
3330 1147 3386 1198 et
3414 1144 3660 1199 turturis
3690 1149 3915 1202 statum

2253 1232 2538 1291 nascituri
2567 1248 2640 1289 ex
2666 1248 2736 1288 eo
2768 1231 2977 1304 populi
3005 1230 3337 1304 praedicens
3366 1231 3451 1303 (in
3480 1249 3603 1305 quo
3634 1239 3804 1290 erant
3828 1234 3922 1290 fu-

2254 1323 2370 1381 turi
2399 1322 2691 1397 spiritales
2713 1322 2816 1395 qui
2838 1321 2916 1377 ad
2943 1337 3147 1377 semen
3177 1321 3308 1392 ejus
3334 1322 3398 1378 in
3428 1338 3546 1393 quo
3575 1322 3921 1381 benedicen-

2256 1414 2347 1470 da:
2372 1417 2545 1469 erant
2574 1427 2771 1468 omnes
2819 1417 3042 1481 gentes,
3068 1409 3131 1465 id
3155 1415 3243 1465 est
3274 1412 3598 1468 Dominum
3640 1418 3918 1469 nostrum

2254 1505 2455 1559 Iesum
2488 1500 2790 1557 Christum
2819 1499 3151 1573 pertinent;
3184 1505 3356 1556 erant
3380 1500 3562 1579 etiam
3590 1500 3772 1558 futuri
3793 1519 3923 1558 car-

489 1595 633 1651 dent
662 1594 987 1651 temeritate
1030 1610 1153 1666 qua
1201 1598 1474 1666 peccant,
1506 1592 1674 1649 obliti
1715 1591 2145 1647 beneﬁciorum
2175 1611 2219 1665 B
2255 1591 2445 1663 nales,
2475 1592 2581 1664 qui
2606 1589 2876 1661 ejusdem
2909 1588 3152 1645 seminis
3183 1593 3455 1662 expertes
3476 1591 3685 1647 ﬁerent
3705 1591 3920 1665 (loqui-

492 1683 661 1754 ejus:
717 1683 780 1738 in
824 1698 944 1754 qua
994 1682 1265 1738 dilexisti
1312 1697 1418 1737 nos
1448 1682 1616 1753 (Mal.
1646 1697 1685 1750 1,
1731 1682 1834 1753 2)?
1882 1680 1972 1736 Ad
2009 1696 2145 1753 quae

492 1771 800 1837 Dominus,
833 1775 898 1825 ut
928 1774 1161 1833 caetera,
1203 1770 1416 1842 inquit,
1448 1774 1699 1839 taceam,
1748 1773 1805 1826 ct
1844 1769 2010 1842 quod
2039 1784 2148 1823 nu-

493 1874 601 1932 per
640 1857 715 1914 de
744 1857 1070 1929 Babylonis
1121 1857 1458 1930 captivitate
1484 1857 1750 1928 venistis,
1779 1855 2148 1913 incunabula

490 1950 693 2003 vestra
712 1946 1000 2003 tractabo.
1019 1950 1355 2019 Antequam
1372 1946 1787 2012 nasceremini,
1816 1946 1939 2002 imo
1959 1947 2149 2019 prius-

492 2052 681 2110 quam
711 2035 979 2093 Rebecca
1020 2038 1177 2093 Esau
1214 2039 1272 2093 et
1300 2035 1489 2093 Jacob
1516 2040 1683 2093 utero
1712 2052 1824 2092 suo
1849 2035 2144 2098 funderet,

492 2124 557 2182 in
583 2124 766 2182 Jacob
790 2142 901 2183 vos
949 2125 1148 2195 dilexi,
1178 2126 1240 2182 in
1271 2129 1427 2182 Esau
1466 2126 1763 2183 Idumaeos
1793 2125 1932 2182 odio
1961 2125 2149 2181 habui

498 2217 665 2287 (Gen.
723 2234 861 2289 xxv,
902 2218 1013 2291 23).
1074 2216 1261 2280 Quem
1306 2217 1510 2275 locum
1562 2217 1870 2291 apostolus
1928 2215 2151 2273 Paulus

496 2307 753 2380 mystica
780 2306 1181 2381 disputatione
1227 2307 1554 2364 eventilans
1592 2307 1794 2364 scribit
1823 2306 1903 2363 ad
1933 2309 2149 2362 Roma-

497 2411 630 2465 nos,
666 2396 789 2453 duo
820 2397 1041 2469 pariter
1081 2396 1419 2454 testimonia
1464 2396 1540 2453 de
1592 2396 1800 2453 Genesi
1842 2395 2151 2454 Malachia-

497 2501 617 2559 que
638 2486 1049 2559 conjungens:
1082 2488 1202 2544 Sed
1228 2493 1281 2544 et
1310 2488 1571 2543 Rebecca
1592 2487 1666 2543 de
1691 2503 1811 2543 uno
1832 2486 2151 2544 concubitu

502 2574 724 2631 habens
770 2576 944 2632 Isaac
993 2576 1188 2645 patris
1234 2578 1445 2632 nostri.
1496 2577 1655 2633 Nam
1700 2592 1834 2633 cum
1886 2576 2152 2633 nondum

500 2662 635 2718 nati
681 2669 890 2731 essent,
936 2670 1042 2720 aut
1089 2665 1327 2736 aliquid
1380 2666 1633 2736 egissent
1692 2665 1830 2721 boni
1872 2667 1965 2722 vel
2005 2664 2155 2721 mali

504 2754 592 2817 (ut
647 2752 970 2808 secundum
1036 2753 1376 2810 electionem
1424 2756 1804 2824 propositum
1859 2755 1969 2811 Dei
2024 2768 2151 2811 ma-

501 2844 683 2910 neat),
714 2856 835 2898 non
860 2855 936 2898 es:
962 2841 1257 2913 operibus,
1282 2842 1385 2899 sed
1420 2858 1496 2899 ex
1526 2850 1791 2900 .vocante
1818 2844 2045 2899 dictum
2070 2847 2154 2900 est

503 2930 577 2998 ei,
607 2930 749 3001 quia
777 2934 977 3002 major
1003 2933 1218 2989 serviet
1246 2933 1470 2989 minori
1485 2948 1507 2987 .’
1535 2933 1689 2989 sicut
1718 2934 2005 3002 scriptum
2028 2938 2113 2988 est
2133 2948 2154 2988 .'
2185 2964 2227 3021 ε

500 3018 687 3076 Jacob
737 3019 948 3086 dilexi,
976 3020 1142 3078 Esau
1189 3026 1387 3078 autem
1434 3022 1569 3077 odio
1622 3021 1809 3078 habui
1855 3022 2153 3093 (Rom.1x,

507 3107 710 3179 10-13).
742 3110 862 3165 Hoc
890 3108 1053 3165 enim
1077 3109 1245 3183 quod
1272 3109 1506 3177 dicitur,
1545 3111 1696 3167 sicut
1725 3112 2019 3180 scriptum
2048 3116 2154 3180 est,

504 3199 562 3252 et
614 3195 696 3253 ad
752 3198 1044 3255 Geneseos
1098 3196 1322 3255 librum
1377 3198 1544 3271 (Gen.
1602 3216 1742 3270 xxv,
1802 3200 1914 3271 23),
1974 3203 2031 3255 et
2077 3198 2156 3256 ad

502 3286 863 3360 prophetam
891 3287 1427 3360 Malachiam(Mal.
1455 3304 1496 3356 ι,
1527 3289 1583 3360 2)
1604 3288 1887 3345 refertur:
1920 3305 2043 3346 non
2065 3305 2156 3345 so-

502 3374 632 3432 lum
658 3376 742 3432 ait
765 3377 957 3434 dilexi
979 3378 1163 3434 Jacob
1196 3382 1523 3450 antequam
1552 3383 1915 3450 nasceretur,
1941 3383 2001 3436 et
2023 3379 2157 3435 odio

507 3465 695 3522 habui
715 3466 879 3522 Esau
924 3466 1280 3538 priusquam
1323 3483 1398 3524 ex
1442 3467 1651 3524 matris
1681 3473 1849 3525 utero
1878 3469 2157 3525 fundere-

505 3556 623 3621 tur,
681 3552 788 3609 sed
832 3554 893 3609 in
941 3559 1212 3626 posteros
1263 3571 1474 3613 eorum
1529 3574 1800 3614 amorem
1848 3574 2056 3615 meum
2102 3563 2160 3616 et

507 3640 719 3698 odium
748 3642 1136 3712 conservavi;
1167 3643 1377 3699 odium
1407 3647 1467 3701 in
1498 3648 1675 3709 Esau,
1709 3647 1882 3718 cujus
1922 3652 2158 3705 montes

507 3728 615 3803 qui
642 3729 1021 3803 appellantur
1049 3730 1172 3788 Scir
1199 3731 1402 3803 redegi
1428 3733 1491 3789 in
1522 3733 1936 3805 solitudinem;
1974 3740 2030 3792 et
2064 3753 2159 3793 ur-

506 3817 617 3876 bes
647 3818 758 3875 feci
803 3834 932 3876 esse
962 3818 1247 3889 desertas,
1278 3826 1336 3878 et
1371 3838 1408 3879 a
1437 3822 1813 3896 serpentibus
1845 3827 2024 3898 atque
2051 3825 2157 3882 be-

508 3907 633 3965 stiis
679 3907 935 3965 obtineri
964 3908 1131 3981 (Mal.
1165 3928 1207 3981 1,
1239 3912 1315 3983 3).
1342 3911 1409 3967 Si
1449 3913 1647 3969 autem
1675 3914 1899 3969 dixerit
1943 3915 2156 3985 Edam,

506 3996 623 4054 hoc
672 4002 761 4055 est
806 3999 995 4054 Esau:
1027 3999 1313 4056 destructi
1365 4000 1617 4074 quidem
1658 4017 1869 4059 sumus
1901 4003 1980 4060 ad
2007 4003 2157 4061 iram

508 4085 631 4154 Dei,
657 4085 764 4142 sed
787 4102 1027 4142 rursum
1052 4086 1488 4145 aediﬁcabimus
1507 4090 1773 4147 civitates
1802 4092 1929 4163 [al.,
1958 4092 2162 4149 civita-

508 4172 690 4248 tem]:
718 4173 845 4230 haec
873 4174 1127 4232 Domino
1151 4177 1506 4250 praedicente
1529 4179 1872 4249 cognoscite
1901 4179 2069 4253 quod
2095 4180 2160 4237 il-

2258 1686 2351 1737 tur
2373 1680 2455 1737 ita
2482 1680 2802 1753 inquiens:
2838 1680 3002 1735 Scito
3040 1695 3442 1750 praenoscens,
3474 1683 3614 1753 quia
3647 1682 3918 1753 peregri-

2255 1788 2398 1828 num
2428 1772 2541 1828 erit
2565 1785 2760 1828 semen
2790 1774 3048 1836 tuum,et
3070 1770 3345 1841 afﬂigent
3377 1786 3470 1827 eos
3499 1771 3913 1842 quadringen-

2258 1864 2331 1919 tis
2361 1862 2537 1918 annis
2564 1861 2627 1917 in
2654 1866 2818 1917 terra
2846 1875 2965 1916 non
2995 1875 3105 1916 sua
3126 1875 3151 1916 .'
3178 1865 3401 1930 gentem
3426 1865 3621 1917 autem
3647 1861 3753 1916 cui
3775 1875 3904 1916 ser-

2258 1952 2448 2009 vituri
2489 1956 2631 2007 sunt
2677 1966 2784 2021 ego
2823 1950 3114 2020 judicabo
3163 1950 3326 2021 (Gen.
3352 1966 3448 2017 xv,
3478 1953 3585 2017 13).
3621 1953 3774 2006 Ante
3821 1953 3914 2006 tot

2258 2056 2451 2098 annos
2477 2038 2640 2095 mala
2668 2038 3102 2111 Egyptiorum,
3134 2038 3356 2112 quibus
3382 2038 3444 2094 in
3479 2037 3783 2111 populum
3812 2038 3917 2095 Dei

2256 2128 2609 2187 bacchaturi
2628 2133 2798 2184 erant
2818 2134 2875 2185 et
2886 2127 3213 2184 vindictam
3228 2126 3570 2199 justissima:
3585 2126 3921 2184 retributio-

2258 2219 2353 2275 nis
2378 2217 2668 2275 Dominus
2696 2216 2953 2274 Abraha:
2982 2232 3359 2290 praenoscere
3388 2221 3447 2273 et
3476 2216 3626 2272 scire
3645 2216 3918 2289 praecipit

2259 2312 2317 2365 et
2331 2306 2626 2381 praedicit:
2649 2308 2728 2363 Et
2751 2313 2817 2363 tu
2842 2322 3025 2377 negas
3037 2322 3074 2364 a
3090 2308 3209 2363 Deo
3228 2306 3394 2363 mala
3409 2306 3693 2376 prtesciri
3705 2310 3733 2361 ?
3753 2306 3915 2377 (Cap.

2265 2401 2349 2465 10,
2372 2412 2541 2453 num.
2564 2399 2618 2464 4,
2648 2400 2789 2453 sect.
2814 2395 2893 2466 3.)
2909 2395 3265 2468 Utiquequze
3284 2394 3515 2451 homini
3537 2410 3917 2468 praenoscem

2260 2485 2341 2543 do
2379 2485 2529 2543 scire
2571 2485 2905 2555 denuntiat,
2935 2500 3066 2541 sese
3096 2485 3248 2540 scire
3296 2488 3354 2541 et
3401 2484 3678 2557 praescire
3708 2484 3915 2541 eadem

2260 2574 2650 2632 demonstrat.
2671 2576 2792 2632 Hoc
2806 2574 3101 2647 Propheta
3121 2572 3437 2631 confirmat
3458 2573 3668 2631 dicens
3692 2591 3706 2629 :
3731 2576 3916 2632 Domi-

2261 2681 2374 2721 nus
2393 2666 2504 2721 scit
2525 2664 2913 2737 cogitationes
2936 2664 3263 2730 hominum,
3284 2665 3569 2736 quoniam
3592 2678 3769 2720 vana:
3787 2668 3908 2719 sunt

2263 2753 2450 2825 (Psal.
2473 2769 2627 2817 xcnr,
2668 2753 2786 2824 tl):
2820 2755 2877 2808 et
2902 2757 3145 2808 rursum
3170 2768 3183 2806 :
3212 2752 3389 2821 Deus,
3413 2757 3480 2808 tu
3501 2752 3614 2809 scis
3635 2752 3916 2821 insipien-

2264 2843 2409 2898 tiam
2428 2856 2641 2914 meam,
2659 2846 2715 2898 et
2740 2841 2963 2898 delicta
2982 2856 3113 2898 mea
3129 2856 3167 2897 a
3193 2845 3249 2897 te
3268 2856 3388 2898 non
3410 2847 3552 2897 sunt
3571 2839 3919 2899 abscondita

2267 2932 2455 3001 (Psal.
2484 2947 2673 3003 vanr,
2704 2935 2756 2997 6)
2790 2948 2802 2986 :
2835 2934 2891 2987 et
2918 2930 3170 2987 iterum:
3215 2931 3293 2986 Et
3342 2946 3543 2988 omnes
3590 2930 3717 2987 rias
3764 2945 3924 2987 meas

2262 3022 2613 3093 praevidisti,
2637 3022 2779 3093 quia
2794 3036 2913 3077 non
2940 3026 3024 3077 est
3041 3035 3233 3077 sermo
3253 3021 3317 3076 in
3341 3021 3550 3091 lingua
3569 3034 3719 3076 mea.
3748 3019 3922 3083 Ecce,

2263 3111 2532 3179 Domine,
2567 3115 2633 3166 tu
2659 3110 2991 3181 cognovisti
3015 3109 3218 3165 omnia
3246 3110 3568 3166 novissima
3596 3115 3651 3165 et
3670 3110 3926 3181 antiqua

2266 3200 2457 3268 (Psal.
2480 3213 2760 3268 cxxxvm,
2781 3200 2837 3265 4,
2853 3213 2913 3266 v,
2939 3197 3373 3269 5).Etitem:'l‘u
3393 3197 3725 3253 solusnosti
3743 3196 3929 3254 corda
4040 3270 4047 3276 ~

2264 3288 2526 3346 ﬁliorum
2540 3287 2858 3346 hominum
2882 3287 3082 3355 (Prov.
3107 3302 3206 3353 xv,
3224 3292 3241 3343 l
3260 3291 3330 3356 1).
3355 3289 3422 3343 Et
3435 3285 3723 3343 Salomon
3743 3305 3759 3342 :
3781 3288 3923 3353 Qum

2268 3381 2410 3434 sunt
2433 3377 2497 3433 in
2519 3376 2697 3433 corde
2725 3375 2986 3432 hominis
3010 3376 3168 3433 oculi
3198 3375 3282 3432 tui
3310 3374 3533 3438 vident,
3572 3375 3849 3439 Domine,
3866 3376 3928 3431 in

2268 3468 2422 3524 libro
2447 3472 2547 3523 tuo
2570 3466 2771 3523 omnia
2790 3465 3149 3534 scribentur,
3163 3465 3349 3522 homo
3362 3463 3522 3521 videt
3541 3463 3601 3520 in
3622 3463 3801 3529 facie,
3822 3467 3928 3520 Do-

2265 3556 2467 3613 minus
2509 3559 2713 3612 autem
2760 3554 3022 3611 intuetur
3051 3569 3155 3611 cor
3185 3555 3375 3622 (Psal.
3407 3569 3681 3622 cxxxvm,
3721 3554 3834 3619 16).
3864 3556 3931 3610 Et

2265 3644 2404 3704 item
2422 3662 2435 3699 :
2456 3644 2669 3701 Omnia
2682 3645 2836 3701 enim
2849 3643 3034 3701 corda
3045 3649 3208 3700 scrut
3213 3650 3274 3700 at
3280 3648 3435 3714 ur,et
3447 3643 3760 3699 universas
3774 3658 3932 3699 men-

2269 3734 2416 3790 tium
2459 3733 2847 3803 cogitationes
2888 3732 3176 3803 intelligit
3218 3735 3258 3800 (r
3282 3732 3496 3789 Paral.
3519 3746 3726 3798 xxviii,
3753 3732 3830 3801 9).
3867 3733 3931 3787 Et

2267 3821 2589 3895 Apostolus
2614 3838 2627 3877 :
2671 3821 2850 3879 Vivus
2878 3827 2961 3879 est
2981 3822 3141 3878 enim
3164 3821 3277 3877 Dei
3298 3835 3509 3887 sermo,
3529 3826 3585 3877 et
3606 3819 3857 3890 efﬁcax,
3877 3824 3930 3876 et

2257 3911 2697 3985 penetrabilior
2708 3913 2874 3969 omni
2882 3910 3089 3982 gladio
3101 3910 3727 3982 ancipiti,pertingens
3746 3925 3934 3981 usque

2267 4002 2349 4061 ad
2374 4002 2721 4059 divisionem
2759 4007 3002 4058 artuum
3033 4006 3091 4057 et
3109 4000 3536 4068 medullarum,
3560 4004 3619 4055 et
3637 3999 3935 4056 discretor

2269 4091 2718 4164 cogitationum,
2740 4095 2796 4148 et
2817 4105 2937 4148 non
2963 4096 3047 4147 est
3070 4090 3202 4146 ulla
3222 4093 3506 4146 creatura
3519 4088 3848 4144 invisibilis
3868 4088 3935 4143 in

2270 4185 2584 4251 conspectu
2613 4182 2784 4251 ejus;
2812 4182 3014 4237 omnia
3054 4179 3211 4236 enim
3256 4176 3424 4234 nuda
3455 4182 3511 4234 et
3546 4182 3767 4247 aperta
3792 4180 3933 4233 sunt

507 4262 579 4318 lis
627 4261 1068 4320 aediﬁcantibus
1116 4280 1229 4335 ego
1267 4265 1602 4337 destruam,
1654 4271 1713 4323 et
1754 4267 1906 4324 iram
1955 4284 2157 4325 meam
2187 4324 2230 4341 _
2270 4270 2459 4328 oculis
2474 4272 2602 4337 eius
2620 4269 2791 4341 (Heb.
2817 4286 2897 4339 ιν,
2923 4269 3029 4341 12).
3054 4267 3166 4335 Qui
3188 4267 3482 4324 discretor
3499 4265 3933 4337 cogitationum

511 4353 733 4408 aeterna
759 4366 971 4409 eorum
986 4352 1233 4409 vastitas
1262 4353 1627 4427 approbabit
1647 4355 1823 4423 (Ibid.
1843 4358 1918 4427 4).
1941 4356 2160 4415 Odium
2188 4352 2233 4381 "
2271 4357 2505 4427 dicitur,
2535 4357 2741 4430 utique
2769 4362 2827 4415 et
2853 4357 3050 4415 bonas
3080 4359 3139 4413 et
3165 4354 3362 4412 malas
3391 4353 3563 4419 scire,
3585 4356 3643 4410 et
3656 4352 3936 4424 judicare

509 4440 688 4511 igitur
714 4442 776 4498 in
829 4445 986 4499 Esau
1012 4442 1193 4499 rebus
1241 4442 1514 4512 ostendi;
1569 4459 1837 4500 amorem
1869 4449 2071 4502 autem
2097 4446 2161 4503 in

509 4545 642 4599 vos,
672 4531 787 4588 hoc
815 4535 905 4588 est
944 4530 1007 4587 in
1034 4530 1242 4599 Jacob,
1275 4532 1664 4605 sequentibus
1704 4532 2064 4606 approbato,
2095 4535 2162 4591 il-

508 4618 581 4675 lis
609 4619 925 4678 destructis
954 4624 1011 4678 et
1038 4620 1297 4678 redactis
1320 4621 1399 4680 ad
1429 4621 1831 4678 solitudinem.
1872 4623 2163 4681 Videbunt

509 4712 672 4767 oculi
699 4712 901 4782 vestri,
933 4717 988 4768 et
1019 4712 1225 4769 dicetis
1250 4728 1263 4767 :
1302 4713 1723 4783 magniﬁcetur
1750 4714 2040 4770 Dominus
2069 4730 2164 4770 su-

505 4813 617 4868 per
646 4801 967 4857 terminum
988 4802 1180 4858 Israel
1210 4801 1403 4874 (Ibid.,
1422 4801 1587 4874 5),et,
1610 4818 1683 4859 ex
1714 4802 2163 4876 comparatione

509 4885 812 4943 malorum
840 4905 977 4960 quae
1004 4888 1185 4946 frater
1208 4895 1403 4947 vester
1430 4890 1672 4963 patitur,
1713 4891 1814 4947 Dei
1836 4892 1899 4948 in
1928 4908 2038 4949 vos
2063 4892 2165 4949 be-

510 4972 726 5029 neﬁcia
756 4975 1039 5042 sentietis,
1070 4981 1179 5034 etc.
1210 4981 1390 5035 Porro
1433 4977 1669 5036 dilectio
1712 4984 1771 5037 et
1801 4980 2010 5038 odium
2038 4981 2161 5051 Dei,

510 5059 606 5116 vel
661 5076 734 5116 ex
785 5062 1159 5134 praescientia
1217 5066 1481 5123 nascitur
1537 5067 1874 5124 futurorum
1934 5069 2030 5124 vel
2091 5085 2166 5126 ex

511 5148 816 5222 operibus.
850 5150 885 5217 -Γ
930 5149 1115 5218 Idem,
1144 5152 1206 5209 in
1245 5154 1613 5227 expositione
1656 5159 1843 5211 Amos
1874 5157 1982 5228 (in,
2035 5160 2161 5219 l2):

514 5237 800 5312 Cognovi,
832 5237 1129 5311 inquiens,
1162 5244 1356 5299 multa
1402 5245 1629 5301 scelera
1671 5250 1867 5301 vestra
1896 5251 1950 5301 et
1973 5247 2166 5315 fortia

503 5337 756 5399 peccata
789 5336 983 5388 vestra
1005 5329 1206 5400 (Amos
1222 5348 1278 5397 v,
1302 5332 1381 5403 12)
1409 5349 1422 5387 :
1455 5333 1589 5387 Ηωο
1610 5332 1868 5403 cognitio
1888 5349 2012 5391 non
2031 5335 2166 5407 jux-

511 5421 572 5473 ta
600 5416 745 5474 illud
769 5417 1154 5489 intelligenda
1183 5423 1271 5476 est
1310 5420 1477 5492 quod
1532 5420 1675 5477 alibi
1718 5420 2012 5492 legimus:
2057 5425 2163 5482 Co-

510 5508 716 5579 gnovit
759 5510 1048 5565 Dominus
1078 5524 1171 5567 eos
1200 5509 1307 5581 qui
1333 5511 1460 5580 ejus
1488 5515 1627 5566 sunt
1668 5514 1737 5579 (ll
1776 5512 1920 5570 Tim.
1954 5529 2015 5583 ιι,
2052 5514 2157 5587 19),

512 5596 618 5653 sed
643 5596 809 5670 quod
833 5598 1022 5655 Deum
1046 5597 1129 5655 nil
1153 5602 1425 5665 iatcat,et
1452 5600 1659 5657 omnia
1681 5601 2061 5673 peccantium
2075 5618 2162 5659 se-

2271 4445 2720 4520 comprobatur.
2737 4445 2844 4503 Cui
2872 4442 3055 4500 etiam
3082 4443 3299 4501 beatus
3327 4442 3438 4500 Job
3467 4440 3776 4499 humiliter
3796 4457 3936 4498 con-

2268 4530 2503 4587 ﬁtetur:
2534 4530 2672 4587 Scio
2701 4530 2843 4603 quia
2890 4532 3091 4589 omnia
3137 4537 3320 4603 potes,
3353 4536 3409 4588 et
3452 4530 3628 4587 nulla
3678 4535 3737 4587 te
3788 4531 3935 4587 latet

2271 4621 2551 4692 cogitatio
2580 4621 2733 4692 (Job.
2755 4637 2894 4690 xm,
2924 4624 2981 4691 2)
3006 4638 3020 4677 :
3051 4620 3109 4676 Si
3132 4619 3321 4691 nulla,
3353 4619 3623 4694 sequitur
3649 4619 3795 4693 quia
3817 4633 3938 4675 nec

2269 4709 2469 4766 mala:
2502 4709 2665 4767 unde
2712 4714 2770 4767 et
2808 4709 3099 4767 Dominus
3136 4708 3201 4765 in
3246 4707 3584 4779 Evangeliis
3610 4706 3822 4764 crebro
3850 4706 3940 4763 vi-

2270 4799 2432 4857 disse
2460 4799 2849 4871 cogitationes
2868 4798 3228 4855 malivorum
3249 4795 3637 4865 describitur;
3665 4795 3772 4869 qui
3793 4811 3935 4852 cum

2270 4888 2602 4963 paralytico
2631 4888 2884 4945 diceret:
2917 4887 3330 4944 Remittuntur
3377 4886 3486 4942 tibi
3525 4890 3782 4956 peccata
3822 4899 3935 4942 ca:-

2262 4983 2489 5049 perunt
2517 4977 2744 5035 Scribas
2769 4984 2823 5034 et
2851 4976 3154 5033 Pharisaei
3177 4975 3344 5031 intra
3372 4988 3453 5042 se,
3484 4972 3547 5030 id
3572 4977 3664 5030 est
3691 4972 3756 5029 in
3777 4972 3938 5043 cogi-

2271 5066 2595 5123 tationibus
2623 5066 2745 5121 suis
2769 5065 2966 5123 dicere
3002 5063 3099 5121 hic
3142 5062 3538 5133 blasphemat,
3567 5062 3703 5134 quis
3739 5067 3936 5132 potest

2268 5161 2516 5227 peccata
2544 5155 2844 5212 dimittere
2866 5155 2987 5210 nisi
3007 5153 3169 5209 solus
3201 5156 3390 5209 Deus?
3417 5152 3680 5221 Quorum
3713 5153 3939 5222 cogita-

2273 5246 2459 5303 tiones
2489 5251 2555 5301 ut
2585 5246 2733 5302 vidit
2761 5246 3072 5314 Dominus,
3100 5242 3277 5299 discit.
3307 5242 3524 5311 Quales
3545 5256 3692 5312 rogo
3714 5242 3939 5312 cogita-

2273 5337 2458 5393 tiones
2481 5334 2643 5408 (audi
2673 5334 2902 5407 quales)
2924 5338 2989 5389 ut
3010 5332 3156 5405 quid
3175 5332 3448 5403 cogitatis
3469 5332 3637 5388 mala
3658 5331 3722 5387 in
3743 5331 3934 5387 cordi-

2274 5428 2380 5483 bus
2409 5427 2615 5484 vestris
2638 5431 2666 5482 ?
2707 5424 2944 5498 (Matth.
2974 5439 3053 5491 IX,
3085 5428 3139 5490 2,
3167 5425 3313 5492 3-4.)
3340 5421 3550 5479 Procul
3587 5420 3781 5478 dubio
3812 5436 3938 5478 ma-

2269 5513 2331 5570 la
2353 5530 2564 5571 eorum
2590 5514 2779 5585 cogite
2791 5518 2868 5581 ta;
2898 5529 2962 5569 se
3002 5511 3199 5568 videre
3242 5527 3312 5568 ac
3340 5510 3785 5585 reprehendere
3814 5525 3939 5566 ma.

2269 5602 2558 5661 nifestans
2577 5620 2591 5661 :
2622 5601 2933 5677 quomodo
2949 5605 3152 5660 autem
3176 5599 3341 5658 mala
3354 5615 3567 5663 eorum
3583 5603 3691 5659 aut
3710 5600 3934 5669 videre,
