4116 6186
533 165 663 220 H3!

1619 154 1678 208 S.
1717 147 2082 206 PBUDENTII
2120 143 2498 203 TIECRNSIS
2539 147 2846 204 EPISCOPI

3813 154 3955 207 M32

525 298 714 358 usque
761 282 842 339 ad
893 277 1301 348 captivitatem
1377 291 1664 348 equorum
1717 279 2070 338 vestrorum,
2123 274 2178 324 et
2206 269 2247 319 Α
2286 270 2726 341 providentiam
2780 271 2980 341 suam]
3035 271 3464 329 suscitaturum
3495 288 3560 328 se
3605 273 3954 334 Chaldaeos.

526 371 844 433 ascendere
867 367 991 437 feci
1039 365 1418 436 putredinem
1466 371 1799 422 castrorum
1849 369 2176 418 vestrorum

526 466 584 519 in
617 474 794 517 nares
824 464 1071 526 vestras,
1103 461 1158 512 et
1190 471 1311 512 non
1343 456 1579 512 redistis
1607 455 1688 512 ad
1738 467 1847 519 me,
1892 451 2036 505 dicit
2067 449 2180 502 Do-

521 548 740 603 minus.
799 545 984 613 Unde,
1019 549 1264 601 sanctus
1292 545 1694 618 Hieronymus
1741 542 1822 598 ita
1851 540 2064 595 effatus
2091 539 2179 591 est

525 637 607 708 (in
631 636 812 692 Amos
841 635 922 705 iv)
957 653 970 689 :

592 726 720 796 [Per
747 723 955 780 omnia
994 723 1232 794 ﬂagella
1262 727 1319 780 et
1357 725 1652 780 tormenta
1681 718 1949 777 eruditur
1975 713 2174 782 Israel,

521 813 685 870 unde
729 817 788 869 et
814 828 887 868 eo
917 817 1185 884 tempore
1214 827 1337 884 quo
1369 811 1447 867 ab
1497 809 1794 882 Egyptiis
1823 803 2043 862 auxilia
2072 817 2176 874 po-

522 901 844 970 stulabant,
878 901 1128 958 mittitur
1154 900 1216 957 in
1247 917 1350 957 eos
1379 916 1564 971 mors,
1597 903 1653 954 et
1675 894 2088 970 percutiuntur
2116 889 2174 944 in

521 991 724 1064 gladio
767 991 1022 1062 juvenes
1067 1005 1298 1057 eorum,
1321 994 1378 1044 et
1423 1004 1613 1061 equos
1645 1002 1800 1060 quos
1828 982 1939 1038 sibi
1969 984 2177 1037 contra

521 1083 624 1139 Dei
672 1086 1042 1156 praeceptum
1085 1079 1557 1152 multiplicarunt
1586 1078 1714 1148 (aL,
1747 1071 2176 1145 multiplieave-

518 1174 696 1244 rant],
744 1172 1058 1244 captivitas
1089 1186 1249 1226 saeva
1291 1169 1614 1230 concludit,
1663 1171 1729 1222 ut
1772 1162 2026 1238 putredo
2078 1175 2175 1215 ca-

521 1269 782 1320 strorum
839 1265 894 1316 et
944 1259 1093 1315 fetor
1147 1259 1453 1314 morientis
1510 1256 1803 1314 exercitus
1849 1250 2174 1307 viventium

518 1367 698 1408 nares
723 1347 992 1422 impleat,
1025 1364 1284 1420 cumque
1315 1354 1372 1402 et
1397 1348 1524 1402 haec
1556 1345 1777 1413 fecerit,
1809 1347 1873 1398 ut
1920 1339 2177 1411 corripe-

518 1445 610 1498 ret
657 1436 1077 1510 delinquentes
1130 1441 1188 1492 et
1243 1435 1590 1491 emendaret
1631 1437 1917 1499 errantes,
1946 1444 2056 1483 nec
2092 1426 2175 1480 sic

518 1528 770 1601 quidem
794 1527 1098 1582 redierunt
1123 1525 1202 1581 ad
1225 1540 1385 1592 eum,
1411 1523 1552 1579 dicit
1580 1520 1913 1590 Dominus]

589 1617 633 1684 οξ·
665 1617 731 1670 Et
757 1615 816 1669 in
849 1616 1001 1669 tona
1027 1613 1326 1685 propheta
1350 1611 1565 1681 legitur
1593 1626 1606 1664 :
1642 1611 1716 1664 Et
1747 1607 1986 1679 paravit
2018 1606 2174 1661 Deus
2206 1622 2244 1678 ιι

521 1718 775 1760 vermem
822 1703 1160 1758 ascensione
1188 1700 1465 1767 diluculi,
1497 1706 1552 1756 et
1577 1698 1864 1768 percussit
1897 1690 2175 1751 hederam

520 1799 577 1850 et
627 1792 889 1861 exaruit,
948 1797 1002 1847 et
1051 1806 1185 1846 cum
1239 1795 1406 1845 ortus
1457 1789 1670 1858 fuisset
1721 1788 1828 1854 sol,
1894 1786 2173 1854 praecepit

519 1884 678 1938 Deus
705 1886 878 1936 vento
910 1879 1108 1936 calido
1136 1883 1190 1934 et
1223 1877 1444 1945 urenti,
1471 1883 1525 1932 et
1551 1876 1842 1946 percussit
1870 1874 1961 1929 sol
1997 1887 2175 1940 super

521 1975 703 2039 caput
734 1969 926 2039 Jona’,
950 1971 1003 2024 et
1027 1967 1315 2022 aestuabat
1347 1966 1507 2037 (Jon.
1542 1981 1620 2036 iv,
1652 1965 1726 2035 7).
1762 1966 1907 2018 Ecce
1931 1975 2173 2032 parasse

521 2059 679 2114 Deus
720 2072 988 2113 vermem
1019 2054 1251 2125 dicitur,
1283 2053 1389 2126 qui
1428 2053 1489 2108 in
1518 2052 1805 2108 ultionem
1831 2047 2174 2106 inobedien-

520 2146 614 2202 dis
643 2143 950 2218 prophetae
981 2141 1227 2199 kikaion
1257 2157 1383 2198 una
1427 2146 1600 2197 nocte
1649 2139 1906 2195 mirabili
1941 2137 2032 2193 Uei
2065 2152 2172 2209 po-

519 2234 705 2292 tentia
757 2237 1121 2303 surgentem,
1167 2230 1718 2304 protectionemque
1764 2227 2001 2284 virentis
2048 2243 2175 2280 um-

519 2323 756 2381 braculi
787 2327 1030 2396 repente
1059 2319 1427 2394 praebentem
1475 2318 1769 2387 exederet,
1797 2317 2176 2391 prophetam-

519 2427 639 2487 que
667 2414 799 2469 orto
830 2411 955 2468 sole
983 2414 1198 2467 ventus
1225 2423 1406 2466 urens
1435 2413 1491 2465 et
1517 2407 1747 2464 calidus
1795 2405 2173 2480 praecipiente

520 2500 778 2559 Domino
821 2501 975 2557 adeo
1023 2502 1374 2573 percuteret,
1405 2501 1470 2554 ut
1506 2502 1768 2554 testuans
1803 2500 2026 2569 peteret
2055 2493 2176 2548 ani-

521 2607 635 2648 mae
673 2606 798 2646 sum
841 2595 907 2646 ut
935 2593 1286 2646 moreretur.
1319 2587 1484 2643 Idem
1513 2587 1726 2642 doctor
1751 2598 2057 2658 exponens
2084 2582 2176 2638 Mi-

520 2681 755 2738 ehseam
783 2678 1142 2754 prophetam
1196 2677 1592 2750 Hieronymus
1621 2677 1706 2747 (in
1744 2674 1926 2730 Mich.
1958 2689 2035 2740 ιιι,
2069 2675 2125 2744 4)
2159 2689 2170 2726 :

519 2772 613 2844 [Et
637 2769 788 2840 haec,
819 2767 1034 2841 inquit,
1062 2766 1342 2823 universa
1371 2765 1693 2839 patientur,
1721 2763 1865 2837 quia
1917 2761 2176 2836 pessime

519 2863 771 2930 egerunt
796 2858 858 2913 in
916 2855 1129 2913 studiis
1158 2861 1216 2912 et
1258 2855 1320 2911 in
1346 2853 1760 2927 voluptatibus
1789 2851 1936 2919 suis,
1969 2856 2028 2908 et
2054 2867 2177 2907 non

518 2963 691 3020 reges
710 2947 896 3014 fuere,
923 2945 1027 3002 sed
1055 2944 1315 3019 tyranni,
1334 2960 1444 3000 nec
1469 2942 1792 3016 praepositi,
1818 2942 1923 2998 sed
1952 2941 2176 3007 leones,
2209 2981 2244 3029 ρ

517 3053 716 3111 neque
744 3034 1016 3107 magistri
1044 3033 1500 3107 discipulorum,
1534 3033 1641 3088 sed
1688 3032 1815 3105 lupi
1843 3031 2088 3098 ovium;
2122 3034 2180 3086 et

519 3127 891 3185 satiaverunt
916 3140 979 3182 se
1008 3124 1319 3194 carnibus,
1347 3127 1402 3179 et
1431 3121 1742 3177 incrassati
1773 3125 1932 3185 sunt,
1958 3124 2015 3175 et
2064 3118 2178 3174 sub

518 3219 650 3292 [al.,
688 3217 862 3288 sicut]
911 3215 1311 3289 pinguissima
1363 3211 1562 3268 hostia
1617 3209 2007 3266 interfectioni
2048 3210 2174 3279 [al.,

518 3305 953 3365 interfectionis
974 3310 1115 3361 sunt
1137 3308 1342 3377 supp.]
1369 3306 1427 3357 et
1446 3299 1752 3374 suppliciis
1779 3299 2013 3355 Domini
2034 3314 2179 3372 prai-

517 3395 774 3471 paravi.]
803 3397 846 3465 -ι-
874 3393 1036 3450 idem
1066 3393 1130 3448 in
1157 3390 1528 3464 expositione
1563 3389 1840 3446 Habacuc
1870 3389 2176 3462 prophetae

519 3497 827 3557 exponens
879 3482 1107 3537 dictum
1159 3479 1598 3553 propheticum,
1649 3479 1896 3535 Domine
1969 3476 2180 3535 audivi

517 3572 884 3629 auditionem
929 3575 1116 3639 tuam,
1148 3575 1204 3626 et
1247 3569 1440 3637 timui,
1473 3569 1869 3639 Hieronymus
1917 3568 2170 3635 (Habac.

516 3676 604 3727 ιιι,
635 3661 706 3730 1).
744 3658 1002 3732 [Audivi,
1036 3658 1248 3731 inquit,
1281 3671 1494 3730 pmnas
1522 3672 1676 3729 quas
1701 3655 2177 3713 Nabuchodono-

519 3766 622 3808 sor
649 3754 707 3807 et
732 3748 978 3806 diabolo
1031 3747 1424 3822 praeparasti].
1459 3749 1499 3818 -ι-
1550 3751 1694 3804 Item
1720 3746 1780 3802 in
1807 3747 2174 3821 expositione

523 3839 821 3899 Zachariae
854 3838 1164 3913 prophetae
1198 3840 1283 3912 (in
1335 3838 1598 3894 Zachar.
1625 3853 1704 3910 xi,
1727 3837 1818 3909 7):
1851 3840 2021 3909 [Cum
2073 3853 2175 3894 au-

517 3936 638 3989 tem
664 3928 1002 3986 secundum
1033 3927 1423 4001 Septuaginta
1477 3926 1733 3999 legimus
1766 3944 1779 3982 :
1812 3927 1891 3983 Et
1929 3943 2171 3998 pascam

515 4035 649 4078 oves
707 4018 1018 4076 occisionis
1059 4019 1122 4073 in
1175 4022 1340 4074 terra
1371 4016 1688 4085 Chanaan,
1730 4015 1815 4072 sic
1843 4031 2170 4088 possumus

515 4107 841 4178 intelligere
867 4105 1031 4179 quod
1061 4105 1358 4179 populum
1387 4106 1751 4170 indecorum,
1775 4105 1880 4177 qui
1909 4105 2170 4160 destina-

515 4201 613 4253 tus
655 4200 747 4252 est
789 4196 967 4252 morti
1003 4195 1063 4250 in
1110 4199 1231 4252 toto
1280 4194 1424 4251 orbe
1468 4195 1797 4267 dipersum,
1830 4194 1943 4250 hoc
1989 4194 2168 4249 estin

517 4289 674 4342 terra
697 4283 983 4341 Chanaan
1001 4289 1179 4357 atque
1208 4283 1537 4355 gentilium,
1563 4287 1772 4354 pascat
1800 4283 2086 4338 Dominus
2113 4287 2170 4338 et

515 4373 740 4430 nutriat
762 4372 841 4430 ad
890 4372 1354 4429 immolandum.
1381 4373 1422 4440 +
1455 4375 1516 4426 In
1546 4371 1760 4426 eodem
1803 4371 1991 4443 (ibid,
2023 4371 2083 4426 d.
2114 4387 2165 4426 c.

516 4462 759 4536 111,11):
794 4464 1124 4534 Cognoscet
1171 4459 1433 4534 populus
1477 4459 1822 4515 Judaaorum
1865 4460 1945 4517 ad
1985 4475 2169 4533 quem

515 4552 744 4610 dictum
793 4556 924 4610 est:
963 4553 1173 4609 Semen
1220 4550 1530 4619 Chanaan,
1559 4554 1615 4605 et
1654 4565 1776 4606 non
1823 4550 2005 4617 Juda,
2067 4551 2172 4622 qui

516 4660 680 4702 nunc
703 4643 1067 4701 cavremmziis
1090 4641 1232 4698 meis
1254 4639 1590 4697 custoditur
1615 4639 1759 4712 (sive
1779 4639 1924 4712 quia
1945 4639 2173 4698 Chana-

515 4733 633 4790 naei
661 4734 1126 4806 interpretantur
1142 4732 1353 4802 parati
1379 4730 1462 4787 ad
1482 4730 1922 4801 humilitatem),
1951 4745 2172 4801 cogno-

516 4825 687 4880 scent
711 4822 858 4895 quia
884 4821 1034 4878 olim
1080 4823 1273 4893 parati
1303 4823 1443 4875 sunt
1484 4823 1548 4874 ut
1586 4818 1973 4876 humilientur
2002 4835 2038 4876 a
2064 4823 2173 4877 Do-

515 4911 730 4982 mino.)
758 4912 800 4980 1-
848 4910 1014 4966 Idem
1045 4909 1106 4964 in
1136 4909 1506 4982 expositione
1537 4907 1818 4966 Habaeuc
1864 4910 2170 4983 prophetae

515 5011 826 5071 exponens
875 4997 1058 5054 verba
1115 4997 1348 5054 Domini
1378 4997 1628 5054 dicentis
1660 5013 1674 5052 :
1705 4999 1858 5056 Ecce
1887 5013 1992 5070 ego
2021 5001 2174 5056 suci-

521 5088 660 5144 tabo
690 5085 1026 5154 Chatdasos,
1043 5093 1274 5158 gentem
1296 5103 1568 5145 amaram
1589 5094 1646 5145 et
1674 5089 1948 5158 velocem,
1968 5089 2170 5146 ambu-

519 5177 744 5235 lantem
765 5189 946 5247 super
966 5175 1343 5234 latitudinem
1361 5181 1558 5245 terrae,
1572 5182 1638 5231 ut
1657 5176 1954 5246 possideat
1976 5183 2036 5234 ta
2045 5179 2171 5236 ber-

515 5267 743 5326 nacula
771 5280 891 5322 non
911 5278 1055 5336 sua;
1083 5265 1388 5324 horribilis
1410 5271 1464 5323 et
1492 5265 1779 5322 terribilis
1812 5270 1895 5321 est
1911 5267 2165 5335 (Eabae.

515 5370 558 5426 ι,
585 5359 664 5427 6),
691 5359 750 5413 et
772 5359 990 5412 cetera
1013 5340 1150 5428 post
1173 5353 1568 5411 fundamenta
1598 5352 1859 5409 historiae
1886 5354 2170 5431 interpre-

516 5441 807 5500 tationem
834 5442 1219 5515 allegorieam
1238 5443 1320 5501 ita
1348 5441 1650 5516 coaptavit
1672 5443 1757 5515 (in
1783 5444 2014 5504 Habac.
2033 5465 2070 5517 1,
2089 5450 2166 5523 ϐ),

513 5531 954 5604 [Comminatur
1032 5535 1185 5590 Deus
1241 5531 1564 5590 adversum
1615 5536 2056 5608 contemptores
2111 5543 2171 5595 et

513 5620 982 5686 calumniatores
1006 5622 1392 5697 providentia
1413 5637 1536 5681 sua
1565 5623 1696 5695 [al.,
1726 5623 2163 5685 calumniantes

2286 358 2390 428 qui
2433 359 2894 431 interpretantur
2940 359 3114 430 quasi
3165 358 3488 427 daemonia,
3544 361 3640 416 vel
3695 363 3957 434 angelos

2287 445 2583 516 pessimos
2635 447 2998 517 signiﬁcans,
3033 450 3136 518 qui
3188 449 3526 505 ministrant
3574 450 3762 506 furori
3796 453 3954 523 ejus,

2287 537 2340 589 et
2363 534 2464 590 irae
2491 540 2549 591 et
2578 536 2944 592 tribulationi
2970 553 3158 608 quam
3183 537 3357 592 infert
3385 539 3446 593 in
3472 545 3831 612 peccatores
3863 546 3954 600 vel

2286 623 2521 680 animas
2547 625 2860 680 hominum
2893 625 3294 698 pessimorum
3321 641 3429 698 per
3465 644 3619 700 quas
3646 637 3953 688 merentes

2287 713 2539 768 cruciat:
2563 713 2623 768 hi
2645 719 2848 770 autem
2869 713 3130 770 Chaldaei
3153 727 3299 784 gens
3320 732 3532 772 amara
3553 723 3642 773 est
3662 723 3722 774 et
3746 720 3948 791 velox,

2287 817 2408 857 non
2441 818 2694 874 parcens
2726 808 2782 858 et
2823 804 2938 859 cito
2981 803 3228 876 explens
3255 804 3424 877 quod
3469 805 3579 862 sibi
3625 807 3806 864 fuerit
3837 809 3948 865 im-

2287 897 2580 962 peratum,
2639 897 2695 948 et
2751 892 3022 949 ambulat
3079 908 3260 965 super
3312 893 3694 952 latitudinem
3752 903 3947 969 terrae,

2288 981 2415 1037 lata
2445 983 2606 1038 enim
2631 988 2683 1038 et
2711 984 2975 1051 spatiosa
2997 984 3093 1039 via
3119 988 3358 1054 estquae
3386 986 3552 1040 ducit
3584 988 3668 1042 ad
3694 995 3945 1046 mortem

2287 1069 2528 1139 (Matth.
2561 1087 2661 1136 vn,
2704 1072 2832 1141 I3).]
2879 1074 2920 1140 -ξο
2955 1075 3096 1126 Item
3152 1072 3210 1128 in
3263 1073 3454 1129 Abdia
3509 1077 3811 1148 propheta
3861 1080 3945 1149 (in

2285 1159 2633 1229 Abdiam,i,
2675 1164 2764 1228 16)
2801 1177 2814 1213 :
2849 1162 3148 1227 Quomodo
3199 1164 3352 1218 enim
3414 1164 3475 1218 in
3532 1181 3678 1220 nece
3731 1183 3946 1223 eorum

2286 1247 2512 1304 laetatus
2541 1265 2625 1318 es,
2657 1250 3119 1321 conviviumque
3149 1251 3487 1319 eelebrasti,
3523 1260 3578 1309 et
3627 1256 3690 1309 in
3747 1263 3948 1312 monte

2286 1345 2492 1394 sancto
2519 1354 2666 1406 meo,
2701 1339 2815 1394 hoc
2845 1339 3016 1394 estin
3047 1339 3303 1396 Ecclesia
3335 1342 3553 1410 bibisti,
3585 1359 3708 1400 non
3738 1361 3945 1401 meum

2286 1427 2552 1493 calicem,
2578 1427 2684 1483 sed
2714 1428 2958 1483 diaboli.
2994 1429 3072 1483 De
3101 1445 3224 1500 quo
3253 1429 3315 1484 in
3365 1430 3644 1487 liabacue
3674 1433 3899 1490 dicitur
3929 1455 3940 1490 :

2297 1518 2389 1572 Vw
2409 1520 2514 1588 qui
2523 1525 2693 1587 potat
2724 1520 3065 1587 proximum
3092 1535 3262 1574 suum
3292 1520 3672 1579 subversione
3696 1525 3944 1580 turbida

2290 1607 2536 1678 (Hebae.
2572 1622 2630 1674 ιι,
2668 1611 2750 1678 15)
2780 1610 2791 1663 ε
2825 1607 2907 1663 ita
2956 1609 3249 1664 universae
3294 1615 3500 1679 gentes
3528 1612 3622 1667 vel
3654 1612 3944 1669 fortitudi-

2285 1712 2392 1750 nes
2423 1697 2733 1752 contrarize
2764 1696 3072 1769 suppliciis
3102 1697 3410 1767 delegatze,
3439 1701 3526 1756 vel
3578 1701 3940 1758 adversaria:

2285 1802 2540 1859 quaeque
2588 1787 2834 1843 virtutes
2884 1787 3110 1854 bibent,
3144 1792 3199 1844 et
3246 1788 3650 1847 absorbebunt
3692 1793 3943 1861 sangui-

2282 1891 2420 1931 nem
2451 1882 2640 1932 tuum.

2353 1968 2396 2036 -ῐ-
2419 1969 2548 2022 iam
2566 1981 2708 2021 vero
2729 1967 2893 2038 quod
2920 1967 3215 2024 haereseos
3244 1967 3429 2036 elogio
3452 1968 3788 2036 denotatos,
3816 1987 3937 2028 nec

2283 2055 2573 2111 habentes
2593 2055 2795 2111 lumen
2818 2071 2940 2127 quo
2963 2055 3162 2112 videre
3179 2073 3498 2129 possumus
3517 2058 3683 2130 quod
3707 2058 3940 2116 malum

2285 2161 2320 2202 a
2350 2161 2634 2219 perverso
2663 2152 2832 2201 motu
2859 2146 3060 2202 liberte
3087 2147 3410 2203 voluntatis
3438 2149 3714 2221 prodeat,
3747 2150 3940 2205 aerius

2285 2233 2748 2302 insimulas,nos
2770 2250 2801 2288 e
2824 2240 3030 2290 contra
3051 2239 3109 2291 et
3138 2236 3387 2291 scientes
3409 2253 3516 2309 per
3538 2238 3797 2306 gratiam
3825 2238 3938 2300 Dei,

2286 2328 2342 2379 et
2353 2324 2411 2379 in
2421 2323 2653 2392 telligen
2662 2328 2745 2378 tes
2760 2323 2918 2378 unde
2933 2323 3002 2378 sit
3018 2323 3244 2380 malum
3262 2325 3444 2380 veluti
3466 2327 3787 2397 praemissa
3800 2328 3937 2383 satis

2287 2412 2649 2484 abundeque
2675 2412 3023 2480 informant,
3037 2411 3295 2469 dicimus
3313 2419 3492 2487 atque
3509 2421 3826 2487 optamus:
3841 2417 3938 2472 uti-

2286 2514 2427 2554 nam
2441 2497 2666 2564 lumen,
2681 2498 2844 2568 quod
2863 2497 3037 2552 nobis
3051 2498 3476 2571 superbissime
3488 2499 3936 2568 demis,caalitus

2287 2587 2539 2659 adeptus
2569 2586 2901 2642 humillime
2932 2587 3363 2660 possideres,et
3381 2604 3505 2645 non
3527 2590 3589 2644 in
3616 2595 3805 2654 tanta,
3825 2598 3930 2646 tam

2286 2693 2493 2750 prava,
2518 2681 2762 2748 tamque
2782 2681 3066 2749 perversa
3092 2677 3456 2749 impingeres
3480 2695 3493 2733 :
3520 2679 3756 2736 videres
3785 2678 3926 2735 enim

2287 2782 2474 2838 quam
2502 2781 2626 2821 non
2657 2767 2943 2822 veraciter
2966 2765 3185 2822 dixeris
3219 2783 3232 2820 :
3269 2768 3423 2835 Quos
3459 2771 3631 2838 juste
3656 2769 3934 2838 deseruit,

2287 2857 2350 2912 id
2371 2862 2452 2913 est
2479 2871 2586 2910 sua
2607 2856 2860 2924 propria
2891 2857 3282 2925 perversitate
3304 2858 3523 2925 puniri
3543 2859 3836 2927 permisit.

2359 2944 2460 2998 Vis
2483 2943 2708 3016 quippe
2734 2943 2980 3012 intelligi
3010 2959 3132 3000 non
3155 2943 3321 2999 aliud
3342 2959 3476 3001 esse
3494 2962 3742 3018 poenam
3762 2946 3934 3018 puni-

2289 3034 2631 3106 tionemque
2660 3031 3010 3104 peccatoris,
3034 3033 3147 3088 nisi
3180 3049 3354 3090 suam
3380 3035 3690 3108 propriam
3712 3050 3936 3108 perver-

2289 3123 2561 3189 sitatem;
2607 3121 2688 3176 ita
2745 3125 2810 3177 ut
2847 3125 2906 3177 et
2953 3125 3205 3178 mortem
3254 3127 3312 3178 et
3363 3138 3596 3196 poenas,
3633 3126 3734 3180 Dei
3778 3126 3935 3196 justo

2231 3232 2240 3243 ο
2281 3211 2507 3282 judicio
2539 3210 2956 3283 peccatoribus
2987 3211 3299 3282 irrogatas,
3334 3214 3569 3286 penitus
3598 3215 3862 3282 auferas,
3883 3220 3938 3270 et

2287 3301 2373 3356 eis
2421 3300 2616 3356 solam
2663 3300 2972 3372 propriam
3020 3301 3447 3358 conscientiam
3504 3318 3755 3375 poenam
3810 3319 3936 3360 esse

2286 3391 2629 3459 contingas:
2654 3388 2820 3461 quod
2847 3389 2988 3460 quia
3017 3390 3298 3460 Origenes
3318 3391 3687 3449 mendaciter
3713 3393 3934 3459 docuit,

2288 3479 2646 3535 sententiam
2691 3478 2869 3548 justte
2898 3477 3301 3536 damnationis
3333 3481 3580 3553 excepit.
3615 3483 3768 3537 Cum
3799 3497 3937 3554 ergo

2285 3568 2432 3623 dicis
2465 3585 2478 3622 :
2515 3569 2696 3624 Omne
2727 3568 2915 3637 igitur
2942 3568 3166 3624 malum
3213 3575 3320 3625 aut
3341 3576 3652 3640 peccatum
3693 3578 3800 3639 est,
3834 3578 3936 3628 aut

2283 3673 2464 3728 paena
2487 3658 2744 3726 peccati,
2778 3657 3000 3712 mirum
3030 3662 3117 3714 est
3143 3674 3248 3714 cur
3276 3674 3400 3715 non
3438 3660 3766 3716 attenderis
3794 3661 3938 3718 nihil

2285 3763 2321 3803 a
2348 3746 2515 3802 nihili
2540 3745 2882 3801 nullatenus
2915 3761 3091 3818 posse
3141 3747 3360 3820 puniri.
3392 3749 3448 3805 Si
3496 3749 3700 3822 itaque
3730 3765 3936 3824 pecea-

2284 3841 2411 3893 tum
2440 3835 2588 3890 nihil
2625 3838 2730 3903 est,
2773 3839 2828 3890 et
2860 3851 3040 3908 paena
3068 3836 3198 3908 ejus
3219 3837 3484 3894 similiter
3510 3838 3659 3894 nihil
3687 3845 3798 3908 est,
3815 3855 3936 3912 quo

2281 3929 2457 3999 pacto
2488 3923 2636 3980 nihil
2663 3940 2701 3980 a
2729 3923 2895 3979 nihili
2923 3924 3208 3996 puniatur
3238 3941 3362 3982 non
3415 3926 3586 3983 video
3621 3945 3633 3982 :
3665 3929 3795 3985 imo
3822 3929 3937 3985 hoc

2282 4019 2474 4072 totum
2503 4013 2651 4070 nihil
2693 4029 2824 4070 esse
2873 4012 3187 4085 conﬁrmo,
3217 4014 3324 4071 sed
3382 4032 3520 4072 cum
3552 4016 3815 4075 Ecclesia
3843 4033 3936 4074 ca-

2282 4104 2498 4161 tholica
2529 4103 2815 4160 conﬁteor
2843 4107 3158 4176 peccatum
3189 4107 3308 4161 Deo
3334 4105 3536 4176 judice
3581 4107 3807 4179 puniri,
3841 4123 3940 4164 cu-

2277 4195 2377 4265 jus
2406 4193 2737 4267 prohibitor
2779 4197 2958 4266 atquc
3005 4193 3358 4265 reprobator
3398 4195 3726 4252 certissime
3779 4213 3940 4253 com-

2283 4283 2595 4356 probatur.
2650 4281 2890 4347 Quoties
2932 4297 3074 4338 vero
3120 4282 3336 4354 legitur
3376 4286 3632 4359 quisque
3690 4287 3943 4360 propria

2282 4372 2592 4445 iniquitate
2633 4370 2933 4443 damnari,
2964 4371 3047 4428 ita
3095 4373 3294 4445 potius
3339 4373 3801 4445 intelligendum
3849 4383 3943 4432 est

2280 4461 2469 4534 quod,
2512 4460 2725 4516 merito
2769 4460 2919 4531 ejus,
2951 4465 3249 4532 peccator,
3301 4462 3382 4519 ab
3429 4463 3530 4520 illo
3577 4465 3680 4537 qui
3729 4466 3943 4521 omnia

2277 4551 2528 4624 judicat,
2573 4551 2732 4622 juste
2777 4549 3117 4608 damnetur.
3171 4553 3700 4618 Quemadmodum
3755 4555 3941 4612 etiam

2279 4640 2768 4715 quandocunque
2797 4639 3014 4698 dicitur
3043 4646 3359 4714 peccatum
3400 4643 3706 4717 iniquitas,
3736 4645 3942 4701 scelus

2280 4736 2461 4806 atque
2503 4731 2780 4804 impietas
2808 4747 3018 4788 eorum
3064 4732 3467 4804 patratoribus
3515 4733 3707 4802 reddi,
3738 4735 3825 4791 ita
3855 4735 3942 4809 pii

2279 4822 2503 4879 sanitas
2531 4820 2860 4878 intellectus
2888 4820 3137 4894 percipit
3167 4825 3232 4878 ut
3272 4822 3483 4879 merito
3511 4839 3720 4880 eorum
3752 4839 3941 4898 poena

2278 4910 2636 4981 dignissima
2661 4909 2911 4982 rependi
2936 4908 3269 4980 justissime
3300 4910 3612 4980 sentiatur,
3643 4927 3770 4968 non
3800 4928 3940 4986 pec-

2277 5004 2412 5056 cata
2439 5015 2550 5072 pro
2580 4999 2862 5071 peccatis,
2895 5004 2998 5055 aut
3023 4996 3249 5057 scelera
3273 5015 3388 5073 pro
3419 4999 3748 5058 sceleribus
3776 5017 3941 5059 com-

2277 5087 2538 5162 pensari.
2574 5087 2666 5145 Sic
2695 5089 2877 5145 etiam
2906 5103 3047 5145 cum
3075 5094 3326 5162 peccata
3352 5089 3583 5147 visitari
3628 5089 3936 5150 dicuntur.

2279 5179 2408 5234 Non
2437 5176 2594 5250 ipsa,
2624 5192 2760 5250 quae
2809 5192 2934 5236 non
2978 5182 3119 5234 sunt
3164 5177 3530 5249 substantim,
3565 5179 3673 5238 sed
3721 5196 3936 5239 eorum

2277 5272 2555 5325 auctores
2586 5272 2766 5342 atque
2796 5272 3116 5337 amatores,
3140 5267 3386 5326 ultionis
3414 5270 3779 5344 tequissima:
3805 5287 3936 5329 sen-

2276 5357 2525 5416 tentiam
2556 5372 2820 5431 recipere
2844 5357 3174 5415 creduntur
3204 5377 3216 5415 :
3249 5358 3539 5433 quodque
3567 5360 3884 5419 subnectis
3918 5379 3930 5416 :

2839 5517 3077 5559 JOANNES
3128 5517 3356 5563 ποι-υς.

2341 5628 2509 5704 (Cap.
2526 5632 2612 5700 to,
2627 5645 2792 5688 num.
2818 5632 2871 5699 ο,
2901 5631 3051 5692 sect.
3069 5630 3148 5704 3.)
3179 5634 3218 5684 θ
3243 5629 3387 5699 Qua
3405 5629 3526 5689 duo
3545 5633 3597 5690 si
3623 5632 3804 5690 nulia
3825 5645 3928 5691 ra-
