4112 6184
154 150 309 207 H33

1093 153 1185 206 DE
1226 148 1896 210 PREDES'I‘INATIONE
1938 154 2222 212 CONTRA
2259 156 2311 211 J.
2355 160 2649 219 SCOTUM.

3465 168 3607 231 1186

147 275 246 330 tio
275 273 424 330 sinit
450 273 630 363 Deum
648 275 951 343 praescire,
970 281 1199 347 quanto
1215 280 1405 349 magis
1432 280 1820 350 prwdestina—
1848 283 1896 337 Α
1934 287 2083 337 nem’
2094 295 2216 338 non
2234 297 2365 340 esse
2389 302 2401 340 :
2423 280 2553 342 esse
2564 290 2767 344 autem
2795 301 3006 345 eorum
3022 302 3157 363 qum
3176 290 3333 349 Deus
3354 293 3450 352 vel
3468 294 3609 356 fecit

145 378 244 429 re,
271 362 408 434 quis
436 362 659 419 audeat
683 363 881 421 dicere
900 365 1018 421 nisi
1037 380 1074 421 α
1103 369 1413 424 contrario
1440 371 1468 425 ‘2

835 505 1160 547 CORBECTIO.

227 598 274 667 -ιο
299 595 436 653 Jam
464 594 728 651 diximus
756 597 945 652 Deum
975 597 1263 655 veraciter
1284 602 1560 673 praescire
1585 606 1822 662 tantum

150 689 437 758 peccata,
468 700 591 741 non
621 684 802 742 etiam
823 686 1283 758 prredestinare;
1314 705 1561 762 poenam
1589 709 1731 749 vero
1756 693 1821 748 il-

146 772 362 831 lorum
386 778 445 830 et
467 774 745 847 praescire
777 778 835 831 et
856 776 1306 850 praedestinare,
1359 778 1545 837 libere
1576 782 1820 838 conﬁte-

150 878 300 919 mur
329 882 343 920 :
372 878 579 919 verum
598 866 898 934 quantum
918 880 1098 937 super
1118 865 1204 921 tui
1230 867 1495 925 caecitate
1519 874 1818 942 stupeam,

146 967 401 1024 nequeo
430 950 768 1024 explicare;
801 956 868 1010 ut
910 953 1014 1025 qui
1058 954 1350 1011 hactenus
1381 958 1822 1029 praescientiam

151 1046 218 1098 et
246 1040 843 1114 praedestinationem
878 1058 1063 1099 unum
1117 1060 1249 1101 esse
1280 1045 1639 1103 adstruxeris
1669 1049 1822 1105 adeo

150 1135 226 1187 ut
253 1129 407 1186 nihil
434 1129 669 1186 differre
694 1133 1151 1204 asseveraveris,
1177 1150 1339 1190 nunc
1370 1151 1510 1191 cum
1551 1137 1821 1209 quadam

148 1218 519 1277 discretione
582 1219 882 1292 posueris,
942 1220 1198 1277 dicendo
1263 1223 1560 1296 siquidem
1628 1244 1639 1281 :
1692 1242 1823 1298 quae

147 1309 280 1365 duo
308 1309 364 1363 si
385 1309 561 1366 nulla
592 1310 749 1365 ratio
774 1324 919 1366 vera
949 1310 1093 1365 sinit
1111 1313 1299 1367 Deum
1317 1315 1691 1383 praescire,et
1719 1315 1821 1373 ad-

146 1397 364 1455 dendo
396 1415 411 1453 :
441 1403 669 1470 quanto
724 1399 913 1469 magis
960 1401 1423 1469 prcedestinare,
1476 1403 1820 1460 nullatenus

148 1502 232 1544 ea
262 1487 392 1543 sine
421 1487 627 1560 aliquo
673 1487 1007 1544 differentia
1038 1489 1283 1562 intelligi
1333 1491 1550 1548 debere
1581 1494 1822 1565 permit-

146 1576 253 1634 tis.
284 1577 410 1633 Hoc
452 1577 653 1649 ipsum
697 1576 760 1633 in
790 1579 1302 1650 consequentibus
1329 1581 1677 1653 conﬁrmas,
1728 1582 1818 1639 di-

148 1681 305 1722 cens
348 1685 360 1722 ζ

725 1752 963 1795 JOANNES
1014 1755 1242 1796 SCOTUS.

228 1846 396 1917 (Cap.
428 1844 514 1914 10,
540 1860 712 1901 num.
745 1850 799 1915 7,
832 1849 974 1901 sect.
1004 1846 1081 1918 3.)
1115 1852 1153 1901 Θ
1179 1848 1383 1906 Simili
1406 1850 1599 1920 modo,
1644 1851 1699 1906 si
1722 1852 1815 1907 ni-

150 1936 249 1993 hil
275 1935 452 1994 aliud
476 1940 562 1991 est
594 1935 1070 2005 praedestinatio,
1107 1938 1226 1994 nisi
1251 1952 1453 1995 eorum
1483 1956 1617 2010 qua
1658 1942 1816 1997 Deus

146 2024 441 2095 facienda
476 2024 785 2094 praevidit,
837 2028 1230 2095 prwparatio,
1271 2029 1562 2099 quomodo
1611 2044 1815 2088 eorum

146 2129 287 2187 qua!
308 2115 470 2171 Deus
500 2128 606 2171 nec
631 2115 801 2184 fecit,
830 2129 938 2172 nec
979 2116 1270 2185 facienda
1296 2120 1689 2189 preparavit,
1723 2120 1813 2176 di-

147 2204 350 2263 cenda
383 2209 467 2262 est
488 2203 950 2275 praedestinatio
974 2206 1001 2259 ?

819 2325 1141 2368 CORRBCTIO.

219 2422 264 2490 σι-
291 2417 670 2477 Conﬁrmans
698 2418 879 2489 igitur
906 2419 1056 2474 nihil
1083 2418 1248 2475 aliud
1272 2436 1404 2477 esse
1423 2420 1813 2494 praedestina-

146 2509 399 2579 tionem,
429 2508 543 2565 nisi
569 2524 778 2564 eorum
825 2522 962 2581 quae
995 2510 1147 2564 Deus
1189 2508 1469 2567 facienda
1515 2512 1809 2585 praevidit,

144 2596 679 2673 praeparationem,
712 2597 979 2670 profecto
1011 2613 1147 2655 eam
1174 2614 1211 2655 a
1240 2600 1616 2675 praescientia
1644 2618 1813 2675 sepa-

143 2670 299 2743 rare,
320 2685 690 2742 convinceris
723 2703 736 2742 :
771 2685 915 2759 quia
946 2688 1143 2743 omnis
1196 2670 1555 2762 praeparatio
1614 2670 1810 2747 nullo-

148 2774 342 2831 modo
365 2773 598 2848 absque
623 2775 998 2848 praescientia
1021 2775 1257 2848 dicitur,
1282 2777 1655 2850 prmscientia
1668 2793 1811 2835 vero

147 2863 387 2936 absque
416 2863 853 2936 praeparatione
878 2863 1234 2921 creberrime
1277 2865 1587 2939 reperitur.
1636 2864 1813 2923 Multa

147 2953 317 3009 enim
346 2952 700 3024 praescimus
725 2952 815 3009 vel
844 2969 881 3009 a
917 2953 1103 3009 servis
1132 2954 1371 3019 nostris,
1422 2954 1515 3010 vel
1574 2953 1652 3010 ab
1683 2953 1811 3009 aliis

147 3040 526 3116 quibuslibet
551 3041 844 3113 facienda,
873 3059 1010 3115 quae
1061 3042 1176 3116 ipsi
1206 3042 1454 3099 minime
1503 3058 1810 3116 praepara—

148 3148 312 3188 mus.
346 3133 587 3189 Constat
606 3146 751 3201 ergo
769 3131 1355 3204 praedestinationem
1377 3148 1413 3189 a
1438 3131 1812 3205 praescientia

148 3218 489 3293 plurimum
515 3218 754 3285 distare,
787 3235 927 3275 cum
957 3236 1091 3276 eam
1131 3220 1279 3276 nihil
1309 3219 1472 3277 aliud
1502 3236 1689 3293 quam
1715 3235 1811 3275 eo-

148 3324 297 3364 rmn
325 3322 461 3380 quae
486 3310 637 3364 Deus
664 3308 939 3366 facienda
966 3309 1264 3382 praevidit,
1297 3310 1811 3383 prmparationem

147 3397 434 3455 insinuas
466 3417 477 3454 :
507 3398 646 3471 quia
676 3402 863 3455 Deum
912 3400 1283 3456 conditorem
1339 3399 1612 3456 omnium
1673 3415 1809 3473 qua:

147 3492 315 3558 sunt,
343 3487 404 3543 in
433 3493 729 3561 quantum
761 3494 918 3559 sunt,
950 3489 1223 3563 praescire
1268 3490 1476 3547 omnia
1532 3490 1808 3553 dicimus,

144 3575 241 3634 vel
263 3577 343 3633 ab
373 3576 509 3649 ipso
539 3581 698 3645 sunt,
725 3577 819 3634 vel
846 3578 924 3635 ab
956 3578 1089 3652 ipso
1119 3595 1241 3635 non
1268 3584 1423 3635 sunt.
1474 3581 1622 3637 Sunt
1648 3579 1810 3635 enim

146 3667 228 3723 ab
251 3682 322 3722 eo
349 3671 632 3723 creaturae
664 3683 898 3732 omnes,
922 3684 1073 3740 quas
1102 3667 1475 3740 prtesciendo
1500 3668 1807 3740 praedesti-

142 3755 314 3813 navit
328 3758 516 3829 atque
541 3756 787 3828 creavit,
804 3758 957 3814 sicut
974 3757 1275 3814 ordinavit
1290 3761 1468 3829 atque
1485 3757 1807 3829 disposuit;

144 3861 275 3902 non
307 3851 448 3901 sunt
474 3845 553 3902 ab
577 3862 649 3902 eo
675 3851 946 3919 peccata,
979 3861 1117 3919 quae
1143 3862 1252 3902 nec
1275 3846 1515 3917 creavit,
1548 3861 1658 3901 nec
1682 3845 1811 3901 ﬁeri

140 3935 356 4001 voluit,
374 3935 647 4009 quinimo
664 3934 999 4008 prohibuit;
1024 3952 1162 4008 quae
1179 3935 1314 3991 ideo
1335 3933 1481 3990 nihil
1506 3934 1807 4003 dicuntur,

141 4024 292 4093 quia
320 4040 444 4081 non
470 4030 611 4082 sunt
639 4030 846 4082 creatae
877 4025 1245 4088 substantiae,
1279 4023 1384 4080 sed
1422 4028 1757 4079 creatarum
1776 4040 1812 4080 a

142 4117 269 4171 Deo
289 4114 676 4171 rationalium
702 4113 1183 4171 substantiarum
1215 4130 1417 4187 prava:
1447 4112 1808 4183 voluntates,

138 4203 531 4277 perversique
562 4208 761 4261 motus
782 4204 845 4259 in
876 4203 1087 4260 intima
1117 4202 1492 4277 culpabiliter
1539 4218 1609 4259 ac
1643 4202 1811 4259 dam-

138 4293 425 4350 nabiliter
475 4293 731 4351 distorti.
787 4297 974 4351 Deum
1033 4297 1235 4350 autem
1291 4309 1403 4350 nec
1444 4293 1667 4363 videre,
1697 4307 1809 4348 nec

1934 369 2030 425 vel
2056 368 2335 428 facienda
2361 375 2744 448 praeparavit,
2775 377 3390 451 praedestinationem,
3414 383 3480 441 id
3508 391 3605 445 est

1935 458 2395 532 dispositionem
2421 479 2492 520 ac
2536 465 3130 539 praeordinationem,
3161 472 3221 526 et
3267 473 3601 532 auctoritas

1930 546 2273 606 divinorum
2294 550 2693 625 eloquiorum,
2729 558 2786 612 et
2817 559 3209 615 tractatorum
3243 560 3608 621 orthodoxa-

1929 651 2066 692 rum
2076 637 2277 694 unitas
2286 642 2757 702 concordissima
2766 644 3174 720 docet.Itaque
3190 648 3601 725 malumquod

1930 729 2018 780 est
2032 730 2367 797 peccatum,
2392 730 2517 788 sive
2534 733 2979 807 corruptionem
2994 751 3099 793 seu
3119 736 3423 796 defectum
3443 740 3594 799 boni

1931 814 2234 886 appellare
2258 817 2454 891 malis,
2493 836 2604 877 nec
2633 825 2820 881 Deum
2858 839 3007 893 esse,
3031 841 3146 883 nec
3164 826 3243 884 ab
3262 828 3399 902 ipso
3423 845 3591 889 crea-

1931 907 2081 973 tum,
2113 920 2225 961 nec
2257 906 2373 980 ipsi
2407 909 2695 982 placitum
2714 913 3057 987 frequenter
3074 916 3336 974 diximus
3356 922 3416 976 et
3446 919 3593 980 fate-

1930 1009 2105 1048 mur:
2151 999 2212 1050 at
2230 1000 2691 1071 consequentias
2723 1003 2876 1074 ejus,
2922 1003 2983 1059 id
3026 1010 3117 1062 est
3146 1021 3386 1079 pcenas,
3423 1010 3591 1069 nullo

1933 1080 2046 1136 nisi
2062 1082 2181 1138 Deo
2196 1088 2437 1143 auctore
2454 1090 2510 1142 et
2523 1087 2725 1158 judice
2748 1090 2895 1155 fieri,
2910 1090 3102 1149 fronte
3115 1093 3424 1154 liberrima
3446 1113 3586 1170 pro-

1934 1170 2498 1247 clamamus‘1qula,
2531 1177 2762 1234 dicente
2800 1180 3098 1254 Propheta
3121 1186 3361 1242 :Justus
3394 1189 3593 1247 Domi-

1932 1276 2045 1316 nus
2071 1264 2345 1330 justitias
2365 1266 2601 1337 dilexit,
2642 1271 2980 1340 aequitatem
3020 1273 3170 1329 vidit
3205 1275 3412 1332 vultus
3461 1279 3590 1348 ejus

1934 1349 2117 1420 (Psat.
2140 1369 2201 1422 x,
2234 1354 2306 1425 8),
2323 1354 2401 1410 ad
2422 1357 2551 1425 ejus
2571 1357 2863 1427 justitiam
2885 1359 3588 1423 indubitanternovimus

1932 1438 2223 1509 pertinere
2249 1446 2311 1497 ut
2337 1442 2548 1514 puniat
2571 1449 3095 1519 transgressorem,
3125 1452 3231 1523 qui
3278 1451 3588 1525 prohibuit

1930 1540 1967 1581 a
1989 1531 2485 1601 transgressione,
2508 1548 2617 1589 nec
2638 1534 2895 1593 inultum
2917 1536 3216 1611 relinquat
3230 1543 3584 1612 praevarica-

1850 1636 1892 1693 Β
1929 1618 2140 1688 torem,
2168 1619 2273 1691 qui
2298 1618 2555 1691 benigne
2580 1624 2815 1680 monuit
2840 1639 2916 1682 ne
2941 1627 3383 1699 praevaricaret.

1999 1705 2057 1761 Si
2087 1723 2294 1764 verum
2320 1709 2526 1766 lumen
2556 1712 2910 1784 attenderes,
2934 1731 3128 1790 eoque
3155 1717 3440 1777 illustrari
3467 1719 3583 1778 hui

1927 1792 2142 1850 militer
2188 1801 2439 1868 peteres,
2471 1799 2705 1856 videres
2747 1817 2936 1873 quam
2985 1805 3283 1862 contraria
3331 1807 3439 1864 tibi
3467 1808 3586 1882 ipsi

1926 1898 2181 1954 poneres
2225 1885 2482 1943 dicendo
2534 1906 2547 1943 :
2593 1889 2741 1959 Ista,
2788 1891 2854 1946 id
2895 1897 2981 1948 est
3010 1899 3348 1963 peccatum,
3396 1910 3578 1967 mers,

1925 1973 2186 2043 miseria,
2218 1975 2449 2032 deserto
2478 1993 2597 2034 uno
2652 1981 2917 2037 omnium
2952 1983 3260 2054 principio
3299 1984 3580 2043 deorsum

1923 2062 1988 2117 in
2008 2063 2267 2122 nihilum
2298 2065 2452 2124 bona
2477 2083 2608 2140 quae
2650 2076 3068 2143 corrumpunt,
3097 2073 3299 2131 redire
3338 2081 3583 2133 contem

1923 2151 2076 2208 dunt
2096 2153 2263 2226 (Cap.
2293 2154 2378 2226 lo,
2409 2171 2578 2214 num.
2611 2162 2665 2227 8,
2697 2162 2836 2216 sect.
2867 2162 2947 2230 4),
2982 2175 3124 2218 cum
3155 2177 3339 2236 supra
3357 2163 3581 2221 dixeris

1921 2239 2150 2297 nullam
2182 2248 2462 2302 naturam
2490 2247 2700 2318 perire.
2734 2251 2883 2305 Nam
2909 2265 3047 2323 qua;
3074 2248 3139 2307 in
3176 2249 3435 2309 nihilum
3489 2267 3581 2309 re-

1922 2329 2128 2402 deunt,
2173 2333 2365 2405 perire
2402 2335 2538 2408 quis
2585 2337 2861 2395 nesciat?
2914 2343 3347 2411 Argumentare
3402 2341 3582 2413 igitur

1920 2421 2386 2495 quantumlibet,
2416 2428 2474 2481 et
2500 2440 2657 2497 nega
2678 2441 2715 2484 a
2736 2429 2856 2484 Deo
2878 2442 2992 2486 nec
3011 2429 3412 2501 prasciri'nec
3430 2445 3581 2504 prte-

1922 2508 2204 2567 destinari
2234 2518 2501 2585 peccata,
2525 2518 2802 2587 mortem,
2823 2517 3215 2591 supplicia,eo
3243 2520 3411 2592 quod
3431 2520 3582 2579 nihil

1923 2595 2057 2665 sint,
2089 2602 2166 2671 et,
2197 2601 2691 2676 quandocunque
2738 2604 2854 2660 tale
2888 2604 3118 2677 aliquid
3171 2605 3239 2662 in
3262 2606 3581 2680 Scriptnris

1920 2685 2156 2758 legitur,
2190 2703 2227 2744 a
2248 2690 2549 2747 contrario
2576 2691 2859 2762 intelligo.
2888 2692 3060 2750 Fides
3082 2708 3226 2751 vero
3255 2695 3579 2763 catholica,

1922 2776 2259 2833 secundum
2284 2779 2524 2850 regulas
2549 2795 2586 2837 a
2614 2780 2889 2837 Patribus
2919 2781 3235 2853 diligenter
3271 2790 3577 2859 exaratas,

1921 2868 1979 2920 et
1999 2865 2148 2921 scire
2177 2870 2233 2923 et
2258 2869 2535 2939 praescire
2558 2872 2747 2926 Deum
2769 2875 3041 2943 peccata,
3065 2877 3124 2928 et
3146 2872 3577 2945 praedestinare

1920 2956 1977 3009 et
2002 2969 2342 3027 praeparare
2370 2956 2483 3011 illis
2524 2962 2799 3029 mortem,
2833 2963 3019 3032 atque
3069 2960 3366 3032 supplicia
3393 2960 3581 3018 ﬁdeli-

1920 3048 2008 3100 ter
2036 3042 2309 3100 edocebit
2351 3060 2363 3100 :
2396 3044 2691 3117 quoniam
2729 3049 2908 3120 Deus,
2955 3047 3321 3121 sempiterna
3350 3052 3410 3105 et
3435 3062 3580 3107 vera

1922 3130 2217 3207 sapientia
2237 3138 2418 3206 atque
2443 3135 2693 3205 justitia,
2718 3150 2844 3192 non
2868 3151 2907 3193 a
2923 3136 3132 3201 nihilo,
3155 3136 3575 3212 sedabaliquo

1920 3222 2217 3296 prohibet,
2265 3239 2387 3279 non
2438 3223 2606 3293 nihil,
2640 3224 2747 3280 sed
2776 3224 3006 3298 aliquid
3033 3226 3226 3299 punit.
3287 3229 3445 3284 Eum
3466 3242 3578 3285 au-

1920 3317 2039 3370 tem
2069 3316 2126 3368 et
2148 3312 2464 3385 prohibere
2490 3330 2526 3370 a
2553 3314 2840 3387 peccatis,
2868 3313 2931 3371 id
2959 3318 3053 3374 est
3078 3316 3378 3388 perversis
3406 3317 3580 3375 ιησᾶ-

1918 3402 2034 3459 bus
2058 3401 2234 3458 malas
2261 3401 2608 3471 voluntatis,
2639 3403 2964 3478 pravisque
3010 3404 3224 3461 usibus
3278 3405 3580 3464 membro-

1918 3507 2055 3548 rum
2081 3489 2368 3564 corporis,
2397 3491 2604 3565 eisque
2630 3492 2845 3549 merito
2873 3491 3093 3550 inferre
3118 3493 3580 3570 condignam?

1918 3581 2117 3654 plicia,
2149 3597 2363 3638 omnes
2392 3581 2606 3638 divinae
2634 3583 2873 3655 paginae
2902 3587 3207 3653 resonant,
3241 3583 3415 3641 sicuti
3445 3584 3580 3657 jam

1917 3671 2128 3744 paucis
2156 3671 2486 3743 attigimus.

1991 3760 2395 3825 Quamobrem
2448 3766 2553 3818 tua
2580 3761 2781 3834 potius
2823 3761 3124 3830 miranda,
3161 3761 3285 3821 imo
3313 3761 3580 3820 dolenda

1918 3852 2006 3905 est
2044 3848 2300 3916 caecitas,
2337 3849 2441 3920 qui
2465 3849 2752 3905 omnibus
2779 3849 3129 3907 hominibus
3164 3854 3303 3906 ante
3332 3854 3387 3906 te
3408 3850 3581 3906 inan-

1919 3937 2044 3993 dito
2072 3942 2352 4009 portento
2382 3937 2609 3993 moliris
2635 3953 2882 3993 omnem
2916 3943 3268 3995 sanctarum
3316 3938 3580 4011 Scriptu-

1916 4041 2127 4082 rarum
2152 4024 2464 4081 veritatem
2511 4025 2935 4081 inconcussam
2984 4040 3165 4082 sensu
3215 4024 3578 4100 pravissimo

1917 4118 2274 4188 pervertere,
2303 4113 2527 4171 docens
2556 4115 2847 4171 veraciter
2900 4113 3083 4186 dicta,
3138 4114 3429 4174 fallaciter
3470 4117 3576 4175 de-

1916 4204 2058 4261 bere
2085 4203 2354 4275 intelligi,
2389 4205 2566 4260 etiam
2589 4208 2813 4275 nostra,
2856 4221 2893 4263 a
2920 4208 2976 4262 te
3013 4205 3191 4262 nobis
3239 4207 3412 4264 toties
3442 4220 3576 4264 ma-

1917 4294 2222 4368 levoleque
2243 4294 2508 4367 impacta
2528 4293 2781 4359 inscitia,
2806 4293 2913 4367 qui
2927 4292 3306 4351 illuminante
3318 4296 3576 4354 Domino

141 4384 319 4452 scire,
358 4383 760 4455 necjudicare
792 4388 992 4440 motus
1042 4383 1340 4457 quoslibet
1396 4388 1806 4441 creaturarum
1843 4383 1888 4407 υ
1918 4384 2198 4441 tenebras
2229 4388 2466 4441 nostras
2497 4388 2797 4458 quantum
2851 4384 2979 4456 ipse
3017 4383 3161 4441 dare
3199 4388 3258 4440 et
3287 4384 3577 4458 adjuvare

137 4489 303 4547 quas
332 4472 461 4544 ipse
483 4472 639 4542 fecit,
671 4490 859 4547 quam
886 4474 960 4531 sit
983 4474 1238 4547 impium
1258 4473 1474 4543 dicere,
1497 4487 1805 4548 quamque

137 4558 413 4619 veritatis
439 4565 496 4617 et
520 4562 757 4635 pietatis
786 4563 1070 4631 alienum,
1117 4562 1267 4619 nulli
1308 4562 1579 4619 ﬁdelium
1620 4561 1809 4618 ambi-

143 4667 286 4721 gere
313 4651 678 4709 conceditur.
714 4652 885 4709 Videt
905 4667 1089 4725 porro
1118 4652 1629 4725 quandocunque,
1662 4666 1810 4724 quo-

141 4740 577 4815 modocunque
636 4746 694 4799 et
745 4742 1095 4815 ubicunque
1151 4745 1466 4798 moventur
1521 4746 1807 4798 creaturae

143 4845 299 4902 sum,
329 4829 699 4905 perindeque
725 4830 1056 4906 etjudicat,
1113 4846 1183 4888 ac
1234 4846 1344 4903 per
1395 4830 1511 4886 hoc
1554 4844 1681 4886 non
1726 4830 1809 4886 ita

138 4918 334 4977 modo
385 4935 459 4977 ea
504 4921 708 4978 videre
740 4921 1030 4978 dicendus
1056 4925 1145 4978 est
1194 4935 1265 4977 ac
1308 4919 1601 4992 judicare,
1634 4919 1809 4993 quasi

135 5011 439 5068 hactenus
457 5010 756 5084 ignorata,
773 5012 878 5070 sed
898 5029 1035 5086 quae
1060 5014 1387 5085 antequam
1399 5010 1609 5069 ﬁerent
1629 5025 1811 5086 praes-

139 5101 355 5173 cierat,
414 5102 773 5175 praeviderat
823 5117 892 5159 ac
948 5102 1339 5175 iudicaverat.
1381 5101 1607 5159 Eadem
1661 5101 1811 5158 dum

134 5191 319 5259 ﬁunt,
336 5191 466 5261 scit,
478 5191 642 5249 videt
652 5196 709 5249 et
719 5191 967 5265 judicat,
983 5191 1259 5266 factaque
1270 5207 1397 5249 non
1413 5192 1615 5266 aliquo
1626 5206 1808 5263 novo,

137 5281 386 5356 sibique
408 5284 657 5339 eatenus
676 5281 884 5354 ignoto
901 5280 1148 5355 judicio,
1173 5281 1280 5339 sed
1291 5281 1460 5355 quod
1481 5285 1616 5337 ante
1632 5296 1814 5336 saecu-

131 5371 199 5429 la
222 5371 681 5446 praedestinavit
700 5370 1038 5429 secundum
1054 5387 1191 5429 eam
1212 5369 1653 5444 prtescientiam
1675 5380 1811 5443 quae

132 5478 257 5521 nec
278 5460 507 5520 fallitur
520 5478 632 5520 nec
662 5467 929 5521 mutatur
942 5462 1116 5537 punit
1146 5460 1527 5536 aequissimus
1546 5459 1813 5516 redditor

136 5557 333 5627 atque
356 5552 963 5611 condemnat.Verum
982 5551 1260 5622 estigitur
1274 5566 1486 5608 eorum
1502 5565 1636 5623 quae
1655 5551 1810 5605 Deus

135 5654 259 5700 nec
287 5636 450 5712 fecit,
480 5654 592 5700 nec
618 5640 898 5702 facienda
924 5641 1306 5715 praeparavit,
1338 5637 1810 5714 praedestinatio-

1916 4473 2220 4545 dignatur,
2253 4477 2533 4531 eamdem
2558 4473 2869 4531 veritatem
2895 4472 3309 4531 innutahiliter
3330 4479 3388 4531 et
3416 4490 3575 4531 asse-

1915 4563 2105 4619 rimus
2135 4568 2192 4621 et
2220 4567 2494 4620 tenemus
2520 4581 2532 4632 ;
2566 4579 2701 4637 quae
2723 4563 2772 4619 si
2800 4562 2907 4618 tibi
2938 4562 3318 4635 aliquatenus
3346 4562 3575 4619 illuxis-

1918 4656 2023 4721 set,
2064 4668 2385 4726 nunquam
2431 4651 2700 4725 profecto
2757 4650 3012 4707 dixisses
3044 4668 3059 4708 :
3091 4651 3580 4709 Prwdestinatio-

1919 4756 2050 4798 nem
2091 4747 2144 4798 et
2183 4742 2628 4810 praesciemiam
2660 4742 2766 4797 Dei
2804 4744 3091 4797 naturam
3114 4753 3234 4797 esse
3271 4740 3437 4813 (Cap.
3487 4739 3573 4815 10,

1916 4846 2084 4887 num.
2119 4835 2172 4898 9,
2207 4833 2351 4886 sect.
2383 4830 2457 4901 5).
2493 4828 2789 4896 Quoniam
2817 4827 2971 4885 sicut
2996 4829 3312 4902 prtemissa
3340 4828 3574 4886 affatim

1917 4918 2379 4994 adstipulantur,
2404 4917 2654 4976 relative
2680 4921 2928 4975 naturas
2979 4921 3159 4991 atque
3207 4917 3578 4976 substantias

1917 5025 2042 5067 non
2072 5009 2505 5066 demonstrant.
2531 5010 2670 5065 Esse
2692 5012 2895 5065 autem
2915 5007 3043 5065 haec
3068 5006 3316 5066 relative
3334 5007 3577 5066 dubitat

1918 5115 2117 5157 nemo.
2139 5098 2384 5155 Falsum
2405 5102 2494 5156 est
2513 5113 2656 5170 ergo
2678 5097 2777 5154 Dei
2799 5101 3083 5156 naturam
3110 5112 3240 5155 esse
3259 5097 3578 5173 praescieri-

1918 5194 2065 5248 tiam
2089 5194 2146 5248 et
2171 5189 2781 5265 praedestinationem,
2810 5189 3135 5262 praesciens
3158 5188 3386 5263 quippe
3411 5187 3577 5246 aliud

1918 5281 2173 5355 praescit,
2195 5286 2252 5337 et
2271 5279 2706 5357 praedestinans
2736 5277 2901 5336 aliud
2929 5278 3137 5355 utique
3164 5276 3569 5353 praedestinat.

1921 5369 1999 5442 Si,
2028 5370 2302 5444 inquam,
2334 5369 2437 5427 Dei
2458 5373 2678 5428 natura
2705 5372 2795 5426 est
2821 5368 3196 5442 praescienh'a
3224 5369 3282 5424 et
3308 5365 3573 5439 praedes-

1920 5458 2148 5530 tinatio,
2172 5474 2550 5534 consequens
2581 5458 2689 5515 erit
2718 5461 2784 5515 ut
2807 5472 2871 5514 se
2922 5457 3192 5519 futurum
3250 5452 3577 5529 praeterit

1919 5552 2099 5620 atque
2135 5547 2669 5621 praedestinaverit,
2720 5547 2838 5604 hoc
2886 5552 3091 5604 autem
3135 5543 3268 5601 ﬁeri
3324 5542 3576 5600 nullate-

1919 5651 2035 5694 nus
2057 5635 2270 5709 potuit,
2300 5636 2416 5694 nisi
2444 5638 2575 5709 ejus
2623 5635 2998 5709 praescientia
3025 5638 3085 5692 et
3125 5630 3573 5706 prndestinstte
