  <div class='ocr_page' id='page_1' title='image "/cluster/home/n/w/nwhite01/storage/ocr_20150623/115/hvd.32044054759790/573.png"; bbox 0 0 4112 6184; ppageno 0'>
   <div class='ocr_carea' id='block_1_1' title="bbox 570 161 701 216">
    <p class='ocr_par' dir='ltr' id='par_1_1' title="bbox 570 161 701 216">
     <span class='ocr_line' id='line_1_1' title="bbox 570 161 701 216; baseline 0 -1"><span class='ocrx_word' id='word_1_1' title='bbox 570 161 701 216; x_wconf 80' lang='lat'><strong>1135</strong></span> 
     </span>
    </p>
   </div>
   <div class='ocr_carea' id='block_1_2' title="bbox 1655 152 2880 212">
    <p class='ocr_par' dir='ltr' id='par_1_2' title="bbox 1655 152 2880 212">
     <span class='ocr_line' id='line_1_2' title="bbox 1655 152 2880 212; baseline 0 -4"><span class='ocrx_word' id='word_1_2' title='bbox 1655 160 1708 208; x_wconf 64' lang='grc'><strong>5.</strong></span> <span class='ocrx_word' id='word_1_3' title='bbox 1753 152 2114 208; x_wconf 66' lang='grc' dir='ltr'><strong>ΡΒυΙΗῧΝΤΙΙ</strong></span> <span class='ocrx_word' id='word_1_4' title='bbox 2155 152 2530 210; x_wconf 80' lang='lat' dir='ltr'><strong>TRECENSIS</strong></span> <span class='ocrx_word' id='word_1_5' title='bbox 2570 155 2880 212; x_wconf 80' lang='lat' dir='ltr'><strong>EPISCOPI</strong></span> 
     </span>
    </p>
   </div>
   <div class='ocr_carea' id='block_1_3' title="bbox 3844 155 3990 209">
    <p class='ocr_par' dir='ltr' id='par_1_3' title="bbox 3844 155 3990 209">
     <span class='ocr_line' id='line_1_3' title="bbox 3844 155 3990 209; baseline 0.014 -2"><span class='ocrx_word' id='word_1_6' title='bbox 3844 155 3990 209; x_wconf 77' lang='lat'><strong>1136</strong></span> 
     </span>
    </p>
   </div>
   <div class='ocr_carea' id='block_1_4' title="bbox 565 274 3992 353">
    <p class='ocr_par' dir='ltr' id='par_1_4' title="bbox 565 274 3992 353">
     <span class='ocr_line' id='line_1_4' title="bbox 565 274 3992 353; baseline -0.002 -13"><span class='ocrx_word' id='word_1_7' title='bbox 565 288 703 341; x_wconf 88' lang='lat' dir='ltr'><strong>ante</strong></span> <span class='ocrx_word' id='word_1_8' title='bbox 732 284 932 353; x_wconf 89' lang='lat' dir='ltr'><strong>ipsum</strong></span> <span class='ocrx_word' id='word_1_9' title='bbox 957 278 1136 332; x_wconf 86' lang='lat' dir='ltr'><strong>fuisse</strong></span> <span class='ocrx_word' id='word_1_10' title='bbox 1161 276 1530 332; x_wconf 74' lang='lat' dir='ltr'><strong>mendaciter</strong></span> <span class='ocrx_word' id='word_1_11' title='bbox 1550 277 1782 332; x_wconf 76' lang='lat' dir='ltr'><strong>dicatur</strong></span> <span class='ocrx_word' id='word_1_12' title='bbox 1813 295 1825 342; x_wconf 85' lang='lat'><strong>;</strong></span> <span class='ocrx_word' id='word_1_13' title='bbox 1855 280 1910 330; x_wconf 89' lang='lat' dir='ltr'><strong>et</strong></span> <span class='ocrx_word' id='word_1_14' title='bbox 1941 275 2119 347; x_wconf 85' lang='lat' dir='ltr'><strong>impie</strong></span> <span class='ocrx_word' id='word_1_15' title='bbox 2151 274 2210 330; x_wconf 89' lang='lat' dir='ltr'><strong>in</strong></span> <span class='ocrx_word' id='word_1_16' title='bbox 2242 279 2289 334; x_wconf 78' lang='grc' dir='ltr'>Α</span> <span class='ocrx_word' id='word_1_17' title='bbox 2325 275 2446 332; x_wconf 91' lang='lat' dir='ltr'><strong>duo</strong></span> <span class='ocrx_word' id='word_1_18' title='bbox 2479 279 2662 336; x_wconf 85' lang='lat' dir='ltr'><strong>verba</strong></span> <span class='ocrx_word' id='word_1_19' title='bbox 2705 282 2842 335; x_wconf 90' lang='lat' dir='ltr'><strong>sunt</strong></span> <span class='ocrx_word' id='word_1_20' title='bbox 2884 278 3241 347; x_wconf 80' lang='lat' dir='ltr'><strong>pcenitentia</strong></span> <span class='ocrx_word' id='word_1_21' title='bbox 3271 281 3328 332; x_wconf 90' lang='lat' dir='ltr'><strong>et</strong></span> <span class='ocrx_word' id='word_1_22' title='bbox 3389 278 3794 349; x_wconf 70' lang='lat' dir='ltr'><strong>praescientia,</strong></span> <span class='ocrx_word' id='word_1_23' title='bbox 3838 292 3992 349; x_wconf 81' lang='lat' dir='ltr'><strong>quo-</strong></span> 
     </span>
    </p>
   </div>
   <div class='ocr_carea' id='block_1_5' title="bbox 565 364 2216 440">
    <p class='ocr_par' dir='ltr' id='par_1_5' title="bbox 565 364 2216 440">
     <span class='ocr_line' id='line_1_5' title="bbox 565 364 2216 440; baseline -0.005 -13"><span class='ocrx_word' id='word_1_24' title='bbox 565 373 687 428; x_wconf 90' lang='lat' dir='ltr'><strong>duo</strong></span> <span class='ocrx_word' id='word_1_25' title='bbox 717 369 919 440; x_wconf 88' lang='lat' dir='ltr'><strong>aliqua</strong></span> <span class='ocrx_word' id='word_1_26' title='bbox 947 364 1269 420; x_wconf 77' lang='lat' dir='ltr'><strong>dividatur.</strong></span> <span class='ocrx_word' id='word_1_27' title='bbox 1304 364 1474 426; x_wconf 88' lang='lat' dir='ltr'><strong>Quod</strong></span> <span class='ocrx_word' id='word_1_28' title='bbox 1505 381 1690 438; x_wconf 90' lang='lat' dir='ltr'><strong>quam</strong></span> <span class='ocrx_word' id='word_1_29' title='bbox 1737 365 1810 418; x_wconf 95' lang='lat' dir='ltr'><strong>sit</strong></span> <span class='ocrx_word' id='word_1_30' title='bbox 1858 364 2112 436; x_wconf 91' lang='lat' dir='ltr'><strong>impium</strong></span> <span class='ocrx_word' id='word_1_31' title='bbox 2159 368 2216 419; x_wconf 90' lang='lat' dir='ltr'><strong>et</strong></span> 
     </span>
    </p>
   </div>
   <div class='ocr_carea' id='block_1_6' title="bbox 564 451 2216 530">
    <p class='ocr_par' dir='ltr' id='par_1_6' title="bbox 564 451 2216 530">
     <span class='ocr_line' id='line_1_6' title="bbox 564 451 2216 530; baseline -0.005 -15"><span class='ocrx_word' id='word_1_32' title='bbox 564 457 989 530; x_wconf 87' lang='lat' dir='ltr'><strong>blasphemum</strong></span> <span class='ocrx_word' id='word_1_33' title='bbox 1020 469 1199 510; x_wconf 89' lang='lat' dir='ltr'><strong>nemo</strong></span> <span class='ocrx_word' id='word_1_34' title='bbox 1229 468 1352 510; x_wconf 93' lang='lat' dir='ltr'><strong>non</strong></span> <span class='ocrx_word' id='word_1_35' title='bbox 1398 453 1560 510; x_wconf 87' lang='lat' dir='ltr'><strong>videt</strong></span> <span class='ocrx_word' id='word_1_36' title='bbox 1595 472 1608 509; x_wconf 85' lang='lat'><strong>:</strong></span> <span class='ocrx_word' id='word_1_37' title='bbox 1642 469 1766 510; x_wconf 88' lang='lat' dir='ltr'><strong>non</strong></span> <span class='ocrx_word' id='word_1_38' title='bbox 1807 453 1968 509; x_wconf 90' lang='lat' dir='ltr'><strong>enim</strong></span> <span class='ocrx_word' id='word_1_39' title='bbox 1997 458 2084 508; x_wconf 89' lang='lat' dir='ltr'><strong>est</strong></span> <span class='ocrx_word' id='word_1_40' title='bbox 2136 451 2216 507; x_wconf 89' lang='lat' dir='ltr'><strong>illi</strong></span> 
     </span>
    </p>
   </div>
   <div class='ocr_carea' id='block_1_7' title="bbox 562 541 2214 614">
    <p class='ocr_par' dir='ltr' id='par_1_7' title="bbox 562 541 2214 614">
     <span class='ocr_line' id='line_1_7' title="bbox 562 541 2214 614; baseline -0.006 -11"><span class='ocrx_word' id='word_1_41' title='bbox 562 546 729 604; x_wconf 84' lang='lat' dir='ltr'><strong>aliud</strong></span> <span class='ocrx_word' id='word_1_42' title='bbox 743 560 883 610; x_wconf 87' lang='lat' dir='ltr'><strong>esse,</strong></span> <span class='ocrx_word' id='word_1_43' title='bbox 902 542 1064 601; x_wconf 90' lang='lat' dir='ltr'><strong>aliud</strong></span> <span class='ocrx_word' id='word_1_44' title='bbox 1080 543 1252 614; x_wconf 84' lang='lat' dir='ltr'><strong>scire,</strong></span> <span class='ocrx_word' id='word_1_45' title='bbox 1272 541 1378 599; x_wconf 90' lang='lat' dir='ltr'><strong>sed</strong></span> <span class='ocrx_word' id='word_1_46' title='bbox 1387 543 1503 599; x_wconf 90' lang='lat' dir='ltr'><strong>hoc</strong></span> <span class='ocrx_word' id='word_1_47' title='bbox 1525 549 1615 598; x_wconf 87' lang='lat' dir='ltr'><strong>est</strong></span> <span class='ocrx_word' id='word_1_48' title='bbox 1631 542 1713 598; x_wconf 88' lang='lat' dir='ltr'><strong>illi</strong></span> <span class='ocrx_word' id='word_1_49' title='bbox 1731 543 1882 599; x_wconf 83' lang='lat' dir='ltr'><strong>scire</strong></span> <span class='ocrx_word' id='word_1_50' title='bbox 1897 541 2064 614; x_wconf 93' lang='lat' dir='ltr'><strong>quod</strong></span> <span class='ocrx_word' id='word_1_51' title='bbox 2076 556 2214 598; x_wconf 85' lang='lat' dir='ltr'><strong>esse.</strong></span> 
     </span>
    </p>
   </div>
   <div class='ocr_carea' id='block_1_8' title="bbox 563 631 2216 707">
    <p class='ocr_par' dir='ltr' id='par_1_8' title="bbox 563 631 2216 707">
     <span class='ocr_line' id='line_1_8' title="bbox 563 631 2216 707; baseline -0.004 -14"><span class='ocrx_word' id='word_1_52' title='bbox 563 639 692 693; x_wconf 86' lang='lat' dir='ltr'><strong>Non</strong></span> <span class='ocrx_word' id='word_1_53' title='bbox 718 640 807 690; x_wconf 89' lang='lat' dir='ltr'><strong>est</strong></span> <span class='ocrx_word' id='word_1_54' title='bbox 835 633 1060 707; x_wconf 88' lang='lat' dir='ltr'><strong>quippe</strong></span> <span class='ocrx_word' id='word_1_55' title='bbox 1092 631 1172 687; x_wconf 91' lang='lat' dir='ltr'><strong>illi</strong></span> <span class='ocrx_word' id='word_1_56' title='bbox 1221 631 1499 688; x_wconf 88' lang='lat' dir='ltr'><strong>accidens</strong></span> <span class='ocrx_word' id='word_1_57' title='bbox 1529 632 1645 688; x_wconf 89' lang='lat' dir='ltr'><strong>hoc</strong></span> <span class='ocrx_word' id='word_1_58' title='bbox 1683 636 1913 688; x_wconf 89' lang='lat' dir='ltr'><strong>tantum</strong></span> <span class='ocrx_word' id='word_1_59' title='bbox 1964 631 2216 698; x_wconf 90' lang='lat' dir='ltr'><strong>bonum,</strong></span> 
     </span>
    </p>
   </div>
   <div class='ocr_carea' id='block_1_9' title="bbox 564 721 2219 795">
    <p class='ocr_par' dir='ltr' id='par_1_9' title="bbox 564 721 2219 795">
     <span class='ocr_line' id='line_1_9' title="bbox 564 721 2219 795; baseline -0.004 -13"><span class='ocrx_word' id='word_1_60' title='bbox 564 725 716 782; x_wconf 88' lang='lat' dir='ltr'><strong>sicut</strong></span> <span class='ocrx_word' id='word_1_61' title='bbox 740 724 939 792; x_wconf 90' lang='lat' dir='ltr'><strong>nobis,</strong></span> <span class='ocrx_word' id='word_1_62' title='bbox 968 721 1191 795; x_wconf 80' lang='lat' dir='ltr'><strong>quibus</strong></span> <span class='ocrx_word' id='word_1_63' title='bbox 1223 721 1413 778; x_wconf 89' lang='lat' dir='ltr'><strong>multa</strong></span> <span class='ocrx_word' id='word_1_64' title='bbox 1472 721 1764 792; x_wconf 87' lang='lat' dir='ltr'><strong>contingit</strong></span> <span class='ocrx_word' id='word_1_65' title='bbox 1810 722 2059 777; x_wconf 85' lang='lat' dir='ltr'><strong>nescire.</strong></span> <span class='ocrx_word' id='word_1_66' title='bbox 2093 723 2219 776; x_wconf 74' lang='lat' dir='ltr'><strong>Non</strong></span> 
     </span>
    </p>
   </div>
   <div class='ocr_carea' id='block_1_10' title="bbox 563 811 2218 882">
    <p class='ocr_par' dir='ltr' id='par_1_10' title="bbox 563 811 2218 882">
     <span class='ocr_line' id='line_1_10' title="bbox 563 811 2218 882; baseline -0.005 -11"><span class='ocrx_word' id='word_1_67' title='bbox 563 819 766 871; x_wconf 90' lang='lat' dir='ltr'><strong>autem</strong></span> <span class='ocrx_word' id='word_1_68' title='bbox 824 811 1016 869; x_wconf 84' lang='lat' dir='ltr'><strong>evenit</strong></span> <span class='ocrx_word' id='word_1_69' title='bbox 1069 826 1190 867; x_wconf 91' lang='lat' dir='ltr'><strong>non</strong></span> <span class='ocrx_word' id='word_1_70' title='bbox 1219 826 1374 882; x_wconf 86' lang='lat' dir='ltr'><strong>esse,</strong></span> <span class='ocrx_word' id='word_1_71' title='bbox 1434 811 1539 866; x_wconf 91' lang='lat' dir='ltr'><strong>sed</strong></span> <span class='ocrx_word' id='word_1_72' title='bbox 1587 816 1806 866; x_wconf 87' lang='lat' dir='ltr'><strong>natura</strong></span> <span class='ocrx_word' id='word_1_73' title='bbox 1861 811 1989 881; x_wconf 86' lang='lat' dir='ltr'><strong>ejus</strong></span> <span class='ocrx_word' id='word_1_74' title='bbox 2037 813 2218 881; x_wconf 88' lang='lat' dir='ltr'><strong>atque</strong></span> 
     </span>
    </p>
   </div>
   <div class='ocr_carea' id='block_1_11' title="bbox 563 897 2220 972">
    <p class='ocr_par' dir='ltr' id='par_1_11' title="bbox 563 897 2220 972">
     <span class='ocr_line' id='line_1_11' title="bbox 563 897 2220 972; baseline -0.005 -12"><span class='ocrx_word' id='word_1_75' title='bbox 563 903 920 964; x_wconf 75' lang='lat' dir='ltr'><strong>substantia,</strong></span> <span class='ocrx_word' id='word_1_76' title='bbox 947 900 1126 957; x_wconf 89' lang='lat' dir='ltr'><strong>etiam</strong></span> <span class='ocrx_word' id='word_1_77' title='bbox 1155 899 1404 956; x_wconf 88' lang='lat' dir='ltr'><strong>scientia</strong></span> <span class='ocrx_word' id='word_1_78' title='bbox 1431 900 1581 956; x_wconf 85' lang='lat' dir='ltr'><strong>sicut</strong></span> <span class='ocrx_word' id='word_1_79' title='bbox 1604 905 1657 955; x_wconf 88' lang='lat' dir='ltr'><strong>et</strong></span> <span class='ocrx_word' id='word_1_80' title='bbox 1686 898 1975 972; x_wconf 85' lang='lat' dir='ltr'><strong>sapientia</strong></span> <span class='ocrx_word' id='word_1_81' title='bbox 2001 897 2220 954; x_wconf 82' lang='lat' dir='ltr'><strong>veraci-</strong></span> 
     </span>
    </p>
   </div>
   <div class='ocr_carea' id='block_1_12' title="bbox 564 992 1058 1067">
    <p class='ocr_par' dir='ltr' id='par_1_12' title="bbox 564 992 1058 1067">
     <span class='ocr_line' id='line_1_12' title="bbox 564 992 1058 1067; baseline -0.016 -13"><span class='ocrx_word' id='word_1_82' title='bbox 564 1003 652 1054; x_wconf 90' lang='lat' dir='ltr'><strong>ter</strong></span> <span class='ocrx_word' id='word_1_83' title='bbox 676 992 1058 1067; x_wconf 67' lang='lat' dir='ltr'><strong>praedicatur.</strong></span> 
     </span>
    </p>
   </div>
   <div class='ocr_carea' id='block_1_13' title="bbox 636 1077 2221 1150">
    <p class='ocr_par' dir='ltr' id='par_1_13' title="bbox 636 1077 2221 1150">
     <span class='ocr_line' id='line_1_13' title="bbox 636 1077 2221 1150; baseline -0.005 -9"><span class='ocrx_word' id='word_1_84' title='bbox 636 1088 762 1141; x_wconf 87' lang='lat' dir='ltr'><strong>Non</strong></span> <span class='ocrx_word' id='word_1_85' title='bbox 794 1081 975 1150; x_wconf 88' lang='lat' dir='ltr'><strong>enim,</strong></span> <span class='ocrx_word' id='word_1_86' title='bbox 1007 1085 1072 1135; x_wconf 88' lang='lat' dir='ltr'><strong>ut</strong></span> <span class='ocrx_word' id='word_1_87' title='bbox 1103 1080 1184 1136; x_wconf 91' lang='lat' dir='ltr'><strong>ait</strong></span> <span class='ocrx_word' id='word_1_88' title='bbox 1211 1078 1598 1150; x_wconf 84' lang='lat' dir='ltr'><strong>Augustinus,</strong></span> <span class='ocrx_word' id='word_1_89' title='bbox 1657 1079 1785 1149; x_wconf 89' lang='lat' dir='ltr'><strong>ejus</strong></span> <span class='ocrx_word' id='word_1_90' title='bbox 1839 1077 2083 1134; x_wconf 88' lang='lat' dir='ltr'><strong>scientia</strong></span> <span class='ocrx_word' id='word_1_91' title='bbox 2122 1092 2221 1133; x_wconf 82' lang='lat' dir='ltr'><strong>va—</strong></span> 
     </span>
    </p>
   </div>
   <div class='ocr_carea' id='block_1_14' title="bbox 561 1165 2219 1239">
    <p class='ocr_par' dir='ltr' id='par_1_14' title="bbox 561 1165 2219 1239">
     <span class='ocr_line' id='line_1_14' title="bbox 561 1165 2219 1239; baseline -0.007 -7"><span class='ocrx_word' id='word_1_92' title='bbox 561 1175 749 1231; x_wconf 88' lang='lat' dir='ltr'><strong>riatur</strong></span> <span class='ocrx_word' id='word_1_93' title='bbox 772 1170 892 1226; x_wconf 92' lang='lat' dir='ltr'><strong>ullo</strong></span> <span class='ocrx_word' id='word_1_94' title='bbox 915 1167 1120 1238; x_wconf 90' lang='lat' dir='ltr'><strong>modo,</strong></span> <span class='ocrx_word' id='word_1_95' title='bbox 1145 1171 1210 1224; x_wconf 91' lang='lat' dir='ltr'><strong>ut</strong></span> <span class='ocrx_word' id='word_1_96' title='bbox 1227 1167 1391 1224; x_wconf 85' lang='lat' dir='ltr'><strong>aliud</strong></span> <span class='ocrx_word' id='word_1_97' title='bbox 1412 1167 1473 1222; x_wconf 90' lang='lat' dir='ltr'><strong>in</strong></span> <span class='ocrx_word' id='word_1_98' title='bbox 1503 1183 1575 1224; x_wconf 87' lang='lat' dir='ltr'><strong>ea</strong></span> <span class='ocrx_word' id='word_1_99' title='bbox 1595 1167 1773 1224; x_wconf 87' lang='lat' dir='ltr'><strong>faciat</strong></span> <span class='ocrx_word' id='word_1_100' title='bbox 1793 1183 1926 1239; x_wconf 77' lang='lat' dir='ltr'><strong>quae</strong></span> <span class='ocrx_word' id='word_1_101' title='bbox 1945 1165 2219 1223; x_wconf 91' lang='lat' dir='ltr'><strong>nondum</strong></span> 
     </span>
    </p>
   </div>
   <div class='ocr_carea' id='block_1_15' title="bbox 563 1254 2214 1328">
    <p class='ocr_par' dir='ltr' id='par_1_15' title="bbox 563 1254 2214 1328">
     <span class='ocr_line' id='line_1_15' title="bbox 563 1254 2214 1328; baseline -0.006 -10"><span class='ocrx_word' id='word_1_102' title='bbox 563 1265 723 1328; x_wconf 88' lang='lat' dir='ltr'><strong>sunt,</strong></span> <span class='ocrx_word' id='word_1_103' title='bbox 782 1257 945 1316; x_wconf 80' lang='lat' dir='ltr'><strong>aliud</strong></span> <span class='ocrx_word' id='word_1_104' title='bbox 995 1273 1130 1328; x_wconf 79' lang='lat' dir='ltr'><strong>quae</strong></span> <span class='ocrx_word' id='word_1_105' title='bbox 1179 1258 1308 1328; x_wconf 89' lang='lat' dir='ltr'><strong>jam</strong></span> <span class='ocrx_word' id='word_1_106' title='bbox 1366 1259 1524 1324; x_wconf 88' lang='lat' dir='ltr'><strong>sunt,</strong></span> <span class='ocrx_word' id='word_1_107' title='bbox 1577 1255 1741 1312; x_wconf 80' lang='lat' dir='ltr'><strong>aliud</strong></span> <span class='ocrx_word' id='word_1_108' title='bbox 1771 1271 1906 1328; x_wconf 69' lang='lat' dir='ltr'><strong>quin</strong></span> <span class='ocrx_word' id='word_1_109' title='bbox 1958 1254 2214 1310; x_wconf 82' lang='lat' dir='ltr'><strong>fuerunt.</strong></span> 
     </span>
    </p>
   </div>
   <div class='ocr_carea' id='block_1_16' title="bbox 562 1345 2220 1417">
    <p class='ocr_par' dir='ltr' id='par_1_16' title="bbox 562 1345 2220 1417">
     <span class='ocr_line' id='line_1_16' title="bbox 562 1345 2220 1417; baseline -0.004 -10"><span class='ocrx_word' id='word_1_110' title='bbox 562 1354 687 1407; x_wconf 86' lang='lat' dir='ltr'><strong>Non</strong></span> <span class='ocrx_word' id='word_1_111' title='bbox 721 1348 881 1404; x_wconf 91' lang='lat' dir='ltr'><strong>enim</strong></span> <span class='ocrx_word' id='word_1_112' title='bbox 929 1361 1095 1402; x_wconf 90' lang='lat' dir='ltr'><strong>more</strong></span> <span class='ocrx_word' id='word_1_113' title='bbox 1127 1350 1333 1402; x_wconf 90' lang='lat' dir='ltr'><strong>nostro</strong></span> <span class='ocrx_word' id='word_1_114' title='bbox 1363 1345 1459 1401; x_wconf 91' lang='lat' dir='ltr'><strong>ille</strong></span> <span class='ocrx_word' id='word_1_115' title='bbox 1491 1345 1579 1401; x_wconf 87' lang='lat' dir='ltr'><strong>vel</strong></span> <span class='ocrx_word' id='word_1_116' title='bbox 1623 1345 1789 1417; x_wconf 93' lang='lat' dir='ltr'><strong>quod</strong></span> <span class='ocrx_word' id='word_1_117' title='bbox 1819 1345 2086 1402; x_wconf 81' lang='lat' dir='ltr'><strong>futurum</strong></span> <span class='ocrx_word' id='word_1_118' title='bbox 2134 1348 2220 1400; x_wconf 89' lang='lat' dir='ltr'><strong>est</strong></span> 
     </span>
    </p>
   </div>
   <div class='ocr_carea' id='block_1_17' title="bbox 561 1433 2217 1514">
    <p class='ocr_par' dir='ltr' id='par_1_17' title="bbox 561 1433 2217 1514">
     <span class='ocr_line' id='line_1_17' title="bbox 561 1433 2217 1514; baseline -0.004 -18"><span class='ocrx_word' id='word_1_119' title='bbox 561 1439 866 1514; x_wconf 87' lang='lat' dir='ltr'><strong>prospicit,</strong></span> <span class='ocrx_word' id='word_1_120' title='bbox 899 1435 992 1493; x_wconf 84' lang='lat' dir='ltr'><strong>vel</strong></span> <span class='ocrx_word' id='word_1_121' title='bbox 1022 1436 1188 1509; x_wconf 92' lang='lat' dir='ltr'><strong>quod</strong></span> <span class='ocrx_word' id='word_1_122' title='bbox 1216 1451 1478 1508; x_wconf 62' lang='lat' dir='ltr'><strong>praesens</strong></span> <span class='ocrx_word' id='word_1_123' title='bbox 1510 1441 1597 1491; x_wconf 90' lang='lat' dir='ltr'><strong>est</strong></span> <span class='ocrx_word' id='word_1_124' title='bbox 1628 1435 1855 1508; x_wconf 87' lang='lat' dir='ltr'><strong>aspicit,</strong></span> <span class='ocrx_word' id='word_1_125' title='bbox 1904 1434 1994 1490; x_wconf 92' lang='lat' dir='ltr'><strong>vel</strong></span> <span class='ocrx_word' id='word_1_126' title='bbox 2051 1433 2217 1507; x_wconf 89' lang='lat' dir='ltr'><strong>quod</strong></span> 
     </span>
    </p>
   </div>
   <div class='ocr_carea' id='block_1_18' title="bbox 557 1522 2219 1602">
    <p class='ocr_par' dir='ltr' id='par_1_18' title="bbox 557 1522 2219 1602">
     <span class='ocr_line' id='line_1_18' title="bbox 557 1522 2219 1602; baseline -0.003 -17"><span class='ocrx_word' id='word_1_127' title='bbox 557 1528 926 1602; x_wconf 80' lang='lat' dir='ltr'><strong>praeteritum</strong></span> <span class='ocrx_word' id='word_1_128' title='bbox 956 1530 1041 1580; x_wconf 91' lang='lat' dir='ltr'><strong>est</strong></span> <span class='ocrx_word' id='word_1_129' title='bbox 1067 1524 1327 1595; x_wconf 90' lang='lat' dir='ltr'><strong>respicit,</strong></span> <span class='ocrx_word' id='word_1_130' title='bbox 1353 1523 1460 1578; x_wconf 88' lang='lat' dir='ltr'><strong>sed</strong></span> <span class='ocrx_word' id='word_1_131' title='bbox 1493 1522 1610 1579; x_wconf 90' lang='lat' dir='ltr'><strong>alio</strong></span> <span class='ocrx_word' id='word_1_132' title='bbox 1643 1523 1827 1580; x_wconf 89' lang='lat' dir='ltr'><strong>modo</strong></span> <span class='ocrx_word' id='word_1_133' title='bbox 1886 1523 2156 1596; x_wconf 91' lang='lat' dir='ltr'><strong>quodam</strong></span> <span class='ocrx_word' id='word_1_134' title='bbox 2182 1537 2219 1580; x_wconf 85' lang='lat' dir='ltr'><strong>a</strong></span> 
     </span>
    </p>
   </div>
   <div class='ocr_carea' id='block_1_19' title="bbox 2324 364 3990 439">
    <p class='ocr_par' dir='ltr' id='par_1_19' title="bbox 2324 364 3990 439">
     <span class='ocr_line' id='line_1_19' title="bbox 2324 364 3990 439; baseline 0.002 -21"><span class='ocrx_word' id='word_1_135' title='bbox 2324 381 2459 421; x_wconf 89' lang='lat' dir='ltr'><strong>rum</strong></span> <span class='ocrx_word' id='word_1_136' title='bbox 2483 367 2627 439; x_wconf 89' lang='lat' dir='ltr'><strong>quia</strong></span> <span class='ocrx_word' id='word_1_137' title='bbox 2672 382 2864 422; x_wconf 90' lang='lat' dir='ltr'><strong>unum</strong></span> <span class='ocrx_word' id='word_1_138' title='bbox 2921 381 3251 436; x_wconf 82' lang='lat' dir='ltr'><strong>congruere</strong></span> <span class='ocrx_word' id='word_1_139' title='bbox 3307 364 3670 421; x_wconf 84' lang='lat' dir='ltr'><strong>credidimus</strong></span> <span class='ocrx_word' id='word_1_140' title='bbox 3703 369 3829 422; x_wconf 92' lang='lat' dir='ltr'><strong>Deo</strong></span> <span class='ocrx_word' id='word_1_141' title='bbox 3862 367 3990 436; x_wconf 70' lang='lat' dir='ltr'><strong>{al..</strong></span> 
     </span>
    </p>
   </div>
   <div class='ocr_carea' id='block_1_20' title="bbox 2327 453 3990 526">
    <p class='ocr_par' dir='ltr' id='par_1_20' title="bbox 2327 453 3990 526">
     <span class='ocr_line' id='line_1_20' title="bbox 2327 453 3990 526; baseline 0 -17"><span class='ocrx_word' id='word_1_142' title='bbox 2327 469 2588 524; x_wconf 84' lang='lat' dir='ltr'><strong>congrue</strong></span> <span class='ocrx_word' id='word_1_143' title='bbox 2637 454 2936 511; x_wconf 89' lang='lat' dir='ltr'><strong>credimus</strong></span> <span class='ocrx_word' id='word_1_144' title='bbox 2986 454 3048 510; x_wconf 92' lang='lat' dir='ltr'><strong>in</strong></span> <span class='ocrx_word' id='word_1_145' title='bbox 3098 453 3260 526; x_wconf 90' lang='lat' dir='ltr'><strong>Deo],</strong></span> <span class='ocrx_word' id='word_1_146' title='bbox 3294 454 3357 509; x_wconf 90' lang='lat' dir='ltr'><strong>id</strong></span> <span class='ocrx_word' id='word_1_147' title='bbox 3403 457 3491 510; x_wconf 90' lang='lat' dir='ltr'><strong>est</strong></span> <span class='ocrx_word' id='word_1_148' title='bbox 3542 455 3990 524; x_wconf 63' lang='lat' dir='ltr'><strong>prxscientiam</strong></span> 
     </span>
    </p>
   </div>
   <div class='ocr_carea' id='block_1_21' title="bbox 2327 541 3989 614">
    <p class='ocr_par' dir='ltr' id='par_1_21' title="bbox 2327 541 3989 614">
     <span class='ocr_line' id='line_1_21' title="bbox 2327 541 3989 614; baseline -0.001 -18"><span class='ocrx_word' id='word_1_149' title='bbox 2327 557 2619 614; x_wconf 88' lang='lat' dir='ltr'><strong>negamus</strong></span> <span class='ocrx_word' id='word_1_150' title='bbox 2639 544 2700 598; x_wconf 93' lang='lat' dir='ltr'><strong>in</strong></span> <span class='ocrx_word' id='word_1_151' title='bbox 2731 559 2801 600; x_wconf 92' lang='lat' dir='ltr'><strong>co</strong></span> <span class='ocrx_word' id='word_1_152' title='bbox 2829 558 2960 600; x_wconf 90' lang='lat' dir='ltr'><strong>esse</strong></span> <span class='ocrx_word' id='word_1_153' title='bbox 2971 543 3397 612; x_wconf 75' lang='lat' dir='ltr'><strong>paenitentiam</strong></span> <span class='ocrx_word' id='word_1_154' title='bbox 3431 560 3442 598; x_wconf 94' lang='lat'><strong>:</strong></span> <span class='ocrx_word' id='word_1_155' title='bbox 3474 544 3620 598; x_wconf 89' lang='lat' dir='ltr'><strong>Cum</strong></span> <span class='ocrx_word' id='word_1_156' title='bbox 3641 558 3791 599; x_wconf 89' lang='lat' dir='ltr'><strong>vero</strong></span> <span class='ocrx_word' id='word_1_157' title='bbox 3815 541 3989 598; x_wconf 82' lang='lat' dir='ltr'><strong>alius.</strong></span> 
     </span>
    </p>
   </div>
   <div class='ocr_carea' id='block_1_22' title="bbox 2325 623 3991 705">
    <p class='ocr_par' dir='ltr' id='par_1_22' title="bbox 2325 623 3991 705">
     <span class='ocr_line' id='line_1_22' title="bbox 2325 623 3991 705; baseline 0.001 -19"><span class='ocrx_word' id='word_1_158' title='bbox 2325 631 2640 704; x_wconf 87' lang='lat' dir='ltr'><strong>liquidiore</strong></span> <span class='ocrx_word' id='word_1_159' title='bbox 2666 623 3139 689; x_wconf 79' lang='lat' dir='ltr'><strong>consideratione</strong></span> <span class='ocrx_word' id='word_1_160' title='bbox 3169 631 3281 688; x_wconf 91' lang='lat' dir='ltr'><strong>ista</strong></span> <span class='ocrx_word' id='word_1_161' title='bbox 3314 634 3708 705; x_wconf 85' lang='lat' dir='ltr'><strong>pertractans,</strong></span> <span class='ocrx_word' id='word_1_162' title='bbox 3737 633 3991 705; x_wconf 78' lang='lat' dir='ltr'><strong>quaesie-</strong></span> 
     </span>
    </p>
   </div>
   <div class='ocr_carea' id='block_1_23' title="bbox 2329 721 3994 796">
    <p class='ocr_par' dir='ltr' id='par_1_23' title="bbox 2329 721 3994 796">
     <span class='ocr_line' id='line_1_23' title="bbox 2329 721 3994 796; baseline 0.001 -19"><span class='ocrx_word' id='word_1_163' title='bbox 2329 721 2402 778; x_wconf 89' lang='lat' dir='ltr'><strong>rit</strong></span> <span class='ocrx_word' id='word_1_164' title='bbox 2424 721 2944 794; x_wconf 86' lang='lat' dir='ltr'><strong>quemadmodum</strong></span> <span class='ocrx_word' id='word_1_165' title='bbox 2974 721 3068 779; x_wconf 92' lang='lat' dir='ltr'><strong>vel</strong></span> <span class='ocrx_word' id='word_1_166' title='bbox 3099 721 3229 795; x_wconf 86' lang='lat' dir='ltr'><strong>ipsa</strong></span> <span class='ocrx_word' id='word_1_167' title='bbox 3257 721 3634 796; x_wconf 80' lang='lat' dir='ltr'><strong>przescientia</strong></span> <span class='ocrx_word' id='word_1_168' title='bbox 3683 725 3814 779; x_wconf 89' lang='lat' dir='ltr'><strong>Deo</strong></span> <span class='ocrx_word' id='word_1_169' title='bbox 3863 738 3994 778; x_wconf 83' lang='lat' dir='ltr'><strong>con-</strong></span> 
     </span>
    </p>
   </div>
   <div class='ocr_carea' id='block_1_24' title="bbox 2329 809 3992 882">
    <p class='ocr_par' dir='ltr' id='par_1_24' title="bbox 2329 809 3992 882">
     <span class='ocr_line' id='line_1_24' title="bbox 2329 809 3992 882; baseline 0.001 -18"><span class='ocrx_word' id='word_1_170' title='bbox 2329 814 2521 880; x_wconf 86' lang='lat' dir='ltr'><strong>gruat,</strong></span> <span class='ocrx_word' id='word_1_171' title='bbox 2555 814 2612 867; x_wconf 90' lang='lat' dir='ltr'><strong>et</strong></span> <span class='ocrx_word' id='word_1_172' title='bbox 2651 810 2943 866; x_wconf 87' lang='lat' dir='ltr'><strong>invenerit</strong></span> <span class='ocrx_word' id='word_1_173' title='bbox 2985 810 3167 882; x_wconf 88' lang='lat' dir='ltr'><strong>hujus</strong></span> <span class='ocrx_word' id='word_1_174' title='bbox 3227 811 3406 867; x_wconf 89' lang='lat' dir='ltr'><strong>etiam</strong></span> <span class='ocrx_word' id='word_1_175' title='bbox 3454 809 3618 866; x_wconf 89' lang='lat' dir='ltr'><strong>verbi</strong></span> <span class='ocrx_word' id='word_1_176' title='bbox 3675 813 3992 866; x_wconf 89' lang='lat' dir='ltr'><strong>notionem</strong></span> 
     </span>
    </p>
   </div>
   <div class='ocr_carea' id='block_1_25' title="bbox 2326 896 3993 971">
    <p class='ocr_par' dir='ltr' id='par_1_25' title="bbox 2326 896 3993 971">
     <span class='ocr_line' id='line_1_25' title="bbox 2326 896 3993 971; baseline 0 -18"><span class='ocrx_word' id='word_1_177' title='bbox 2326 897 2481 954; x_wconf 91' lang='lat' dir='ltr'><strong>illius</strong></span> <span class='ocrx_word' id='word_1_178' title='bbox 2527 897 2812 954; x_wconf 77' lang='lat' dir='ltr'><strong>ineffabili</strong></span> <span class='ocrx_word' id='word_1_179' title='bbox 2854 897 3160 955; x_wconf 86' lang='lat' dir='ltr'><strong>divinitate</strong></span> <span class='ocrx_word' id='word_1_180' title='bbox 3201 898 3379 968; x_wconf 85' lang='lat' dir='ltr'><strong>longe</strong></span> <span class='ocrx_word' id='word_1_181' title='bbox 3425 896 3661 971; x_wconf 88' lang='lat' dir='ltr'><strong>lateque</strong></span> <span class='ocrx_word' id='word_1_182' title='bbox 3695 901 3993 968; x_wconf 83' lang='lat' dir='ltr'><strong>superari,</strong></span> 
     </span>
    </p>
   </div>
   <div class='ocr_carea' id='block_1_26' title="bbox 2327 986 3996 1060">
    <p class='ocr_par' dir='ltr' id='par_1_26' title="bbox 2327 986 3996 1060">
     <span class='ocr_line' id='line_1_26' title="bbox 2327 986 3996 1060; baseline 0.001 -17"><span class='ocrx_word' id='word_1_183' title='bbox 2327 1002 2450 1044; x_wconf 94' lang='lat' dir='ltr'><strong>non</strong></span> <span class='ocrx_word' id='word_1_184' title='bbox 2501 987 2752 1044; x_wconf 83' lang='lat' dir='ltr'><strong>miratur</strong></span> <span class='ocrx_word' id='word_1_185' title='bbox 2799 987 2928 1060; x_wconf 88' lang='lat' dir='ltr'><strong>[al.,</strong></span> <span class='ocrx_word' id='word_1_186' title='bbox 2987 986 3322 1060; x_wconf 83' lang='lat' dir='ltr'><strong>miraretur]</strong></span> <span class='ocrx_word' id='word_1_187' title='bbox 3377 990 3702 1060; x_wconf 89' lang='lat' dir='ltr'><strong>utrumque</strong></span> <span class='ocrx_word' id='word_1_188' title='bbox 3766 987 3853 1043; x_wconf 89' lang='lat' dir='ltr'><strong>de</strong></span> <span class='ocrx_word' id='word_1_189' title='bbox 3908 987 3996 1044; x_wconf 91' lang='lat' dir='ltr'><strong>illo</strong></span> 
     </span>
    </p>
   </div>
   <div class='ocr_carea' id='block_1_27' title="bbox 2327 1074 3996 1149">
    <p class='ocr_par' dir='ltr' id='par_1_27' title="bbox 2327 1074 3996 1149">
     <span class='ocr_line' id='line_1_27' title="bbox 2327 1074 3996 1149; baseline -0.001 -17"><span class='ocrx_word' id='word_1_190' title='bbox 2327 1079 2569 1149; x_wconf 87' lang='lat' dir='ltr'><strong>propter</strong></span> <span class='ocrx_word' id='word_1_191' title='bbox 2600 1076 2876 1132; x_wconf 90' lang='lat' dir='ltr'><strong>homines</strong></span> <span class='ocrx_word' id='word_1_192' title='bbox 2908 1075 3025 1132; x_wconf 90' lang='lat' dir='ltr'><strong>dici</strong></span> <span class='ocrx_word' id='word_1_193' title='bbox 3068 1076 3356 1149; x_wconf 89' lang='lat' dir='ltr'><strong>potuisse,</strong></span> <span class='ocrx_word' id='word_1_194' title='bbox 3388 1074 3462 1132; x_wconf 93' lang='lat' dir='ltr'><strong>de</strong></span> <span class='ocrx_word' id='word_1_195' title='bbox 3498 1091 3620 1149; x_wconf 90' lang='lat' dir='ltr'><strong>quo</strong></span> <span class='ocrx_word' id='word_1_196' title='bbox 3658 1080 3996 1149; x_wconf 82' lang='lat' dir='ltr'><strong>utrumque</strong></span> 
     </span>
    </p>
   </div>
   <div class='ocr_carea' id='block_1_28' title="bbox 2327 1164 3998 1238">
    <p class='ocr_par' dir='ltr' id='par_1_28' title="bbox 2327 1164 3998 1238">
     <span class='ocr_line' id='line_1_28' title="bbox 2327 1164 3998 1238; baseline 0.001 -18"><span class='ocrx_word' id='word_1_197' title='bbox 2327 1168 2569 1238; x_wconf 89' lang='lat' dir='ltr'><strong>propter</strong></span> <span class='ocrx_word' id='word_1_198' title='bbox 2595 1166 2798 1238; x_wconf 90' lang='lat' dir='ltr'><strong>ipsum</strong></span> <span class='ocrx_word' id='word_1_199' title='bbox 2824 1166 3154 1235; x_wconf 88' lang='lat' dir='ltr'><strong>incongrue</strong></span> <span class='ocrx_word' id='word_1_200' title='bbox 3177 1164 3469 1222; x_wconf 90' lang='lat' dir='ltr'><strong>diceretur</strong></span> <span class='ocrx_word' id='word_1_201' title='bbox 3501 1183 3512 1221; x_wconf 91' lang='lat'><strong>:</strong></span> <span class='ocrx_word' id='word_1_202' title='bbox 3547 1164 3698 1237; x_wconf 86' lang='lat' dir='ltr'><strong>quid</strong></span> <span class='ocrx_word' id='word_1_203' title='bbox 3720 1169 3817 1222; x_wconf 89' lang='lat' dir='ltr'><strong>est</strong></span> <span class='ocrx_word' id='word_1_204' title='bbox 3839 1167 3998 1221; x_wconf 87' lang='lat' dir='ltr'><strong>enim</strong></span> 
     </span>
    </p>
   </div>
   <div class='ocr_carea' id='block_1_29' title="bbox 2326 1253 3996 1327">
    <p class='ocr_par' dir='ltr' id='par_1_29' title="bbox 2326 1253 3996 1327">
     <span class='ocr_line' id='line_1_29' title="bbox 2326 1253 3996 1327; baseline 0.001 -17"><span class='ocrx_word' id='word_1_205' title='bbox 2326 1254 2723 1326; x_wconf 81' lang='lat' dir='ltr'><strong>praescientia,</strong></span> <span class='ocrx_word' id='word_1_206' title='bbox 2761 1254 2877 1310; x_wconf 91' lang='lat' dir='ltr'><strong>nisi</strong></span> <span class='ocrx_word' id='word_1_207' title='bbox 2909 1253 3156 1310; x_wconf 90' lang='lat' dir='ltr'><strong>scientia</strong></span> <span class='ocrx_word' id='word_1_208' title='bbox 3185 1253 3562 1323; x_wconf 86' lang='lat' dir='ltr'><strong>futurorum;</strong></span> <span class='ocrx_word' id='word_1_209' title='bbox 3613 1254 3769 1327; x_wconf 91' lang='lat' dir='ltr'><strong>quid</strong></span> <span class='ocrx_word' id='word_1_210' title='bbox 3791 1259 3996 1311; x_wconf 87' lang='lat' dir='ltr'><strong>autem</strong></span> 
     </span>
    </p>
   </div>
   <div class='ocr_carea' id='block_1_30' title="bbox 2327 1342 3995 1415">
    <p class='ocr_par' dir='ltr' id='par_1_30' title="bbox 2327 1342 3995 1415">
     <span class='ocr_line' id='line_1_30' title="bbox 2327 1342 3995 1415; baseline 0.001 -19"><span class='ocrx_word' id='word_1_211' title='bbox 2327 1342 2593 1399; x_wconf 77' lang='lat' dir='ltr'><strong>futurum</strong></span> <span class='ocrx_word' id='word_1_212' title='bbox 2621 1348 2708 1398; x_wconf 90' lang='lat' dir='ltr'><strong>est</strong></span> <span class='ocrx_word' id='word_1_213' title='bbox 2738 1343 2878 1410; x_wconf 90' lang='lat' dir='ltr'><strong>Deo,</strong></span> <span class='ocrx_word' id='word_1_214' title='bbox 2901 1343 3047 1415; x_wconf 89' lang='lat' dir='ltr'><strong>quia</strong></span> <span class='ocrx_word' id='word_1_215' title='bbox 3077 1342 3283 1399; x_wconf 89' lang='lat' dir='ltr'><strong>omnia</strong></span> <span class='ocrx_word' id='word_1_216' title='bbox 3307 1346 3582 1414; x_wconf 89' lang='lat' dir='ltr'><strong>tempora</strong></span> <span class='ocrx_word' id='word_1_217' title='bbox 3607 1343 3995 1414; x_wconf 84' lang='lat' dir='ltr'><strong>supergredi-</strong></span> 
     </span>
    </p>
   </div>
   <div class='ocr_carea' id='block_1_31' title="bbox 2327 1429 3996 1502">
    <p class='ocr_par' dir='ltr' id='par_1_31' title="bbox 2327 1429 3996 1502">
     <span class='ocr_line' id='line_1_31' title="bbox 2327 1429 3996 1502; baseline 0.001 -17"><span class='ocrx_word' id='word_1_218' title='bbox 2327 1431 2467 1486; x_wconf 90' lang='lat' dir='ltr'><strong>tur?</strong></span> <span class='ocrx_word' id='word_1_219' title='bbox 2512 1431 2568 1487; x_wconf 90' lang='lat' dir='ltr'><strong>Si</strong></span> <span class='ocrx_word' id='word_1_220' title='bbox 2594 1430 2754 1486; x_wconf 92' lang='lat' dir='ltr'><strong>enim</strong></span> <span class='ocrx_word' id='word_1_221' title='bbox 2811 1429 3057 1487; x_wconf 88' lang='lat' dir='ltr'><strong>scientia</strong></span> <span class='ocrx_word' id='word_1_222' title='bbox 3087 1431 3217 1502; x_wconf 85' lang='lat' dir='ltr'><strong>[al.,</strong></span> <span class='ocrx_word' id='word_1_223' title='bbox 3250 1429 3312 1486; x_wconf 88' lang='lat' dir='ltr'><strong>in</strong></span> <span class='ocrx_word' id='word_1_224' title='bbox 3364 1429 3610 1486; x_wconf 89' lang='lat' dir='ltr'><strong>scientia</strong></span> <span class='ocrx_word' id='word_1_225' title='bbox 3660 1430 3855 1502; x_wconf 88' lang='lat' dir='ltr'><strong>Deus]</strong></span> <span class='ocrx_word' id='word_1_226' title='bbox 3908 1431 3996 1487; x_wconf 77' lang='lat' dir='ltr'><strong>Dei</strong></span> 
     </span>
    </p>
   </div>
   <div class='ocr_carea' id='block_1_32' title="bbox 2324 1519 3992 1594">
    <p class='ocr_par' dir='ltr' id='par_1_32' title="bbox 2324 1519 3992 1594">
     <span class='ocr_line' id='line_1_32' title="bbox 2324 1519 3992 1594; baseline 0.004 -19"><span class='ocrx_word' id='word_1_227' title='bbox 2324 1534 2420 1576; x_wconf 88' lang='lat' dir='ltr'><strong>res</strong></span> <span class='ocrx_word' id='word_1_228' title='bbox 2451 1519 2612 1594; x_wconf 88' lang='lat' dir='ltr'><strong>ipsas</strong></span> <span class='ocrx_word' id='word_1_229' title='bbox 2642 1519 2844 1589; x_wconf 89' lang='lat' dir='ltr'><strong>habet,</strong></span> <span class='ocrx_word' id='word_1_230' title='bbox 2872 1535 2996 1576; x_wconf 90' lang='lat' dir='ltr'><strong>non</strong></span> <span class='ocrx_word' id='word_1_231' title='bbox 3024 1524 3163 1576; x_wconf 90' lang='lat' dir='ltr'><strong>sunt</strong></span> <span class='ocrx_word' id='word_1_232' title='bbox 3187 1520 3240 1576; x_wconf 90' lang='lat' dir='ltr'><strong>ei</strong></span> <span class='ocrx_word' id='word_1_233' title='bbox 3260 1519 3472 1577; x_wconf 65' lang='lat' dir='ltr'><strong>futurae</strong></span> <span class='ocrx_word' id='word_1_234' title='bbox 3494 1519 3602 1576; x_wconf 89' lang='lat' dir='ltr'><strong>sed</strong></span> <span class='ocrx_word' id='word_1_235' title='bbox 3622 1526 3992 1592; x_wconf 66' lang='lat' dir='ltr'><strong>praesentes;</strong></span> 
     </span>
    </p>
   </div>
   <div class='ocr_carea' id='block_1_33' title="bbox 560 1608 3994 1686">
    <p class='ocr_par' dir='ltr' id='par_1_33' title="bbox 560 1608 3994 1686">
     <span class='ocr_line' id='line_1_33' title="bbox 560 1608 3994 1686; baseline -0.002 -14"><span class='ocrx_word' id='word_1_236' title='bbox 560 1621 910 1672; x_wconf 89' lang='lat' dir='ltr'><strong>nostrarum</strong></span> <span class='ocrx_word' id='word_1_237' title='bbox 953 1611 1389 1680; x_wconf 86' lang='lat' dir='ltr'><strong>cogitationum</strong></span> <span class='ocrx_word' id='word_1_238' title='bbox 1421 1611 1856 1667; x_wconf 88' lang='lat' dir='ltr'><strong>consuetudine</strong></span> <span class='ocrx_word' id='word_1_239' title='bbox 1907 1611 2084 1681; x_wconf 87' lang='lat' dir='ltr'><strong>longe</strong></span> <span class='ocrx_word' id='word_1_240' title='bbox 2115 1609 2217 1666; x_wconf 87' lang='lat' dir='ltr'><strong>ali-</strong></span> <span class='ocrx_word' id='word_1_241' title='bbox 2249 1632 2288 1686; x_wconf 78' lang='grc' dir='ltr'><strong>Β</strong></span> <span class='ocrx_word' id='word_1_242' title='bbox 2325 1624 2396 1665; x_wconf 87' lang='lat' dir='ltr'><strong>ac</strong></span> <span class='ocrx_word' id='word_1_243' title='bbox 2417 1624 2524 1682; x_wconf 89' lang='lat' dir='ltr'><strong>per</strong></span> <span class='ocrx_word' id='word_1_244' title='bbox 2551 1609 2666 1666; x_wconf 93' lang='lat' dir='ltr'><strong>hoc</strong></span> <span class='ocrx_word' id='word_1_245' title='bbox 2695 1624 2819 1666; x_wconf 91' lang='lat' dir='ltr'><strong>non</strong></span> <span class='ocrx_word' id='word_1_246' title='bbox 2841 1609 2972 1681; x_wconf 88' lang='lat' dir='ltr'><strong>jam</strong></span> <span class='ocrx_word' id='word_1_247' title='bbox 2987 1609 3383 1683; x_wconf 69' lang='lat' dir='ltr'><strong>prtescientia,</strong></span> <span class='ocrx_word' id='word_1_248' title='bbox 3407 1608 3513 1665; x_wconf 90' lang='lat' dir='ltr'><strong>sed</strong></span> <span class='ocrx_word' id='word_1_249' title='bbox 3545 1613 3788 1666; x_wconf 87' lang='lat' dir='ltr'><strong>tantum</strong></span> <span class='ocrx_word' id='word_1_250' title='bbox 3812 1611 3994 1665; x_wconf 84' lang='lat' dir='ltr'><strong>scien-</strong></span> 
     </span>
    </p>
   </div>
   <div class='ocr_carea' id='block_1_34' title="bbox 558 1699 2217 1778">
    <p class='ocr_par' dir='ltr' id='par_1_34' title="bbox 558 1699 2217 1778">
     <span class='ocr_line' id='line_1_34' title="bbox 558 1699 2217 1778; baseline -0.004 -17"><span class='ocrx_word' id='word_1_251' title='bbox 558 1709 770 1778; x_wconf 83' lang='lat' dir='ltr'><strong>terque</strong></span> <span class='ocrx_word' id='word_1_252' title='bbox 797 1703 1055 1759; x_wconf 89' lang='lat' dir='ltr'><strong>diverso.</strong></span> <span class='ocrx_word' id='word_1_253' title='bbox 1085 1700 1182 1756; x_wconf 81' lang='lat' dir='ltr'><strong>ille</strong></span> <span class='ocrx_word' id='word_1_254' title='bbox 1208 1701 1433 1774; x_wconf 87' lang='lat' dir='ltr'><strong>quippe</strong></span> <span class='ocrx_word' id='word_1_255' title='bbox 1457 1715 1580 1756; x_wconf 90' lang='lat' dir='ltr'><strong>non</strong></span> <span class='ocrx_word' id='word_1_256' title='bbox 1602 1716 1675 1756; x_wconf 83' lang='lat' dir='ltr'><strong>ex</strong></span> <span class='ocrx_word' id='word_1_257' title='bbox 1701 1699 1816 1756; x_wconf 85' lang='lat' dir='ltr'><strong>hoc</strong></span> <span class='ocrx_word' id='word_1_258' title='bbox 1848 1700 1909 1756; x_wconf 91' lang='lat' dir='ltr'><strong>in</strong></span> <span class='ocrx_word' id='word_1_259' title='bbox 1945 1699 2092 1756; x_wconf 90' lang='lat' dir='ltr'><strong>illud</strong></span> <span class='ocrx_word' id='word_1_260' title='bbox 2122 1715 2217 1756; x_wconf 82' lang='lat' dir='ltr'><strong>co—</strong></span> 
     </span>
    </p>
   </div>
   <div class='ocr_carea' id='block_1_35' title="bbox 559 1788 2218 1865">
    <p class='ocr_par' dir='ltr' id='par_1_35' title="bbox 559 1788 2218 1865">
     <span class='ocr_line' id='line_1_35' title="bbox 559 1788 2218 1865; baseline -0.004 -15"><span class='ocrx_word' id='word_1_261' title='bbox 559 1793 843 1865; x_wconf 89' lang='lat' dir='ltr'><strong>gitatione</strong></span> <span class='ocrx_word' id='word_1_262' title='bbox 891 1793 1141 1857; x_wconf 87' lang='lat' dir='ltr'><strong>mutata,</strong></span> <span class='ocrx_word' id='word_1_263' title='bbox 1198 1789 1326 1850; x_wconf 89' lang='lat' dir='ltr'><strong>sed.</strong></span> <span class='ocrx_word' id='word_1_264' title='bbox 1356 1788 1603 1845; x_wconf 88' lang='lat' dir='ltr'><strong>omnino</strong></span> <span class='ocrx_word' id='word_1_265' title='bbox 1656 1788 2218 1846; x_wconf 88' lang='lat' dir='ltr'><strong>incommutabiliter</strong></span> 
     </span>
    </p>
   </div>
   <div class='ocr_carea' id='block_1_36' title="bbox 557 1877 2214 1951">
    <p class='ocr_par' dir='ltr' id='par_1_36' title="bbox 557 1877 2214 1951">
     <span class='ocr_line' id='line_1_36' title="bbox 557 1877 2214 1951; baseline -0.002 -14"><span class='ocrx_word' id='word_1_266' title='bbox 557 1881 737 1948; x_wconf 84' lang='lat' dir='ltr'><strong>videt,</strong></span> <span class='ocrx_word' id='word_1_267' title='bbox 768 1881 851 1937; x_wconf 90' lang='lat' dir='ltr'><strong>ita</strong></span> <span class='ocrx_word' id='word_1_268' title='bbox 879 1883 944 1934; x_wconf 91' lang='lat' dir='ltr'><strong>ut</strong></span> <span class='ocrx_word' id='word_1_269' title='bbox 969 1877 1070 1934; x_wconf 89' lang='lat' dir='ltr'><strong>illa</strong></span> <span class='ocrx_word' id='word_1_270' title='bbox 1125 1877 1372 1950; x_wconf 91' lang='lat' dir='ltr'><strong>quidem</strong></span> <span class='ocrx_word' id='word_1_271' title='bbox 1403 1893 1540 1951; x_wconf 77' lang='lat' dir='ltr'><strong>quae</strong></span> <span class='ocrx_word' id='word_1_272' title='bbox 1599 1878 2004 1951; x_wconf 91' lang='lat' dir='ltr'><strong>temporaliter</strong></span> <span class='ocrx_word' id='word_1_273' title='bbox 2043 1877 2214 1942; x_wconf 87' lang='lat' dir='ltr'><strong>ﬁunt,</strong></span> 
     </span>
    </p>
   </div>
   <div class='ocr_carea' id='block_1_37' title="bbox 561 1965 2220 2039">
    <p class='ocr_par' dir='ltr' id='par_1_37' title="bbox 561 1965 2220 2039">
     <span class='ocr_line' id='line_1_37' title="bbox 561 1965 2220 2039; baseline -0.002 -13"><span class='ocrx_word' id='word_1_274' title='bbox 561 1972 621 2026; x_wconf 88' lang='lat' dir='ltr'><strong>et</strong></span> <span class='ocrx_word' id='word_1_275' title='bbox 648 1969 851 2025; x_wconf 88' lang='lat' dir='ltr'><strong>futura</strong></span> <span class='ocrx_word' id='word_1_276' title='bbox 881 1966 1155 2024; x_wconf 90' lang='lat' dir='ltr'><strong>nondum</strong></span> <span class='ocrx_word' id='word_1_277' title='bbox 1188 1965 1326 2035; x_wconf 92' lang='lat' dir='ltr'><strong>sint,</strong></span> <span class='ocrx_word' id='word_1_278' title='bbox 1359 1971 1415 2022; x_wconf 90' lang='lat' dir='ltr'><strong>et</strong></span> <span class='ocrx_word' id='word_1_279' title='bbox 1471 1966 1791 2039; x_wconf 74' lang='lat' dir='ltr'><strong>praesentia</strong></span> <span class='ocrx_word' id='word_1_280' title='bbox 1815 1967 1945 2038; x_wconf 89' lang='lat' dir='ltr'><strong>jam</strong></span> <span class='ocrx_word' id='word_1_281' title='bbox 2003 1966 2137 2030; x_wconf 90' lang='lat' dir='ltr'><strong>sint,</strong></span> <span class='ocrx_word' id='word_1_282' title='bbox 2163 1970 2220 2023; x_wconf 88' lang='lat' dir='ltr'><strong>et</strong></span> 
     </span>
    </p>
   </div>
   <div class='ocr_carea' id='block_1_38' title="bbox 558 2055 2217 2132">
    <p class='ocr_par' dir='ltr' id='par_1_38' title="bbox 558 2055 2217 2132">
     <span class='ocr_line' id='line_1_38' title="bbox 558 2055 2217 2132; baseline -0.001 -18"><span class='ocrx_word' id='word_1_283' title='bbox 558 2058 856 2132; x_wconf 85' lang='lat' dir='ltr'><strong>praeterita</strong></span> <span class='ocrx_word' id='word_1_284' title='bbox 879 2057 1011 2128; x_wconf 90' lang='lat' dir='ltr'><strong>jam</strong></span> <span class='ocrx_word' id='word_1_285' title='bbox 1040 2071 1164 2112; x_wconf 91' lang='lat' dir='ltr'><strong>non</strong></span> <span class='ocrx_word' id='word_1_286' title='bbox 1195 2055 1343 2125; x_wconf 87' lang='lat' dir='ltr'><strong>sint;</strong></span> <span class='ocrx_word' id='word_1_287' title='bbox 1379 2055 1506 2128; x_wconf 90' lang='lat' dir='ltr'><strong>ipse</strong></span> <span class='ocrx_word' id='word_1_288' title='bbox 1535 2072 1678 2113; x_wconf 88' lang='lat' dir='ltr'><strong>vero</strong></span> <span class='ocrx_word' id='word_1_289' title='bbox 1708 2061 1832 2112; x_wconf 76' lang='lat' dir='ltr'><strong>haec</strong></span> <span class='ocrx_word' id='word_1_290' title='bbox 1863 2056 2068 2113; x_wconf 91' lang='lat' dir='ltr'><strong>omnia</strong></span> <span class='ocrx_word' id='word_1_291' title='bbox 2103 2059 2217 2113; x_wconf 87' lang='lat' dir='ltr'><strong>sta-</strong></span> 
     </span>
    </p>
   </div>
   <div class='ocr_carea' id='block_1_39' title="bbox 558 2145 2218 2219">
    <p class='ocr_par' dir='ltr' id='par_1_39' title="bbox 558 2145 2218 2219">
     <span class='ocr_line' id='line_1_39' title="bbox 558 2145 2218 2219; baseline -0.001 -15"><span class='ocrx_word' id='word_1_292' title='bbox 558 2147 665 2204; x_wconf 90' lang='lat' dir='ltr'><strong>bili</strong></span> <span class='ocrx_word' id='word_1_293' title='bbox 691 2163 761 2205; x_wconf 88' lang='lat' dir='ltr'><strong>ac</strong></span> <span class='ocrx_word' id='word_1_294' title='bbox 819 2145 1186 2219; x_wconf 89' lang='lat' dir='ltr'><strong>sempiterna</strong></span> <span class='ocrx_word' id='word_1_295' title='bbox 1229 2146 1549 2218; x_wconf 79' lang='lat' dir='ltr'><strong>praesentia</strong></span> <span class='ocrx_word' id='word_1_296' title='bbox 1582 2145 2077 2218; x_wconf 88' lang='lat' dir='ltr'><strong>comprehendat,</strong></span> <span class='ocrx_word' id='word_1_297' title='bbox 2109 2162 2218 2203; x_wconf 91' lang='lat' dir='ltr'><strong>nec</strong></span> 
     </span>
    </p>
   </div>
   <div class='ocr_carea' id='block_1_40' title="bbox 560 2234 2217 2303">
    <p class='ocr_par' dir='ltr' id='par_1_40' title="bbox 560 2234 2217 2303">
     <span class='ocr_line' id='line_1_40' title="bbox 560 2234 2217 2303; baseline -0.001 -9"><span class='ocrx_word' id='word_1_298' title='bbox 560 2236 730 2294; x_wconf 86' lang='lat' dir='ltr'><strong>aliter</strong></span> <span class='ocrx_word' id='word_1_299' title='bbox 757 2234 968 2303; x_wconf 93' lang='lat' dir='ltr'><strong>oculis,</strong></span> <span class='ocrx_word' id='word_1_300' title='bbox 1003 2234 1172 2292; x_wconf 88' lang='lat' dir='ltr'><strong>aliter</strong></span> <span class='ocrx_word' id='word_1_301' title='bbox 1217 2237 1415 2290; x_wconf 87' lang='lat' dir='ltr'><strong>mente</strong></span> <span class='ocrx_word' id='word_1_302' title='bbox 1450 2253 1460 2290; x_wconf 94' lang='lat'>:</span> <span class='ocrx_word' id='word_1_303' title='bbox 1490 2249 1612 2290; x_wconf 91' lang='lat' dir='ltr'><strong>non</strong></span> <span class='ocrx_word' id='word_1_304' title='bbox 1667 2235 1828 2291; x_wconf 89' lang='lat' dir='ltr'><strong>enim</strong></span> <span class='ocrx_word' id='word_1_305' title='bbox 1887 2251 1958 2290; x_wconf 85' lang='lat' dir='ltr'><strong>ex</strong></span> <span class='ocrx_word' id='word_1_306' title='bbox 2014 2234 2217 2292; x_wconf 90' lang='lat' dir='ltr'><strong>animo</strong></span> 
     </span>
    </p>
   </div>
   <div class='ocr_carea' id='block_1_41' title="bbox 557 2323 2214 2397">
    <p class='ocr_par' dir='ltr' id='par_1_41' title="bbox 557 2323 2214 2397">
     <span class='ocr_line' id='line_1_41' title="bbox 557 2323 2214 2397; baseline 0 -16"><span class='ocrx_word' id='word_1_307' title='bbox 557 2328 790 2382; x_wconf 81' lang='lat' dir='ltr'><strong>constat</strong></span> <span class='ocrx_word' id='word_1_308' title='bbox 823 2328 879 2380; x_wconf 92' lang='lat' dir='ltr'><strong>et</strong></span> <span class='ocrx_word' id='word_1_309' title='bbox 909 2339 1179 2397; x_wconf 91' lang='lat' dir='ltr'><strong>corpore,</strong></span> <span class='ocrx_word' id='word_1_310' title='bbox 1205 2339 1315 2379; x_wconf 90' lang='lat' dir='ltr'><strong>nee</strong></span> <span class='ocrx_word' id='word_1_311' title='bbox 1348 2323 1515 2380; x_wconf 88' lang='lat' dir='ltr'><strong>aliter</strong></span> <span class='ocrx_word' id='word_1_312' title='bbox 1538 2340 1720 2392; x_wconf 89' lang='lat' dir='ltr'><strong>nunc,</strong></span> <span class='ocrx_word' id='word_1_313' title='bbox 1747 2330 1800 2379; x_wconf 86' lang='lat' dir='ltr'><strong>et</strong></span> <span class='ocrx_word' id='word_1_314' title='bbox 1833 2323 2000 2380; x_wconf 88' lang='lat' dir='ltr'><strong>aliter</strong></span> <span class='ocrx_word' id='word_1_315' title='bbox 2020 2329 2214 2395; x_wconf 89' lang='lat' dir='ltr'><strong>antea,</strong></span> 
     </span>
    </p>
   </div>
   <div class='ocr_carea' id='block_1_42' title="bbox 559 2413 2217 2486">
    <p class='ocr_par' dir='ltr' id='par_1_42' title="bbox 559 2413 2217 2486">
     <span class='ocr_line' id='line_1_42' title="bbox 559 2413 2217 2486; baseline 0 -16"><span class='ocrx_word' id='word_1_316' title='bbox 559 2418 615 2470; x_wconf 90' lang='lat' dir='ltr'><strong>et</strong></span> <span class='ocrx_word' id='word_1_317' title='bbox 636 2413 805 2470; x_wconf 89' lang='lat' dir='ltr'><strong>aliter</strong></span> <span class='ocrx_word' id='word_1_318' title='bbox 846 2416 1091 2486; x_wconf 88' lang='lat' dir='ltr'><strong>postea;</strong></span> <span class='ocrx_word' id='word_1_319' title='bbox 1142 2413 1434 2486; x_wconf 90' lang='lat' dir='ltr'><strong>quoniam</strong></span> <span class='ocrx_word' id='word_1_320' title='bbox 1463 2429 1585 2468; x_wconf 91' lang='lat' dir='ltr'><strong>non</strong></span> <span class='ocrx_word' id='word_1_321' title='bbox 1629 2413 1780 2470; x_wconf 86' lang='lat' dir='ltr'><strong>sicut</strong></span> <span class='ocrx_word' id='word_1_322' title='bbox 1827 2417 2054 2483; x_wconf 87' lang='lat' dir='ltr'><strong>nostra,</strong></span> <span class='ocrx_word' id='word_1_323' title='bbox 2089 2415 2217 2486; x_wconf 91' lang='lat' dir='ltr'><strong>ejus</strong></span> 
     </span>
    </p>
   </div>
   <div class='ocr_carea' id='block_1_43' title="bbox 557 2500 2216 2576">
    <p class='ocr_par' dir='ltr' id='par_1_43' title="bbox 557 2500 2216 2576">
     <span class='ocr_line' id='line_1_43' title="bbox 557 2500 2216 2576; baseline -0.001 -18"><span class='ocrx_word' id='word_1_324' title='bbox 557 2517 800 2576; x_wconf 89' lang='lat' dir='ltr'><strong>quoque</strong></span> <span class='ocrx_word' id='word_1_325' title='bbox 831 2500 1078 2558; x_wconf 90' lang='lat' dir='ltr'><strong>scientia</strong></span> <span class='ocrx_word' id='word_1_326' title='bbox 1110 2501 1287 2557; x_wconf 87' lang='lat' dir='ltr'><strong>trium</strong></span> <span class='ocrx_word' id='word_1_327' title='bbox 1321 2507 1682 2574; x_wconf 87' lang='lat' dir='ltr'><strong>temporum,</strong></span> <span class='ocrx_word' id='word_1_328' title='bbox 1716 2502 2024 2574; x_wconf 79' lang='lat' dir='ltr'><strong>praesentis</strong></span> <span class='ocrx_word' id='word_1_329' title='bbox 2056 2501 2216 2557; x_wconf 50' lang='lat' dir='ltr'><strong>vide-</strong></span> 
     </span>
    </p>
   </div>
   <div class='ocr_carea' id='block_1_44' title="bbox 558 2590 2216 2664">
    <p class='ocr_par' dir='ltr' id='par_1_44' title="bbox 558 2590 2216 2664">
     <span class='ocr_line' id='line_1_44' title="bbox 558 2590 2216 2664; baseline -0.001 -17"><span class='ocrx_word' id='word_1_330' title='bbox 558 2590 711 2658; x_wconf 91' lang='lat' dir='ltr'><strong>licet,</strong></span> <span class='ocrx_word' id='word_1_331' title='bbox 740 2595 796 2648; x_wconf 91' lang='lat' dir='ltr'><strong>et</strong></span> <span class='ocrx_word' id='word_1_332' title='bbox 818 2590 1097 2664; x_wconf 72' lang='lat' dir='ltr'><strong>praeteriti</strong></span> <span class='ocrx_word' id='word_1_333' title='bbox 1122 2590 1215 2647; x_wconf 88' lang='lat' dir='ltr'><strong>vel</strong></span> <span class='ocrx_word' id='word_1_334' title='bbox 1239 2591 1420 2646; x_wconf 89' lang='lat' dir='ltr'><strong>futuri</strong></span> <span class='ocrx_word' id='word_1_335' title='bbox 1445 2591 1726 2648; x_wconf 86' lang='lat' dir='ltr'><strong>varietate</strong></span> <span class='ocrx_word' id='word_1_336' title='bbox 1745 2594 2029 2659; x_wconf 87' lang='lat' dir='ltr'><strong>mutatur,</strong></span> <span class='ocrx_word' id='word_1_337' title='bbox 2050 2591 2216 2664; x_wconf 89' lang='lat' dir='ltr'><strong>apud</strong></span> 
     </span>
    </p>
   </div>
   <div class='ocr_carea' id='block_1_45' title="bbox 557 2679 2216 2753">
    <p class='ocr_par' dir='ltr' id='par_1_45' title="bbox 557 2679 2216 2753">
     <span class='ocr_line' id='line_1_45' title="bbox 557 2679 2216 2753; baseline 0 -17"><span class='ocrx_word' id='word_1_338' title='bbox 557 2695 740 2753; x_wconf 89' lang='lat' dir='ltr'><strong>quem</strong></span> <span class='ocrx_word' id='word_1_339' title='bbox 771 2695 895 2736; x_wconf 90' lang='lat' dir='ltr'><strong>non</strong></span> <span class='ocrx_word' id='word_1_340' title='bbox 924 2683 1014 2736; x_wconf 90' lang='lat' dir='ltr'><strong>est</strong></span> <span class='ocrx_word' id='word_1_341' title='bbox 1041 2679 1404 2749; x_wconf 88' lang='lat' dir='ltr'><strong>immutatio,</strong></span> <span class='ocrx_word' id='word_1_342' title='bbox 1431 2694 1539 2736; x_wconf 90' lang='lat' dir='ltr'><strong>nec</strong></span> <span class='ocrx_word' id='word_1_343' title='bbox 1572 2680 1862 2736; x_wconf 89' lang='lat' dir='ltr'><strong>momenti</strong></span> <span class='ocrx_word' id='word_1_344' title='bbox 1890 2679 2216 2736; x_wconf 83' lang='lat' dir='ltr'><strong>obumbra-</strong></span> 
     </span>
    </p>
   </div>
   <div class='ocr_carea' id='block_1_46' title="bbox 557 2768 2217 2843">
    <p class='ocr_par' dir='ltr' id='par_1_46' title="bbox 557 2768 2217 2843">
     <span class='ocr_line' id='line_1_46' title="bbox 557 2768 2217 2843; baseline 0 -16"><span class='ocrx_word' id='word_1_345' title='bbox 557 2769 664 2827; x_wconf 91' lang='lat' dir='ltr'><strong>tio.</strong></span> <span class='ocrx_word' id='word_1_346' title='bbox 696 2773 898 2843; x_wconf 83' lang='lat' dir='ltr'><strong>Neque</strong></span> <span class='ocrx_word' id='word_1_347' title='bbox 929 2768 1092 2826; x_wconf 90' lang='lat' dir='ltr'><strong>enim</strong></span> <span class='ocrx_word' id='word_1_348' title='bbox 1125 2769 1176 2825; x_wconf 92' lang='lat' dir='ltr'><strong>ei</strong></span> <span class='ocrx_word' id='word_1_349' title='bbox 1206 2769 1456 2825; x_wconf 90' lang='lat' dir='ltr'><strong>intentio</strong></span> <span class='ocrx_word' id='word_1_350' title='bbox 1491 2769 1566 2824; x_wconf 89' lang='lat' dir='ltr'><strong>de</strong></span> <span class='ocrx_word' id='word_1_351' title='bbox 1599 2769 1957 2840; x_wconf 88' lang='lat' dir='ltr'><strong>cogitatione</strong></span> <span class='ocrx_word' id='word_1_352' title='bbox 2016 2769 2076 2826; x_wconf 92' lang='lat' dir='ltr'><strong>in</strong></span> <span class='ocrx_word' id='word_1_353' title='bbox 2121 2786 2217 2827; x_wconf 86' lang='lat' dir='ltr'><strong>co-</strong></span> 
     </span>
    </p>
   </div>
   <div class='ocr_carea' id='block_1_47' title="bbox 559 2857 2214 2930">
    <p class='ocr_par' dir='ltr' id='par_1_47' title="bbox 559 2857 2214 2930">
     <span class='ocr_line' id='line_1_47' title="bbox 559 2857 2214 2930; baseline 0 -16"><span class='ocrx_word' id='word_1_354' title='bbox 559 2859 912 2930; x_wconf 87' lang='lat' dir='ltr'><strong>gitationem</strong></span> <span class='ocrx_word' id='word_1_355' title='bbox 945 2857 1178 2930; x_wconf 87' lang='lat' dir='ltr'><strong>transit,</strong></span> <span class='ocrx_word' id='word_1_356' title='bbox 1209 2858 1269 2914; x_wconf 92' lang='lat' dir='ltr'><strong>in</strong></span> <span class='ocrx_word' id='word_1_357' title='bbox 1297 2858 1472 2930; x_wconf 90' lang='lat' dir='ltr'><strong>cujus</strong></span> <span class='ocrx_word' id='word_1_358' title='bbox 1496 2857 1851 2930; x_wconf 85' lang='lat' dir='ltr'><strong>incorporeo</strong></span> <span class='ocrx_word' id='word_1_359' title='bbox 1898 2859 2115 2916; x_wconf 88' lang='lat' dir='ltr'><strong>intuitu</strong></span> <span class='ocrx_word' id='word_1_360' title='bbox 2145 2859 2214 2914; x_wconf 87' lang='lat' dir='ltr'><strong>si-</strong></span> 
     </span>
    </p>
   </div>
   <div class='ocr_carea' id='block_1_48' title="bbox 557 2947 2288 3045">
    <p class='ocr_par' dir='ltr' id='par_1_48' title="bbox 557 2947 2288 3045">
     <span class='ocr_line' id='line_1_48' title="bbox 557 2947 2288 3045; baseline 0 -40"><span class='ocrx_word' id='word_1_361' title='bbox 557 2948 688 3005; x_wconf 88' lang='lat' dir='ltr'><strong>mul</strong></span> <span class='ocrx_word' id='word_1_362' title='bbox 706 2948 934 3045; x_wconf 68' lang='lat' dir='ltr'><strong>adsunt</strong></span> <span class='ocrx_word' id='word_1_363' title='bbox 945 2952 1164 3045; x_wconf 78' lang='lat' dir='ltr'><strong>cuncta</strong></span> <span class='ocrx_word' id='word_1_364' title='bbox 1185 2964 1319 3020; x_wconf 85' lang='lat' dir='ltr'><strong>quae</strong></span> <span class='ocrx_word' id='word_1_365' title='bbox 1337 2947 1520 3045; x_wconf 74' lang='lat' dir='ltr'><strong>novit,</strong></span> <span class='ocrx_word' id='word_1_366' title='bbox 1540 2949 1833 3045; x_wconf 83' lang='lat' dir='ltr'><strong>quoniam</strong></span> <span class='ocrx_word' id='word_1_367' title='bbox 1864 2948 2216 3045; x_wconf 81' lang='lat' dir='ltr'><strong>temporalia</strong></span> <span class='ocrx_word' id='word_1_368' title='bbox 2247 2989 2288 3045; x_wconf 66' lang='grc' dir='ltr'>Ο</span> 
     </span>
    </p>
   </div>
   <div class='ocr_carea' id='block_1_49' title="bbox 558 3036 2216 3110">
    <p class='ocr_par' dir='ltr' id='par_1_49' title="bbox 558 3036 2216 3110">
     <span class='ocr_line' id='line_1_49' title="bbox 558 3036 2216 3110; baseline -0.001 -15"><span class='ocrx_word' id='word_1_369' title='bbox 558 3041 779 3109; x_wconf 88' lang='lat' dir='ltr'><strong>movet,</strong></span> <span class='ocrx_word' id='word_1_370' title='bbox 812 3036 993 3094; x_wconf 89' lang='lat' dir='ltr'><strong>nullis</strong></span> <span class='ocrx_word' id='word_1_371' title='bbox 1021 3038 1146 3094; x_wconf 88' lang='lat' dir='ltr'><strong>suis</strong></span> <span class='ocrx_word' id='word_1_372' title='bbox 1175 3037 1609 3110; x_wconf 89' lang='lat' dir='ltr'><strong>temporalibus</strong></span> <span class='ocrx_word' id='word_1_373' title='bbox 1636 3037 1924 3094; x_wconf 86' lang='lat' dir='ltr'><strong>motibus.</strong></span> <span class='ocrx_word' id='word_1_374' title='bbox 1958 3037 2044 3094; x_wconf 91' lang='lat' dir='ltr'><strong>Ibi</strong></span> <span class='ocrx_word' id='word_1_375' title='bbox 2074 3053 2216 3108; x_wconf 86' lang='lat' dir='ltr'><strong>ergo</strong></span> 
     </span>
    </p>
   </div>
   <div class='ocr_carea' id='block_1_50' title="bbox 469 3126 2215 3201">
    <p class='ocr_par' dir='ltr' id='par_1_50' title="bbox 469 3126 2215 3201">
     <span class='ocr_line' id='line_1_50' title="bbox 469 3126 2215 3201; baseline 0 -17"><span class='ocrx_word' id='word_1_376' title='bbox 469 3161 476 3169; x_wconf 88' lang='lat'><strong>-</strong></span> <span class='ocrx_word' id='word_1_377' title='bbox 560 3127 712 3184; x_wconf 85' lang='lat' dir='ltr'><strong>vidit</strong></span> <span class='ocrx_word' id='word_1_378' title='bbox 732 3127 966 3184; x_wconf 91' lang='lat' dir='ltr'><strong>bonum</strong></span> <span class='ocrx_word' id='word_1_379' title='bbox 993 3143 1122 3185; x_wconf 91' lang='lat' dir='ltr'><strong>esse</strong></span> <span class='ocrx_word' id='word_1_380' title='bbox 1151 3127 1318 3201; x_wconf 91' lang='lat' dir='ltr'><strong>quod</strong></span> <span class='ocrx_word' id='word_1_381' title='bbox 1336 3127 1492 3198; x_wconf 82' lang='lat' dir='ltr'><strong>fecit,</strong></span> <span class='ocrx_word' id='word_1_382' title='bbox 1513 3126 1617 3184; x_wconf 92' lang='lat' dir='ltr'><strong>ubi</strong></span> <span class='ocrx_word' id='word_1_383' title='bbox 1642 3127 1875 3184; x_wconf 91' lang='lat' dir='ltr'><strong>bonum</strong></span> <span class='ocrx_word' id='word_1_384' title='bbox 1898 3144 2026 3184; x_wconf 89' lang='lat' dir='ltr'><strong>esse</strong></span> <span class='ocrx_word' id='word_1_385' title='bbox 2047 3128 2215 3198; x_wconf 90' lang='lat' dir='ltr'><strong>vidit,</strong></span> 
     </span>
    </p>
   </div>
   <div class='ocr_carea' id='block_1_51' title="bbox 562 3215 2219 3290">
    <p class='ocr_par' dir='ltr' id='par_1_51' title="bbox 562 3215 2219 3290">
     <span class='ocr_line' id='line_1_51' title="bbox 562 3215 2219 3290; baseline 0 -18"><span class='ocrx_word' id='word_1_386' title='bbox 562 3219 630 3273; x_wconf 89' lang='lat' dir='ltr'><strong>ut</strong></span> <span class='ocrx_word' id='word_1_387' title='bbox 655 3216 896 3286; x_wconf 82' lang='lat' dir='ltr'><strong>faceret,</strong></span> <span class='ocrx_word' id='word_1_388' title='bbox 927 3231 1040 3273; x_wconf 92' lang='lat' dir='ltr'><strong>nec</strong></span> <span class='ocrx_word' id='word_1_389' title='bbox 1065 3217 1211 3290; x_wconf 88' lang='lat' dir='ltr'><strong>quia</strong></span> <span class='ocrx_word' id='word_1_390' title='bbox 1230 3215 1456 3274; x_wconf 89' lang='lat' dir='ltr'><strong>factum</strong></span> <span class='ocrx_word' id='word_1_391' title='bbox 1476 3217 1642 3285; x_wconf 91' lang='lat' dir='ltr'><strong>vidit,</strong></span> <span class='ocrx_word' id='word_1_392' title='bbox 1686 3217 1996 3274; x_wconf 85' lang='lat' dir='ltr'><strong>scientiam</strong></span> <span class='ocrx_word' id='word_1_393' title='bbox 2026 3217 2219 3290; x_wconf 88' lang='lat' dir='ltr'><strong>dupli-</strong></span> 
     </span>
    </p>
   </div>
   <div class='ocr_carea' id='block_1_52' title="bbox 561 3304 2215 3380">
    <p class='ocr_par' dir='ltr' id='par_1_52' title="bbox 561 3304 2215 3380">
     <span class='ocr_line' id='line_1_52' title="bbox 561 3304 2215 3380; baseline -0.001 -16"><span class='ocrx_word' id='word_1_394' title='bbox 561 3306 722 3364; x_wconf 89' lang='lat' dir='ltr'><strong>cavit</strong></span> <span class='ocrx_word' id='word_1_395' title='bbox 743 3305 837 3362; x_wconf 91' lang='lat' dir='ltr'><strong>vel</strong></span> <span class='ocrx_word' id='word_1_396' title='bbox 865 3322 937 3362; x_wconf 85' lang='lat' dir='ltr'><strong>ex</strong></span> <span class='ocrx_word' id='word_1_397' title='bbox 967 3305 1172 3380; x_wconf 88' lang='lat' dir='ltr'><strong>aliqua</strong></span> <span class='ocrx_word' id='word_1_398' title='bbox 1195 3309 1364 3379; x_wconf 89' lang='lat' dir='ltr'><strong>parte</strong></span> <span class='ocrx_word' id='word_1_399' title='bbox 1395 3304 1580 3374; x_wconf 91' lang='lat' dir='ltr'><strong>auxit,</strong></span> <span class='ocrx_word' id='word_1_400' title='bbox 1623 3310 1913 3380; x_wconf 90' lang='lat' dir='ltr'><strong>tanquam</strong></span> <span class='ocrx_word' id='word_1_401' title='bbox 1963 3307 2215 3363; x_wconf 89' lang='lat' dir='ltr'><strong>minoris</strong></span> 
     </span>
    </p>
   </div>
   <div class='ocr_carea' id='block_1_53' title="bbox 563 3394 2213 3468">
    <p class='ocr_par' dir='ltr' id='par_1_53' title="bbox 563 3394 2213 3468">
     <span class='ocr_line' id='line_1_53' title="bbox 563 3394 2213 3468; baseline 0 -18"><span class='ocrx_word' id='word_1_402' title='bbox 563 3394 824 3450; x_wconf 82' lang='lat' dir='ltr'><strong>scientiae</strong></span> <span class='ocrx_word' id='word_1_403' title='bbox 854 3394 1028 3450; x_wconf 88' lang='lat' dir='ltr'><strong>fuerit</strong></span> <span class='ocrx_word' id='word_1_404' title='bbox 1075 3394 1433 3466; x_wconf 88' lang='lat' dir='ltr'><strong>priusquam</strong></span> <span class='ocrx_word' id='word_1_405' title='bbox 1475 3394 1696 3452; x_wconf 88' lang='lat' dir='ltr'><strong>faceret</strong></span> <span class='ocrx_word' id='word_1_406' title='bbox 1746 3395 1913 3468; x_wconf 91' lang='lat' dir='ltr'><strong>quod</strong></span> <span class='ocrx_word' id='word_1_407' title='bbox 1968 3395 2213 3465; x_wconf 88' lang='lat' dir='ltr'><strong>videret,</strong></span> 
     </span>
    </p>
   </div>
   <div class='ocr_carea' id='block_1_54' title="bbox 559 3481 2216 3558">
    <p class='ocr_par' dir='ltr' id='par_1_54' title="bbox 559 3481 2216 3558">
     <span class='ocr_line' id='line_1_54' title="bbox 559 3481 2216 3558; baseline 0.003 -20"><span class='ocrx_word' id='word_1_408' title='bbox 559 3483 668 3555; x_wconf 90' lang='lat' dir='ltr'><strong>qui</strong></span> <span class='ocrx_word' id='word_1_409' title='bbox 693 3487 815 3538; x_wconf 90' lang='lat' dir='ltr'><strong>tam</strong></span> <span class='ocrx_word' id='word_1_410' title='bbox 838 3481 1095 3555; x_wconf 83' lang='lat' dir='ltr'><strong>perfecte</strong></span> <span class='ocrx_word' id='word_1_411' title='bbox 1115 3497 1240 3538; x_wconf 89' lang='lat' dir='ltr'><strong>non</strong></span> <span class='ocrx_word' id='word_1_412' title='bbox 1265 3487 1632 3554; x_wconf 89' lang='lat' dir='ltr'><strong>operaretur,</strong></span> <span class='ocrx_word' id='word_1_413' title='bbox 1663 3483 1776 3539; x_wconf 88' lang='lat' dir='ltr'><strong>nisi</strong></span> <span class='ocrx_word' id='word_1_414' title='bbox 1808 3488 1931 3540; x_wconf 88' lang='lat' dir='ltr'><strong>tam</strong></span> <span class='ocrx_word' id='word_1_415' title='bbox 1951 3483 2216 3558; x_wconf 87' lang='lat' dir='ltr'><strong>perfecta</strong></span> 
     </span>
    </p>
   </div>
   <div class='ocr_carea' id='block_1_55' title="bbox 561 3568 2214 3643">
    <p class='ocr_par' dir='ltr' id='par_1_55' title="bbox 561 3568 2214 3643">
     <span class='ocr_line' id='line_1_55' title="bbox 561 3568 2214 3643; baseline 0.004 -18"><span class='ocrx_word' id='word_1_416' title='bbox 561 3569 808 3626; x_wconf 89' lang='lat' dir='ltr'><strong>scientia</strong></span> <span class='ocrx_word' id='word_1_417' title='bbox 835 3568 930 3625; x_wconf 91' lang='lat' dir='ltr'><strong>cui</strong></span> <span class='ocrx_word' id='word_1_418' title='bbox 958 3569 1105 3625; x_wconf 90' lang='lat' dir='ltr'><strong>nihil</strong></span> <span class='ocrx_word' id='word_1_419' title='bbox 1135 3585 1208 3625; x_wconf 90' lang='lat' dir='ltr'><strong>ex</strong></span> <span class='ocrx_word' id='word_1_420' title='bbox 1256 3571 1385 3641; x_wconf 88' lang='lat' dir='ltr'><strong>ejus</strong></span> <span class='ocrx_word' id='word_1_421' title='bbox 1415 3571 1699 3643; x_wconf 86' lang='lat' dir='ltr'><strong>operibus</strong></span> <span class='ocrx_word' id='word_1_422' title='bbox 1732 3571 2072 3630; x_wconf 87' lang='lat' dir='ltr'><strong>adderetur.</strong></span> <span class='ocrx_word' id='word_1_423' title='bbox 2107 3577 2214 3631; x_wconf 73' lang='lat' dir='ltr'><strong>Nc-</strong></span> 
     </span>
    </p>
   </div>
   <div class='ocr_carea' id='block_1_56' title="bbox 559 3655 2210 3736">
    <p class='ocr_par' dir='ltr' id='par_1_56' title="bbox 559 3655 2210 3736">
     <span class='ocr_line' id='line_1_56' title="bbox 559 3655 2210 3736; baseline 0.007 -27"><span class='ocrx_word' id='word_1_424' title='bbox 559 3671 680 3727; x_wconf 87' lang='lat' dir='ltr'><strong>que</strong></span> <span class='ocrx_word' id='word_1_425' title='bbox 710 3655 869 3712; x_wconf 89' lang='lat' dir='ltr'><strong>enim</strong></span> <span class='ocrx_word' id='word_1_426' title='bbox 923 3655 1076 3714; x_wconf 90' lang='lat' dir='ltr'><strong>sicut</strong></span> <span class='ocrx_word' id='word_1_427' title='bbox 1105 3657 1439 3728; x_wconf 86' lang='lat' dir='ltr'><strong>hominem,</strong></span> <span class='ocrx_word' id='word_1_428' title='bbox 1500 3659 1580 3714; x_wconf 88' lang='lat' dir='ltr'><strong>ita</strong></span> <span class='ocrx_word' id='word_1_429' title='bbox 1628 3662 1816 3716; x_wconf 91' lang='lat' dir='ltr'><strong>Deum</strong></span> <span class='ocrx_word' id='word_1_430' title='bbox 1847 3661 2210 3736; x_wconf 88' lang='lat' dir='ltr'><strong>cujusquam</strong></span> 
     </span>
    </p>
   </div>
   <div class='ocr_carea' id='block_1_57' title="bbox 558 3743 2216 3820">
    <p class='ocr_par' dir='ltr' id='par_1_57' title="bbox 558 3743 2216 3820">
     <span class='ocr_line' id='line_1_57' title="bbox 558 3743 2216 3820; baseline 0.006 -20"><span class='ocrx_word' id='word_1_431' title='bbox 558 3743 701 3800; x_wconf 87' lang='lat' dir='ltr'><strong>facti</strong></span> <span class='ocrx_word' id='word_1_432' title='bbox 723 3744 816 3801; x_wconf 90' lang='lat' dir='ltr'><strong>sui</strong></span> <span class='ocrx_word' id='word_1_433' title='bbox 844 3745 1109 3819; x_wconf 77' lang='lat' dir='ltr'><strong>poenitet,</strong></span> <span class='ocrx_word' id='word_1_434' title='bbox 1169 3747 1340 3820; x_wconf 89' lang='lat' dir='ltr'><strong>cujus</strong></span> <span class='ocrx_word' id='word_1_435' title='bbox 1369 3748 1443 3804; x_wconf 92' lang='lat' dir='ltr'><strong>dc</strong></span> <span class='ocrx_word' id='word_1_436' title='bbox 1502 3749 1785 3806; x_wconf 87' lang='lat' dir='ltr'><strong>omnibus</strong></span> <span class='ocrx_word' id='word_1_437' title='bbox 1837 3751 2084 3808; x_wconf 91' lang='lat' dir='ltr'><strong>omnino</strong></span> <span class='ocrx_word' id='word_1_438' title='bbox 2130 3769 2216 3810; x_wconf 91' lang='lat' dir='ltr'><strong>rc-</strong></span> 
     </span>
    </p>
   </div>
   <div class='ocr_carea' id='block_1_58' title="bbox 558 3832 2213 3913">
    <p class='ocr_par' dir='ltr' id='par_1_58' title="bbox 558 3832 2213 3913">
     <span class='ocr_line' id='line_1_58' title="bbox 558 3832 2213 3913; baseline 0.005 -23"><span class='ocrx_word' id='word_1_439' title='bbox 558 3832 676 3890; x_wconf 88' lang='lat' dir='ltr'><strong>bus</strong></span> <span class='ocrx_word' id='word_1_440' title='bbox 737 3839 859 3891; x_wconf 89' lang='lat' dir='ltr'><strong>tam</strong></span> <span class='ocrx_word' id='word_1_441' title='bbox 917 3839 1004 3893; x_wconf 88' lang='lat' dir='ltr'><strong>est</strong></span> <span class='ocrx_word' id='word_1_442' title='bbox 1052 3835 1171 3893; x_wconf 83' lang='lat' dir='ltr'><strong>ﬁxa</strong></span> <span class='ocrx_word' id='word_1_443' title='bbox 1226 3836 1519 3894; x_wconf 86' lang='lat' dir='ltr'><strong>sententia</strong></span> <span class='ocrx_word' id='word_1_444' title='bbox 1588 3855 1772 3911; x_wconf 88' lang='lat' dir='ltr'><strong>quam</strong></span> <span class='ocrx_word' id='word_1_445' title='bbox 1833 3845 1990 3898; x_wconf 88' lang='lat' dir='ltr'><strong>certa</strong></span> <span class='ocrx_word' id='word_1_446' title='bbox 2067 3859 2213 3913; x_wconf 66' lang='lat' dir='ltr'><strong>praz~</strong></span> 
     </span>
    </p>
   </div>
   <div class='ocr_carea' id='block_1_59' title="bbox 547 3922 822 3981">
    <p class='ocr_par' dir='ltr' id='par_1_59' title="bbox 547 3922 822 3981">
     <span class='ocr_line' id='line_1_59' title="bbox 547 3922 822 3981; baseline 0.011 -3"><span class='ocrx_word' id='word_1_447' title='bbox 547 3922 822 3981; x_wconf 81' lang='lat' dir='ltr'><strong>scientia.</strong></span> 
     </span>
    </p>
   </div>
   <div class='ocr_carea' id='block_1_60' title="bbox 629 4013 2210 4093">
    <p class='ocr_par' dir='ltr' id='par_1_60' title="bbox 629 4013 2210 4093">
     <span class='ocr_line' id='line_1_60' title="bbox 629 4013 2210 4093; baseline 0.006 -25"><span class='ocrx_word' id='word_1_448' title='bbox 629 4013 946 4078; x_wconf 88' lang='lat' dir='ltr'><strong>Quomodo</strong></span> <span class='ocrx_word' id='word_1_449' title='bbox 973 4029 1113 4086; x_wconf 88' lang='lat' dir='ltr'><strong>ergo</strong></span> <span class='ocrx_word' id='word_1_450' title='bbox 1159 4016 1442 4088; x_wconf 81' lang='lat' dir='ltr'><strong>poeniteat</strong></span> <span class='ocrx_word' id='word_1_451' title='bbox 1470 4016 1697 4091; x_wconf 87' lang='lat' dir='ltr'><strong>aliquid</strong></span> <span class='ocrx_word' id='word_1_452' title='bbox 1728 4019 2048 4076; x_wconf 91' lang='lat' dir='ltr'><strong>Dominum</strong></span> <span class='ocrx_word' id='word_1_453' title='bbox 2081 4024 2210 4093; x_wconf 73' lang='lat' dir='ltr'><strong>(Au-</strong></span> 
     </span>
    </p>
   </div>
   <div class='ocr_carea' id='block_1_61' title="bbox 554 4103 2208 4182">
    <p class='ocr_par' dir='ltr' id='par_1_61' title="bbox 554 4103 2208 4182">
     <span class='ocr_line' id='line_1_61' title="bbox 554 4103 2208 4182; baseline 0.007 -27"><span class='ocrx_word' id='word_1_454' title='bbox 554 4106 710 4172; x_wconf 89' lang='lat' dir='ltr'><strong>gust.</strong></span> <span class='ocrx_word' id='word_1_455' title='bbox 735 4105 813 4158; x_wconf 87' lang='lat' dir='ltr'><strong>ad</strong></span> <span class='ocrx_word' id='word_1_456' title='bbox 841 4103 1435 4176; x_wconf 87' lang='lat' dir='ltr'><strong>Simplicianum,lib.</strong></span> <span class='ocrx_word' id='word_1_457' title='bbox 1471 4123 1529 4175; x_wconf 84' lang='lat' dir='ltr'><strong>u,</strong></span> <span class='ocrx_word' id='word_1_458' title='bbox 1558 4112 1754 4179; x_wconf 70' lang='lat' dir='ltr'><strong>quaest</strong></span> <span class='ocrx_word' id='word_1_459' title='bbox 1780 4113 1832 4176; x_wconf 77' lang='lat'><strong>2,</strong></span> <span class='ocrx_word' id='word_1_460' title='bbox 1859 4125 1966 4182; x_wconf 88' lang='lat' dir='ltr'><strong>per</strong></span> <span class='ocrx_word' id='word_1_461' title='bbox 1995 4113 2208 4178; x_wconf 91' lang='lat' dir='ltr'><strong>totum)</strong></span> 
     </span>
    </p>
   </div>
   <div class='ocr_carea' id='block_1_62' title="bbox 553 4191 2206 4265">
    <p class='ocr_par' dir='ltr' id='par_1_62' title="bbox 553 4191 2206 4265">
     <span class='ocr_line' id='line_1_62' title="bbox 553 4191 2206 4265; baseline 0.007 -20"><span class='ocrx_word' id='word_1_462' title='bbox 553 4191 615 4245; x_wconf 89' lang='lat' dir='ltr'><strong>in</strong></span> <span class='ocrx_word' id='word_1_463' title='bbox 638 4206 760 4264; x_wconf 91' lang='lat' dir='ltr'><strong>quo</strong></span> <span class='ocrx_word' id='word_1_464' title='bbox 795 4196 885 4247; x_wconf 89' lang='lat' dir='ltr'><strong>est</strong></span> <span class='ocrx_word' id='word_1_465' title='bbox 912 4195 1107 4250; x_wconf 88' lang='lat' dir='ltr'><strong>omnis</strong></span> <span class='ocrx_word' id='word_1_466' title='bbox 1137 4194 1510 4265; x_wconf 73' lang='lat' dir='ltr'><strong>przescientia</strong></span> <span class='ocrx_word' id='word_1_467' title='bbox 1532 4196 1559 4250; x_wconf 89' lang='lat'><strong>?</strong></span> <span class='ocrx_word' id='word_1_468' title='bbox 1592 4199 1705 4252; x_wconf 81' lang='lat' dir='ltr'><strong>Nos</strong></span> <span class='ocrx_word' id='word_1_469' title='bbox 1753 4212 1892 4253; x_wconf 88' lang='lat' dir='ltr'><strong>vero</strong></span> <span class='ocrx_word' id='word_1_470' title='bbox 1924 4214 2062 4254; x_wconf 86' lang='lat' dir='ltr'><strong>cum</strong></span> <span class='ocrx_word' id='word_1_471' title='bbox 2091 4199 2206 4256; x_wconf 90' lang='lat' dir='ltr'><strong>hoc</strong></span> 
     </span>
    </p>
   </div>
   <div class='ocr_carea' id='block_1_63' title="bbox 554 4278 2205 4358">
    <p class='ocr_par' dir='ltr' id='par_1_63' title="bbox 554 4278 2205 4358">
     <span class='ocr_line' id='line_1_63' title="bbox 554 4278 2205 4358; baseline 0.005 -22"><span class='ocrx_word' id='word_1_472' title='bbox 554 4278 629 4336; x_wconf 87' lang='lat' dir='ltr'><strong>de</strong></span> <span class='ocrx_word' id='word_1_473' title='bbox 656 4281 774 4335; x_wconf 87' lang='lat' dir='ltr'><strong>Deo</strong></span> <span class='ocrx_word' id='word_1_474' title='bbox 799 4281 860 4336; x_wconf 85' lang='lat' dir='ltr'><strong>in</strong></span> <span class='ocrx_word' id='word_1_475' title='bbox 892 4281 1106 4338; x_wconf 88' lang='lat' dir='ltr'><strong>divinis</strong></span> <span class='ocrx_word' id='word_1_476' title='bbox 1128 4283 1442 4355; x_wconf 89' lang='lat' dir='ltr'><strong>Scripturis</strong></span> <span class='ocrx_word' id='word_1_477' title='bbox 1471 4284 1751 4340; x_wconf 87' lang='lat' dir='ltr'><strong>addimus</strong></span> <span class='ocrx_word' id='word_1_478' title='bbox 1774 4285 2092 4358; x_wconf 83' lang='lat' dir='ltr'><strong>indignum</strong></span> <span class='ocrx_word' id='word_1_479' title='bbox 2117 4305 2205 4345; x_wconf 84' lang='lat' dir='ltr'><strong>ar-</strong></span> 
     </span>
    </p>
   </div>
   <div class='ocr_carea' id='block_1_64' title="bbox 552 4365 2207 4439">
    <p class='ocr_par' dir='ltr' id='par_1_64' title="bbox 552 4365 2207 4439">
     <span class='ocr_line' id='line_1_64' title="bbox 552 4365 2207 4439; baseline 0.008 -18"><span class='ocrx_word' id='word_1_480' title='bbox 552 4365 846 4424; x_wconf 85' lang='lat' dir='ltr'><strong>bitramur</strong></span> <span class='ocrx_word' id='word_1_481' title='bbox 875 4369 988 4425; x_wconf 91' lang='lat' dir='ltr'><strong>hoc</strong></span> <span class='ocrx_word' id='word_1_482' title='bbox 1015 4370 1087 4425; x_wconf 92' lang='lat' dir='ltr'><strong>de</strong></span> <span class='ocrx_word' id='word_1_483' title='bbox 1116 4370 1216 4426; x_wconf 90' lang='lat' dir='ltr'><strong>illo</strong></span> <span class='ocrx_word' id='word_1_484' title='bbox 1259 4371 1504 4439; x_wconf 85' lang='lat' dir='ltr'><strong>sentire;</strong></span> <span class='ocrx_word' id='word_1_485' title='bbox 1573 4373 1677 4428; x_wconf 89' lang='lat' dir='ltr'><strong>scd</strong></span> <span class='ocrx_word' id='word_1_486' title='bbox 1735 4389 1979 4431; x_wconf 90' lang='lat' dir='ltr'><strong>necesse</strong></span> <span class='ocrx_word' id='word_1_487' title='bbox 2029 4381 2115 4433; x_wconf 89' lang='lat' dir='ltr'><strong>est</strong></span> <span class='ocrx_word' id='word_1_488' title='bbox 2147 4382 2207 4434; x_wconf 89' lang='lat' dir='ltr'><strong>ut</strong></span> 
     </span>
    </p>
   </div>
   <div class='ocr_carea' id='block_1_65' title="bbox 551 4455 2208 4534">
    <p class='ocr_par' dir='ltr' id='par_1_65' title="bbox 551 4455 2208 4534">
     <span class='ocr_line' id='line_1_65' title="bbox 551 4455 2208 4534; baseline 0.006 -22"><span class='ocrx_word' id='word_1_489' title='bbox 551 4455 779 4529; x_wconf 89' lang='lat' dir='ltr'><strong>aliquid</strong></span> <span class='ocrx_word' id='word_1_490' title='bbox 800 4457 1032 4515; x_wconf 89' lang='lat' dir='ltr'><strong>dicatur</strong></span> <span class='ocrx_word' id='word_1_491' title='bbox 1054 4474 1161 4531; x_wconf 89' lang='lat' dir='ltr'><strong>per</strong></span> <span class='ocrx_word' id='word_1_492' title='bbox 1177 4457 1344 4532; x_wconf 93' lang='lat' dir='ltr'><strong>quod</strong></span> <span class='ocrx_word' id='word_1_493' title='bbox 1364 4459 1480 4516; x_wconf 88' lang='lat' dir='ltr'><strong>hoc</strong></span> <span class='ocrx_word' id='word_1_494' title='bbox 1507 4459 1709 4534; x_wconf 91' lang='lat' dir='ltr'><strong>aliquo</strong></span> <span class='ocrx_word' id='word_1_495' title='bbox 1728 4463 1912 4520; x_wconf 92' lang='lat' dir='ltr'><strong>modo</strong></span> <span class='ocrx_word' id='word_1_496' title='bbox 1929 4464 2208 4522; x_wconf 86' lang='lat' dir='ltr'><strong>demons-</strong></span> 
     </span>
    </p>
   </div>
   <div class='ocr_carea' id='block_1_66' title="bbox 551 4546 2207 4623">
    <p class='ocr_par' dir='ltr' id='par_1_66' title="bbox 551 4546 2207 4623">
     <span class='ocr_line' id='line_1_66' title="bbox 551 4546 2207 4623; baseline 0.007 -22"><span class='ocrx_word' id='word_1_497' title='bbox 551 4549 752 4604; x_wconf 89' lang='lat' dir='ltr'><strong>trctur.</strong></span> <span class='ocrx_word' id='word_1_498' title='bbox 786 4549 933 4604; x_wconf 88' lang='lat' dir='ltr'><strong>Cum</strong></span> <span class='ocrx_word' id='word_1_499' title='bbox 983 4563 1123 4603; x_wconf 89' lang='lat' dir='ltr'><strong>vero</strong></span> <span class='ocrx_word' id='word_1_500' title='bbox 1178 4546 1362 4606; x_wconf 81' lang='lat' dir='ltr'><strong>verba</strong></span> <span class='ocrx_word' id='word_1_501' title='bbox 1391 4549 1621 4621; x_wconf 85' lang='lat' dir='ltr'><strong>omnia,</strong></span> <span class='ocrx_word' id='word_1_502' title='bbox 1675 4551 1897 4623; x_wconf 84' lang='lat' dir='ltr'><strong>quibus</strong></span> <span class='ocrx_word' id='word_1_503' title='bbox 1936 4553 2207 4613; x_wconf 90' lang='lat' dir='ltr'><strong>humana</strong></span> 
     </span>
    </p>
   </div>
   <div class='ocr_carea' id='block_1_67' title="bbox 547 4636 2205 4713">
    <p class='ocr_par' dir='ltr' id='par_1_67' title="bbox 547 4636 2205 4713">
     <span class='ocr_line' id='line_1_67' title="bbox 547 4636 2205 4713; baseline 0.007 -21"><span class='ocrx_word' id='word_1_504' title='bbox 547 4636 847 4710; x_wconf 86' lang='lat' dir='ltr'><strong>colloquia</strong></span> <span class='ocrx_word' id='word_1_505' title='bbox 878 4642 1291 4710; x_wconf 88' lang='lat' dir='ltr'><strong>conseruntur,</strong></span> <span class='ocrx_word' id='word_1_506' title='bbox 1324 4639 1480 4695; x_wconf 88' lang='lat' dir='ltr'><strong>illius</strong></span> <span class='ocrx_word' id='word_1_507' title='bbox 1527 4641 1890 4713; x_wconf 87' lang='lat' dir='ltr'><strong>sempiterna</strong></span> <span class='ocrx_word' id='word_1_508' title='bbox 1937 4644 2122 4701; x_wconf 83' lang='lat' dir='ltr'><strong>virtus</strong></span> <span class='ocrx_word' id='word_1_509' title='bbox 2149 4650 2205 4704; x_wconf 89' lang='lat' dir='ltr'><strong>et</strong></span> 
     </span>
    </p>
   </div>
   <div class='ocr_carea' id='block_1_68' title="bbox 548 4725 2200 4802">
    <p class='ocr_par' dir='ltr' id='par_1_68' title="bbox 548 4725 2200 4802">
     <span class='ocr_line' id='line_1_68' title="bbox 548 4725 2200 4802; baseline 0.006 -20"><span class='ocrx_word' id='word_1_510' title='bbox 548 4725 829 4783; x_wconf 89' lang='lat' dir='ltr'><strong>divinitas</strong></span> <span class='ocrx_word' id='word_1_511' title='bbox 858 4727 1207 4784; x_wconf 87' lang='lat' dir='ltr'><strong>mirabiliter</strong></span> <span class='ocrx_word' id='word_1_512' title='bbox 1236 4733 1416 4802; x_wconf 88' lang='lat' dir='ltr'><strong>atque</strong></span> <span class='ocrx_word' id='word_1_513' title='bbox 1465 4729 1880 4789; x_wconf 87' lang='lat' dir='ltr'><strong>incunctanter</strong></span> <span class='ocrx_word' id='word_1_514' title='bbox 1931 4735 2200 4801; x_wconf 84' lang='lat' dir='ltr'><strong>excedat,</strong></span> 
     </span>
    </p>
   </div>
   <div class='ocr_carea' id='block_1_69' title="bbox 545 4815 2201 4895">
    <p class='ocr_par' dir='ltr' id='par_1_69' title="bbox 545 4815 2201 4895">
     <span class='ocr_line' id='line_1_69' title="bbox 545 4815 2201 4895; baseline 0.007 -26"><span class='ocrx_word' id='word_1_515' title='bbox 545 4815 844 4886; x_wconf 90' lang='lat' dir='ltr'><strong>quidquid</strong></span> <span class='ocrx_word' id='word_1_516' title='bbox 864 4815 938 4871; x_wconf 92' lang='lat' dir='ltr'><strong>dc</strong></span> <span class='ocrx_word' id='word_1_517' title='bbox 971 4815 1068 4872; x_wconf 91' lang='lat' dir='ltr'><strong>illo</strong></span> <span class='ocrx_word' id='word_1_518' title='bbox 1106 4817 1458 4874; x_wconf 89' lang='lat' dir='ltr'><strong>humanitus</strong></span> <span class='ocrx_word' id='word_1_519' title='bbox 1507 4818 1738 4893; x_wconf 88' lang='lat' dir='ltr'><strong>dicitur,</strong></span> <span class='ocrx_word' id='word_1_520' title='bbox 1793 4822 1962 4895; x_wconf 89' lang='lat' dir='ltr'><strong>quod</strong></span> <span class='ocrx_word' id='word_1_521' title='bbox 2021 4824 2201 4881; x_wconf 88' lang='lat' dir='ltr'><strong>etiam</strong></span> 
     </span>
    </p>
   </div>
   <div class='ocr_carea' id='block_1_70' title="bbox 543 4901 2198 4983">
    <p class='ocr_par' dir='ltr' id='par_1_70' title="bbox 543 4901 2198 4983">
     <span class='ocr_line' id='line_1_70' title="bbox 543 4901 2198 4983; baseline 0.008 -25"><span class='ocrx_word' id='word_1_522' title='bbox 543 4901 892 4959; x_wconf 85' lang='lat' dir='ltr'><strong>hominibus</strong></span> <span class='ocrx_word' id='word_1_523' title='bbox 918 4905 1294 4976; x_wconf 85' lang='lat' dir='ltr'><strong>aspernabile</strong></span> <span class='ocrx_word' id='word_1_524' title='bbox 1325 4907 1600 4964; x_wconf 87' lang='lat' dir='ltr'><strong>videatur</strong></span> <span class='ocrx_word' id='word_1_525' title='bbox 1628 4909 1762 4983; x_wconf 89' lang='lat' dir='ltr'><strong>ipsa</strong></span> <span class='ocrx_word' id='word_1_526' title='bbox 1788 4909 2063 4970; x_wconf 89' lang='lat' dir='ltr'><strong>humana</strong></span> <span class='ocrx_word' id='word_1_527' title='bbox 2091 4913 2198 4970; x_wconf 85' lang='lat' dir='ltr'><strong>ad-</strong></span> 
     </span>
    </p>
   </div>
   <div class='ocr_carea' id='block_1_71' title="bbox 545 4991 2198 5072">
    <p class='ocr_par' dir='ltr' id='par_1_71' title="bbox 545 4991 2198 5072">
     <span class='ocr_line' id='line_1_71' title="bbox 545 4991 2198 5072; baseline 0.008 -26"><span class='ocrx_word' id='word_1_528' title='bbox 545 4995 824 5048; x_wconf 84' lang='lat' dir='ltr'><strong>monetur</strong></span> <span class='ocrx_word' id='word_1_529' title='bbox 847 4991 1181 5064; x_wconf 83' lang='lat' dir='ltr'><strong>inﬁrmitas,</strong></span> <span class='ocrx_word' id='word_1_530' title='bbox 1210 4997 1388 5055; x_wconf 88' lang='lat' dir='ltr'><strong>etiam</strong></span> <span class='ocrx_word' id='word_1_531' title='bbox 1418 4996 1519 5054; x_wconf 90' lang='lat' dir='ltr'><strong>illa</strong></span> <span class='ocrx_word' id='word_1_532' title='bbox 1546 5015 1685 5072; x_wconf 81' lang='lat' dir='ltr'><strong>quae</strong></span> <span class='ocrx_word' id='word_1_533' title='bbox 1707 5006 2107 5072; x_wconf 88' lang='lat' dir='ltr'><strong>congruenter</strong></span> <span class='ocrx_word' id='word_1_534' title='bbox 2136 5003 2198 5060; x_wconf 91' lang='lat' dir='ltr'><strong>in</strong></span> 
     </span>
    </p>
   </div>
   <div class='ocr_carea' id='block_1_72' title="bbox 545 5079 2197 5160">
    <p class='ocr_par' dir='ltr' id='par_1_72' title="bbox 545 5079 2197 5160">
     <span class='ocr_line' id='line_1_72' title="bbox 545 5079 2197 5160; baseline 0.008 -25"><span class='ocrx_word' id='word_1_535' title='bbox 545 5079 858 5153; x_wconf 89' lang='lat' dir='ltr'><strong>Scripturis</strong></span> <span class='ocrx_word' id='word_1_536' title='bbox 891 5083 1114 5140; x_wconf 88' lang='lat' dir='ltr'><strong>sanctis</strong></span> <span class='ocrx_word' id='word_1_537' title='bbox 1141 5084 1216 5142; x_wconf 89' lang='lat' dir='ltr'><strong>de</strong></span> <span class='ocrx_word' id='word_1_538' title='bbox 1240 5086 1359 5144; x_wconf 91' lang='lat' dir='ltr'><strong>Deo</strong></span> <span class='ocrx_word' id='word_1_539' title='bbox 1379 5086 1539 5146; x_wconf 84' lang='lat' dir='ltr'><strong>dicta</strong></span> <span class='ocrx_word' id='word_1_540' title='bbox 1570 5089 1889 5160; x_wconf 82' lang='lat' dir='ltr'><strong>existimat,</strong></span> <span class='ocrx_word' id='word_1_541' title='bbox 1913 5091 2197 5148; x_wconf 69' lang='lat' dir='ltr'><strong>humanee</strong></span> 
     </span>
    </p>
   </div>
   <div class='ocr_carea' id='block_1_73' title="bbox 543 5169 2192 5249">
    <p class='ocr_par' dir='ltr' id='par_1_73' title="bbox 543 5169 2192 5249">
     <span class='ocr_line' id='line_1_73' title="bbox 543 5169 2192 5249; baseline 0.009 -25"><span class='ocrx_word' id='word_1_542' title='bbox 543 5169 857 5243; x_wconf 88' lang='lat' dir='ltr'><strong>capacitati</strong></span> <span class='ocrx_word' id='word_1_543' title='bbox 896 5173 1132 5246; x_wconf 87' lang='lat' dir='ltr'><strong>aptiora</strong></span> <span class='ocrx_word' id='word_1_544' title='bbox 1176 5191 1308 5233; x_wconf 90' lang='lat' dir='ltr'><strong>esse</strong></span> <span class='ocrx_word' id='word_1_545' title='bbox 1337 5193 1525 5249; x_wconf 90' lang='lat' dir='ltr'><strong>quam</strong></span> <span class='ocrx_word' id='word_1_546' title='bbox 1553 5177 1772 5234; x_wconf 74' lang='lat' dir='ltr'><strong>divinae</strong></span> <span class='ocrx_word' id='word_1_547' title='bbox 1825 5177 2192 5238; x_wconf 88' lang='lat' dir='ltr'><strong>sublimitati.</strong></span> 
     </span>
    </p>
   </div>
   <div class='ocr_carea' id='block_1_74' title="bbox 542 5260 2196 5337">
    <p class='ocr_par' dir='ltr' id='par_1_74' title="bbox 542 5260 2196 5337">
     <span class='ocr_line' id='line_1_74' title="bbox 542 5260 2196 5337; baseline 0.007 -23"><span class='ocrx_word' id='word_1_548' title='bbox 542 5263 622 5315; x_wconf 84' lang='lat' dir='ltr'><strong>Ac</strong></span> <span class='ocrx_word' id='word_1_549' title='bbox 651 5275 758 5334; x_wconf 90' lang='lat' dir='ltr'><strong>per</strong></span> <span class='ocrx_word' id='word_1_550' title='bbox 785 5260 900 5318; x_wconf 92' lang='lat' dir='ltr'><strong>hoc</strong></span> <span class='ocrx_word' id='word_1_551' title='bbox 929 5262 1110 5320; x_wconf 90' lang='lat' dir='ltr'><strong>etiam</strong></span> <span class='ocrx_word' id='word_1_552' title='bbox 1143 5264 1276 5337; x_wconf 90' lang='lat' dir='ltr'><strong>ipsa</strong></span> <span class='ocrx_word' id='word_1_553' title='bbox 1305 5280 1435 5320; x_wconf 89' lang='lat' dir='ltr'><strong>esse</strong></span> <span class='ocrx_word' id='word_1_554' title='bbox 1462 5263 1946 5322; x_wconf 89' lang='lat' dir='ltr'><strong>transcendenda</strong></span> <span class='ocrx_word' id='word_1_555' title='bbox 1987 5271 2076 5323; x_wconf 90' lang='lat' dir='ltr'><strong>est</strong></span> <span class='ocrx_word' id='word_1_556' title='bbox 2104 5285 2196 5326; x_wconf 89' lang='lat' dir='ltr'><strong>sa-</strong></span> 
     </span>
    </p>
   </div>
   <div class='ocr_carea' id='block_1_75' title="bbox 539 5347 2195 5424">
    <p class='ocr_par' dir='ltr' id='par_1_75' title="bbox 539 5347 2195 5424">
     <span class='ocr_line' id='line_1_75' title="bbox 539 5347 2195 5424; baseline 0.007 -22"><span class='ocrx_word' id='word_1_557' title='bbox 539 5347 672 5404; x_wconf 91' lang='lat' dir='ltr'><strong>nior</strong></span> <span class='ocrx_word' id='word_1_558' title='bbox 687 5348 1017 5408; x_wconf 90' lang='lat' dir='ltr'><strong>intellectus</strong></span> <span class='ocrx_word' id='word_1_559' title='bbox 1043 5351 1174 5422; x_wconf 90' lang='lat' dir='ltr'><strong>[al.,</strong></span> <span class='ocrx_word' id='word_1_560' title='bbox 1199 5352 1435 5410; x_wconf 89' lang='lat' dir='ltr'><strong>saniore</strong></span> <span class='ocrx_word' id='word_1_561' title='bbox 1467 5351 1828 5424; x_wconf 89' lang='lat' dir='ltr'><strong>intellectu];</strong></span> <span class='ocrx_word' id='word_1_562' title='bbox 1872 5353 2023 5412; x_wconf 92' lang='lat' dir='ltr'><strong>sicut</strong></span> <span class='ocrx_word' id='word_1_563' title='bbox 2077 5355 2195 5416; x_wconf 90' lang='lat' dir='ltr'><strong>ista</strong></span> 
     </span>
    </p>
   </div>
   <div class='ocr_carea' id='block_1_76' title="bbox 538 5437 2194 5513">
    <p class='ocr_par' dir='ltr' id='par_1_76' title="bbox 538 5437 2194 5513">
     <span class='ocr_line' id='line_1_76' title="bbox 538 5437 2194 5513; baseline 0.006 -20"><span class='ocrx_word' id='word_1_564' title='bbox 538 5437 945 5513; x_wconf 90' lang='lat' dir='ltr'><strong>qualicunque</strong></span> <span class='ocrx_word' id='word_1_565' title='bbox 973 5443 1319 5498; x_wconf 79' lang='lat' dir='ltr'><strong>transcensu</strong></span> <span class='ocrx_word' id='word_1_566' title='bbox 1351 5443 1490 5496; x_wconf 89' lang='lat' dir='ltr'><strong>sunt</strong></span> <span class='ocrx_word' id='word_1_567' title='bbox 1507 5458 1518 5494; x_wconf 89' lang='lat'><strong>:</strong></span> <span class='ocrx_word' id='word_1_568' title='bbox 1535 5440 1674 5512; x_wconf 92' lang='lat' dir='ltr'><strong>quis</strong></span> <span class='ocrx_word' id='word_1_569' title='bbox 1701 5445 1788 5497; x_wconf 87' lang='lat' dir='ltr'><strong>est</strong></span> <span class='ocrx_word' id='word_1_570' title='bbox 1813 5443 1975 5499; x_wconf 91' lang='lat' dir='ltr'><strong>enim</strong></span> <span class='ocrx_word' id='word_1_571' title='bbox 2002 5445 2194 5502; x_wconf 85' lang='lat' dir='ltr'><strong>homi-</strong></span> 
     </span>
    </p>
   </div>
   <div class='ocr_carea' id='block_1_77' title="bbox 537 5528 2190 5604">
    <p class='ocr_par' dir='ltr' id='par_1_77' title="bbox 537 5528 2190 5604">
     <span class='ocr_line' id='line_1_77' title="bbox 537 5528 2190 5604; baseline 0.006 -23"><span class='ocrx_word' id='word_1_572' title='bbox 537 5539 707 5596; x_wconf 87' lang='lat' dir='ltr'><strong>num,</strong></span> <span class='ocrx_word' id='word_1_573' title='bbox 757 5528 853 5583; x_wconf 93' lang='lat' dir='ltr'><strong>cui</strong></span> <span class='ocrx_word' id='word_1_574' title='bbox 879 5543 1005 5584; x_wconf 91' lang='lat' dir='ltr'><strong>non</strong></span> <span class='ocrx_word' id='word_1_575' title='bbox 1027 5532 1302 5586; x_wconf 89' lang='lat' dir='ltr'><strong>occurrat</strong></span> <span class='ocrx_word' id='word_1_576' title='bbox 1331 5528 1391 5584; x_wconf 92' lang='lat' dir='ltr'><strong>in</strong></span> <span class='ocrx_word' id='word_1_577' title='bbox 1424 5531 1543 5586; x_wconf 93' lang='lat' dir='ltr'><strong>Deo</strong></span> <span class='ocrx_word' id='word_1_578' title='bbox 1575 5532 1794 5588; x_wconf 90' lang='lat' dir='ltr'><strong>cuncta</strong></span> <span class='ocrx_word' id='word_1_579' title='bbox 1843 5533 2190 5604; x_wconf 79' lang='lat' dir='ltr'><strong>praesciente</strong></span> 
     </span>
    </p>
   </div>
   <div class='ocr_carea' id='block_1_78' title="bbox 533 5615 2186 5690">
    <p class='ocr_par' dir='ltr' id='par_1_78' title="bbox 533 5615 2186 5690">
     <span class='ocr_line' id='line_1_78' title="bbox 533 5615 2186 5690; baseline 0.006 -18"><span class='ocrx_word' id='word_1_580' title='bbox 533 5615 950 5686; x_wconf 80' lang='lat' dir='ltr'><strong>paenitentiam</strong></span> <span class='ocrx_word' id='word_1_581' title='bbox 979 5631 1107 5675; x_wconf 82' lang='lat' dir='ltr'><strong>esse</strong></span> <span class='ocrx_word' id='word_1_582' title='bbox 1133 5631 1258 5676; x_wconf 89' lang='lat' dir='ltr'><strong>non</strong></span> <span class='ocrx_word' id='word_1_583' title='bbox 1287 5633 1482 5690; x_wconf 89' lang='lat' dir='ltr'><strong>posse.</strong></span> <span class='ocrx_word' id='word_1_584' title='bbox 1541 5621 1606 5676; x_wconf 81' lang='lat' dir='ltr'><strong>Et</strong></span> <span class='ocrx_word' id='word_1_585' title='bbox 1637 5622 1791 5681; x_wconf 82' lang='lat' dir='ltr'><strong>certe</strong></span> <span class='ocrx_word' id='word_1_586' title='bbox 1832 5625 2033 5684; x_wconf 90' lang='lat' dir='ltr'><strong>tamen</strong></span> <span class='ocrx_word' id='word_1_587' title='bbox 2061 5624 2186 5683; x_wconf 80' lang='lat' dir='ltr'><strong>haec</strong></span> 
     </span>
    </p>
   </div>
   <div class='ocr_carea' id='block_1_79' title="bbox 2325 1697 3990 1772">
    <p class='ocr_par' dir='ltr' id='par_1_79' title="bbox 2325 1697 3990 1772">
     <span class='ocr_line' id='line_1_79' title="bbox 2325 1697 3990 1772; baseline 0 -17"><span class='ocrx_word' id='word_1_588' title='bbox 2325 1699 2406 1755; x_wconf 84' lang='lat' dir='ltr'><strong>tia</strong></span> <span class='ocrx_word' id='word_1_589' title='bbox 2433 1697 2549 1755; x_wconf 90' lang='lat' dir='ltr'><strong>dici</strong></span> <span class='ocrx_word' id='word_1_590' title='bbox 2577 1702 2808 1772; x_wconf 86' lang='lat' dir='ltr'><strong>potest:</strong></span> <span class='ocrx_word' id='word_1_591' title='bbox 2843 1698 2891 1755; x_wconf 93' lang='lat' dir='ltr'><strong>si</strong></span> <span class='ocrx_word' id='word_1_592' title='bbox 2920 1701 3144 1768; x_wconf 87' lang='lat' dir='ltr'><strong>autem,</strong></span> <span class='ocrx_word' id='word_1_593' title='bbox 3175 1698 3327 1756; x_wconf 88' lang='lat' dir='ltr'><strong>sicut</strong></span> <span class='ocrx_word' id='word_1_594' title='bbox 3354 1697 3414 1754; x_wconf 93' lang='lat' dir='ltr'><strong>in</strong></span> <span class='ocrx_word' id='word_1_595' title='bbox 3445 1697 3658 1755; x_wconf 88' lang='lat' dir='ltr'><strong>ordine</strong></span> <span class='ocrx_word' id='word_1_596' title='bbox 3687 1703 3990 1772; x_wconf 83' lang='lat' dir='ltr'><strong>tempora-</strong></span> 
     </span>
    </p>
   </div>
   <div class='ocr_carea' id='block_1_80' title="bbox 2324 1787 3989 1862">
    <p class='ocr_par' dir='ltr' id='par_1_80' title="bbox 2324 1787 3989 1862">
     <span class='ocr_line' id='line_1_80' title="bbox 2324 1787 3989 1862; baseline 0.001 -18"><span class='ocrx_word' id='word_1_597' title='bbox 2324 1788 2470 1845; x_wconf 91' lang='lat' dir='ltr'><strong>lium</strong></span> <span class='ocrx_word' id='word_1_598' title='bbox 2501 1792 2929 1858; x_wconf 88' lang='lat' dir='ltr'><strong>creaturarum,</strong></span> <span class='ocrx_word' id='word_1_599' title='bbox 2963 1789 3045 1847; x_wconf 91' lang='lat' dir='ltr'><strong>ita</strong></span> <span class='ocrx_word' id='word_1_600' title='bbox 3075 1792 3132 1846; x_wconf 89' lang='lat' dir='ltr'><strong>et</strong></span> <span class='ocrx_word' id='word_1_601' title='bbox 3150 1787 3316 1862; x_wconf 91' lang='lat' dir='ltr'><strong>apud</strong></span> <span class='ocrx_word' id='word_1_602' title='bbox 3360 1804 3500 1845; x_wconf 90' lang='lat' dir='ltr'><strong>eum</strong></span> <span class='ocrx_word' id='word_1_603' title='bbox 3531 1788 3821 1845; x_wconf 90' lang='lat' dir='ltr'><strong>nondum</strong></span> <span class='ocrx_word' id='word_1_604' title='bbox 3865 1795 3989 1845; x_wconf 87' lang='lat' dir='ltr'><strong>sunt</strong></span> 
     </span>
    </p>
   </div>
   <div class='ocr_carea' id='block_1_81' title="bbox 2326 1877 3990 1951">
    <p class='ocr_par' dir='ltr' id='par_1_81' title="bbox 2326 1877 3990 1951">
     <span class='ocr_line' id='line_1_81' title="bbox 2326 1877 3990 1951; baseline -0.001 -18"><span class='ocrx_word' id='word_1_605' title='bbox 2326 1893 2461 1950; x_wconf 69' lang='lat' dir='ltr'><strong>quae</strong></span> <span class='ocrx_word' id='word_1_606' title='bbox 2493 1877 2692 1935; x_wconf 84' lang='lat' dir='ltr'><strong>futura</strong></span> <span class='ocrx_word' id='word_1_607' title='bbox 2753 1881 2911 1944; x_wconf 90' lang='lat' dir='ltr'><strong>sunt,</strong></span> <span class='ocrx_word' id='word_1_608' title='bbox 2953 1877 3061 1936; x_wconf 89' lang='lat' dir='ltr'><strong>sed</strong></span> <span class='ocrx_word' id='word_1_609' title='bbox 3118 1893 3191 1935; x_wconf 89' lang='lat' dir='ltr'><strong>ea</strong></span> <span class='ocrx_word' id='word_1_610' title='bbox 3245 1877 3532 1951; x_wconf 68' lang='lat' dir='ltr'><strong>praevenit</strong></span> <span class='ocrx_word' id='word_1_611' title='bbox 3559 1878 3818 1936; x_wconf 91' lang='lat' dir='ltr'><strong>sciendo</strong></span> <span class='ocrx_word' id='word_1_612' title='bbox 3853 1897 3868 1934; x_wconf 90' lang='lat'><strong>:</strong></span> <span class='ocrx_word' id='word_1_613' title='bbox 3907 1879 3990 1935; x_wconf 82' lang='lat' dir='ltr'><strong>bis</strong></span> 
     </span>
    </p>
   </div>
   <div class='ocr_carea' id='block_1_82' title="bbox 2325 1965 3987 2041">
    <p class='ocr_par' dir='ltr' id='par_1_82' title="bbox 2325 1965 3987 2041">
     <span class='ocr_line' id='line_1_82' title="bbox 2325 1965 3987 2041; baseline 0 -17"><span class='ocrx_word' id='word_1_614' title='bbox 2325 1982 2468 2038; x_wconf 87' lang='lat' dir='ltr'><strong>ergo</strong></span> <span class='ocrx_word' id='word_1_615' title='bbox 2498 1982 2569 2024; x_wconf 89' lang='lat' dir='ltr'><strong>ea</strong></span> <span class='ocrx_word' id='word_1_616' title='bbox 2595 1965 2788 2035; x_wconf 90' lang='lat' dir='ltr'><strong>sentit,</strong></span> <span class='ocrx_word' id='word_1_617' title='bbox 2823 1981 2945 2024; x_wconf 92' lang='lat' dir='ltr'><strong>uno</strong></span> <span class='ocrx_word' id='word_1_618' title='bbox 2966 1966 3210 2041; x_wconf 89' lang='lat' dir='ltr'><strong>quidem</strong></span> <span class='ocrx_word' id='word_1_619' title='bbox 3242 1965 3426 2024; x_wconf 91' lang='lat' dir='ltr'><strong>modo</strong></span> <span class='ocrx_word' id='word_1_620' title='bbox 3456 1966 3808 2024; x_wconf 90' lang='lat' dir='ltr'><strong>secundum</strong></span> <span class='ocrx_word' id='word_1_621' title='bbox 3841 1968 3987 2024; x_wconf 84' lang='lat' dir='ltr'><strong>futu-</strong></span> 
     </span>
    </p>
   </div>
   <div class='ocr_carea' id='block_1_83' title="bbox 2325 2055 3987 2130">
    <p class='ocr_par' dir='ltr' id='par_1_83' title="bbox 2325 2055 3987 2130">
     <span class='ocr_line' id='line_1_83' title="bbox 2325 2055 3987 2130; baseline 0.001 -18"><span class='ocrx_word' id='word_1_622' title='bbox 2325 2071 2529 2113; x_wconf 89' lang='lat' dir='ltr'><strong>rorum</strong></span> <span class='ocrx_word' id='word_1_623' title='bbox 2558 2055 3020 2129; x_wconf 84' lang='lat' dir='ltr'><strong>praescientiam,</strong></span> <span class='ocrx_word' id='word_1_624' title='bbox 3070 2055 3256 2112; x_wconf 90' lang='lat' dir='ltr'><strong>altero</strong></span> <span class='ocrx_word' id='word_1_625' title='bbox 3288 2070 3430 2112; x_wconf 88' lang='lat' dir='ltr'><strong>vero</strong></span> <span class='ocrx_word' id='word_1_626' title='bbox 3472 2056 3822 2113; x_wconf 88' lang='lat' dir='ltr'><strong>secundum</strong></span> <span class='ocrx_word' id='word_1_627' title='bbox 3854 2073 3987 2130; x_wconf 66' lang='lat' dir='ltr'><strong>pre-</strong></span> 
     </span>
    </p>
   </div>
   <div class='ocr_carea' id='block_1_84' title="bbox 2329 2144 3988 2220">
    <p class='ocr_par' dir='ltr' id='par_1_84' title="bbox 2329 2144 3988 2220">
     <span class='ocr_line' id='line_1_84' title="bbox 2329 2144 3988 2220; baseline 0.001 -20"><span class='ocrx_word' id='word_1_628' title='bbox 2329 2145 2586 2202; x_wconf 89' lang='lat' dir='ltr'><strong>sentium</strong></span> <span class='ocrx_word' id='word_1_629' title='bbox 2640 2144 2969 2203; x_wconf 87' lang='lat' dir='ltr'><strong>scientiam.</strong></span> <span class='ocrx_word' id='word_1_630' title='bbox 3050 2144 3285 2218; x_wconf 83' lang='lat' dir='ltr'><strong>Aliquid</strong></span> <span class='ocrx_word' id='word_1_631' title='bbox 3364 2159 3506 2216; x_wconf 88' lang='lat' dir='ltr'><strong>ergo</strong></span> <span class='ocrx_word' id='word_1_632' title='bbox 3584 2146 3988 2220; x_wconf 78' lang='lat' dir='ltr'><strong>temporaliter</strong></span> 
     </span>
    </p>
   </div>
   <div class='ocr_carea' id='block_1_85' title="bbox 2327 2232 3986 2307">
    <p class='ocr_par' dir='ltr' id='par_1_85' title="bbox 2327 2232 3986 2307">
     <span class='ocr_line' id='line_1_85' title="bbox 2327 2232 3986 2307; baseline -0.001 -15"><span class='ocrx_word' id='word_1_633' title='bbox 2327 2233 2543 2292; x_wconf 90' lang='lat' dir='ltr'><strong>accidit</strong></span> <span class='ocrx_word' id='word_1_634' title='bbox 2572 2236 2704 2303; x_wconf 90' lang='lat' dir='ltr'><strong>[al.,</strong></span> <span class='ocrx_word' id='word_1_635' title='bbox 2737 2234 2982 2307; x_wconf 91' lang='lat' dir='ltr'><strong>accedit]</strong></span> <span class='ocrx_word' id='word_1_636' title='bbox 3014 2233 3272 2290; x_wconf 72' lang='lat' dir='ltr'><strong>scientiae</strong></span> <span class='ocrx_word' id='word_1_637' title='bbox 3295 2233 3398 2290; x_wconf 91' lang='lat' dir='ltr'><strong>Dei</strong></span> <span class='ocrx_word' id='word_1_638' title='bbox 3427 2232 3596 2307; x_wconf 91' lang='lat' dir='ltr'><strong>quod</strong></span> <span class='ocrx_word' id='word_1_639' title='bbox 3627 2234 3986 2291; x_wconf 82' lang='lat' dir='ltr'><strong>absurdissi-</strong></span> 
     </span>
    </p>
   </div>
   <div class='ocr_carea' id='block_1_86' title="bbox 2326 2322 3987 2398">
    <p class='ocr_par' dir='ltr' id='par_1_86' title="bbox 2326 2322 3987 2398">
     <span class='ocr_line' id='line_1_86' title="bbox 2326 2322 3987 2398; baseline -0.001 -18"><span class='ocrx_word' id='word_1_640' title='bbox 2326 2339 2497 2380; x_wconf 91' lang='lat' dir='ltr'><strong>mum</strong></span> <span class='ocrx_word' id='word_1_641' title='bbox 2519 2328 2699 2396; x_wconf 88' lang='lat' dir='ltr'><strong>atque</strong></span> <span class='ocrx_word' id='word_1_642' title='bbox 2723 2322 3110 2380; x_wconf 84' lang='lat' dir='ltr'><strong>falsissimum</strong></span> <span class='ocrx_word' id='word_1_643' title='bbox 3141 2327 3263 2381; x_wconf 93' lang='lat' dir='ltr'><strong>est:</strong></span> <span class='ocrx_word' id='word_1_644' title='bbox 3288 2339 3400 2379; x_wconf 90' lang='lat' dir='ltr'><strong>nec</strong></span> <span class='ocrx_word' id='word_1_645' title='bbox 3421 2323 3583 2379; x_wconf 89' lang='lat' dir='ltr'><strong>enim</strong></span> <span class='ocrx_word' id='word_1_646' title='bbox 3614 2329 3839 2397; x_wconf 86' lang='lat' dir='ltr'><strong>potest,</strong></span> <span class='ocrx_word' id='word_1_647' title='bbox 3859 2341 3987 2398; x_wconf 74' lang='lat' dir='ltr'><strong>qua:</strong></span> 
     </span>
    </p>
   </div>
   <div class='ocr_carea' id='block_1_87' title="bbox 2326 2403 3988 2487">
    <p class='ocr_par' dir='ltr' id='par_1_87' title="bbox 2326 2403 3988 2487">
     <span class='ocr_line' id='line_1_87' title="bbox 2326 2403 3988 2487; baseline -0.001 -19"><span class='ocrx_word' id='word_1_648' title='bbox 2326 2417 2579 2470; x_wconf 91' lang='lat' dir='ltr'><strong>ventura</strong></span> <span class='ocrx_word' id='word_1_649' title='bbox 2605 2412 2941 2487; x_wconf 81' lang='lat' dir='ltr'><strong>praenoscit,</strong></span> <span class='ocrx_word' id='word_1_650' title='bbox 2991 2427 3173 2468; x_wconf 88' lang='lat' dir='ltr'><strong>nosse</strong></span> <span class='ocrx_word' id='word_1_651' title='bbox 3217 2428 3356 2468; x_wconf 92' lang='lat' dir='ltr'><strong>cum</strong></span> <span class='ocrx_word' id='word_1_652' title='bbox 3413 2403 3706 2485; x_wconf 84' lang='lat' dir='ltr'><strong>venerint,</strong></span> <span class='ocrx_word' id='word_1_653' title='bbox 3739 2413 3864 2470; x_wconf 82' lang='lat' dir='ltr'><strong>nisi</strong></span> <span class='ocrx_word' id='word_1_654' title='bbox 3902 2414 3988 2469; x_wconf 86' lang='lat' dir='ltr'><strong>bis</strong></span> 
     </span>
    </p>
   </div>
   <div class='ocr_carea' id='block_1_88' title="bbox 2325 2501 3989 2574">
    <p class='ocr_par' dir='ltr' id='par_1_88' title="bbox 2325 2501 3989 2574">
     <span class='ocr_line' id='line_1_88' title="bbox 2325 2501 3989 2574; baseline 0.001 -15"><span class='ocrx_word' id='word_1_655' title='bbox 2325 2502 2719 2570; x_wconf 90' lang='lat' dir='ltr'><strong>innotescant,</strong></span> <span class='ocrx_word' id='word_1_656' title='bbox 2753 2506 2809 2558; x_wconf 90' lang='lat' dir='ltr'><strong>et</strong></span> <span class='ocrx_word' id='word_1_657' title='bbox 2837 2501 3273 2574; x_wconf 72' lang='lat' dir='ltr'><strong>przenoscendo</strong></span> <span class='ocrx_word' id='word_1_658' title='bbox 3296 2506 3623 2574; x_wconf 86' lang='lat' dir='ltr'><strong>antequam</strong></span> <span class='ocrx_word' id='word_1_659' title='bbox 3650 2503 3790 2572; x_wconf 83' lang='lat' dir='ltr'><strong>sint,</strong></span> <span class='ocrx_word' id='word_1_660' title='bbox 3815 2508 3878 2560; x_wconf 89' lang='lat' dir='ltr'><strong>ct</strong></span> <span class='ocrx_word' id='word_1_661' title='bbox 3898 2519 3989 2559; x_wconf 84' lang='lat' dir='ltr'><strong>co-</strong></span> 
     </span>
    </p>
   </div>
   <div class='ocr_carea' id='block_1_89' title="bbox 2325 2589 3992 2664">
    <p class='ocr_par' dir='ltr' id='par_1_89' title="bbox 2325 2589 3992 2664">
     <span class='ocr_line' id='line_1_89' title="bbox 2325 2589 3992 2664; baseline 0.001 -18"><span class='ocrx_word' id='word_1_662' title='bbox 2325 2593 2668 2662; x_wconf 89' lang='lat' dir='ltr'><strong>gnoscendo</strong></span> <span class='ocrx_word' id='word_1_663' title='bbox 2690 2607 2828 2648; x_wconf 90' lang='lat' dir='ltr'><strong>cum</strong></span> <span class='ocrx_word' id='word_1_664' title='bbox 2857 2592 2987 2663; x_wconf 89' lang='lat' dir='ltr'><strong>jam</strong></span> <span class='ocrx_word' id='word_1_665' title='bbox 3011 2595 3167 2648; x_wconf 90' lang='lat' dir='ltr'><strong>sunt.</strong></span> <span class='ocrx_word' id='word_1_666' title='bbox 3195 2595 3281 2648; x_wconf 88' lang='lat' dir='ltr'><strong>Ita</strong></span> <span class='ocrx_word' id='word_1_667' title='bbox 3317 2591 3384 2648; x_wconf 85' lang='lat' dir='ltr'><strong>ﬁt</strong></span> <span class='ocrx_word' id='word_1_668' title='bbox 3427 2596 3511 2662; x_wconf 90' lang='lat' dir='ltr'><strong>ut,</strong></span> <span class='ocrx_word' id='word_1_669' title='bbox 3548 2589 3704 2664; x_wconf 86' lang='lat' dir='ltr'><strong>quod</strong></span> <span class='ocrx_word' id='word_1_670' title='bbox 3732 2590 3925 2662; x_wconf 84' lang='lat' dir='ltr'><strong>longe</strong></span> <span class='ocrx_word' id='word_1_671' title='bbox 3955 2609 3992 2648; x_wconf 88' lang='lat' dir='ltr'><strong>a</strong></span> 
     </span>
    </p>
   </div>
   <div class='ocr_carea' id='block_1_90' title="bbox 2324 2679 3991 2753">
    <p class='ocr_par' dir='ltr' id='par_1_90' title="bbox 2324 2679 3991 2753">
     <span class='ocr_line' id='line_1_90' title="bbox 2324 2679 3991 2753; baseline 0.002 -20"><span class='ocrx_word' id='word_1_672' title='bbox 2324 2680 2567 2737; x_wconf 88' lang='lat' dir='ltr'><strong>veritate</strong></span> <span class='ocrx_word' id='word_1_673' title='bbox 2597 2680 2898 2736; x_wconf 85' lang='lat' dir='ltr'><strong>seclusum</strong></span> <span class='ocrx_word' id='word_1_674' title='bbox 2921 2685 3029 2748; x_wconf 91' lang='lat' dir='ltr'><strong>est,</strong></span> <span class='ocrx_word' id='word_1_675' title='bbox 3054 2679 3456 2753; x_wconf 90' lang='lat' dir='ltr'><strong>temporaliter</strong></span> <span class='ocrx_word' id='word_1_676' title='bbox 3481 2679 3706 2753; x_wconf 83' lang='lat' dir='ltr'><strong>aliquid</strong></span> <span class='ocrx_word' id='word_1_677' title='bbox 3749 2680 3991 2736; x_wconf 84' lang='lat' dir='ltr'><strong>accidat</strong></span> 
     </span>
    </p>
   </div>
   <div class='ocr_carea' id='block_1_91' title="bbox 2325 2766 3987 2844">
    <p class='ocr_par' dir='ltr' id='par_1_91' title="bbox 2325 2766 3987 2844">
     <span class='ocr_line' id='line_1_91' title="bbox 2325 2766 3987 2844; baseline 0.001 -19"><span class='ocrx_word' id='word_1_678' title='bbox 2325 2766 2452 2842; x_wconf 86' lang='lat' dir='ltr'><strong>[al.,</strong></span> <span class='ocrx_word' id='word_1_679' title='bbox 2504 2768 2772 2841; x_wconf 87' lang='lat' dir='ltr'><strong>accedat]</strong></span> <span class='ocrx_word' id='word_1_680' title='bbox 2804 2769 3063 2826; x_wconf 81' lang='lat' dir='ltr'><strong>scientiae</strong></span> <span class='ocrx_word' id='word_1_681' title='bbox 3102 2769 3222 2838; x_wconf 89' lang='lat' dir='ltr'><strong>Dei,</strong></span> <span class='ocrx_word' id='word_1_682' title='bbox 3267 2785 3405 2826; x_wconf 92' lang='lat' dir='ltr'><strong>cum</strong></span> <span class='ocrx_word' id='word_1_683' title='bbox 3429 2768 3812 2842; x_wconf 87' lang='lat' dir='ltr'><strong>temporalia,</strong></span> <span class='ocrx_word' id='word_1_684' title='bbox 3857 2787 3987 2844; x_wconf 76' lang='lat' dir='ltr'><strong>quae</strong></span> 
     </span>
    </p>
   </div>
   <div class='ocr_carea' id='block_1_92' title="bbox 2324 2858 3985 2932">
    <p class='ocr_par' dir='ltr' id='par_1_92' title="bbox 2324 2858 3985 2932">
     <span class='ocr_line' id='line_1_92' title="bbox 2324 2858 3985 2932; baseline 0.001 -19"><span class='ocrx_word' id='word_1_685' title='bbox 2324 2858 2738 2932; x_wconf 80' lang='lat' dir='ltr'><strong>praesciuntur,</strong></span> <span class='ocrx_word' id='word_1_686' title='bbox 2765 2858 2944 2914; x_wconf 87' lang='lat' dir='ltr'><strong>etiam</strong></span> <span class='ocrx_word' id='word_1_687' title='bbox 2966 2858 3281 2932; x_wconf 83' lang='lat' dir='ltr'><strong>praesentia</strong></span> <span class='ocrx_word' id='word_1_688' title='bbox 3316 2859 3673 2927; x_wconf 89' lang='lat' dir='ltr'><strong>sentiuntur,</strong></span> <span class='ocrx_word' id='word_1_689' title='bbox 3695 2875 3845 2932; x_wconf 77' lang='lat' dir='ltr'><strong>quae</strong></span> <span class='ocrx_word' id='word_1_690' title='bbox 3874 2876 3985 2915; x_wconf 90' lang='lat' dir='ltr'><strong>non</strong></span> 
     </span>
    </p>
   </div>
   <div class='ocr_carea' id='block_1_93' title="bbox 2326 2946 3984 3020">
    <p class='ocr_par' dir='ltr' id='par_1_93' title="bbox 2326 2946 3984 3020">
     <span class='ocr_line' id='line_1_93' title="bbox 2326 2946 3984 3020; baseline 0.002 -18"><span class='ocrx_word' id='word_1_691' title='bbox 2326 2946 2735 3004; x_wconf 88' lang='lat' dir='ltr'><strong>sentiebantur</strong></span> <span class='ocrx_word' id='word_1_692' title='bbox 2766 2951 3094 3020; x_wconf 88' lang='lat' dir='ltr'><strong>antequam</strong></span> <span class='ocrx_word' id='word_1_693' title='bbox 3146 2946 3371 3017; x_wconf 87' lang='lat' dir='ltr'><strong>ﬁerent,</strong></span> <span class='ocrx_word' id='word_1_694' title='bbox 3415 2948 3521 3004; x_wconf 88' lang='lat' dir='ltr'><strong>sed</strong></span> <span class='ocrx_word' id='word_1_695' title='bbox 3559 2950 3984 3006; x_wconf 87' lang='lat' dir='ltr'><strong>tantummodo</strong></span> 
     </span>
    </p>
   </div>
   <div class='ocr_carea' id='block_1_94' title="bbox 2324 3035 3983 3111">
    <p class='ocr_par' dir='ltr' id='par_1_94' title="bbox 2324 3035 3983 3111">
     <span class='ocr_line' id='line_1_94' title="bbox 2324 3035 3983 3111; baseline 0.001 -19"><span class='ocrx_word' id='word_1_696' title='bbox 2324 3035 2861 3111; x_wconf 72' lang='lat' dir='ltr'><strong>praesentiebantur</strong></span> <span class='ocrx_word' id='word_1_697' title='bbox 2883 3037 3012 3110; x_wconf 88' lang='lat' dir='ltr'><strong>[al,,</strong></span> <span class='ocrx_word' id='word_1_698' title='bbox 3031 3036 3541 3110; x_wconf 80' lang='lat' dir='ltr'><strong>praesciebantur].</strong></span> <span class='ocrx_word' id='word_1_699' title='bbox 3562 3037 3622 3093; x_wconf 88' lang='lat' dir='ltr'><strong>Si</strong></span> <span class='ocrx_word' id='word_1_700' title='bbox 3647 3054 3798 3096; x_wconf 86' lang='lat' dir='ltr'><strong>vero</strong></span> <span class='ocrx_word' id='word_1_701' title='bbox 3822 3039 3983 3094; x_wconf 82' lang='lat' dir='ltr'><strong>etiam</strong></span> 
     </span>
    </p>
   </div>
   <div class='ocr_carea' id='block_1_95' title="bbox 2327 3124 3981 3200">
    <p class='ocr_par' dir='ltr' id='par_1_95' title="bbox 2327 3124 3981 3200">
     <span class='ocr_line' id='line_1_95' title="bbox 2327 3124 3981 3200; baseline 0 -18"><span class='ocrx_word' id='word_1_702' title='bbox 2327 3141 2467 3182; x_wconf 91' lang='lat' dir='ltr'><strong>cum</strong></span> <span class='ocrx_word' id='word_1_703' title='bbox 2522 3125 2795 3181; x_wconf 87' lang='lat' dir='ltr'><strong>venerint</strong></span> <span class='ocrx_word' id='word_1_704' title='bbox 2845 3141 2979 3198; x_wconf 71' lang='lat' dir='ltr'><strong>qua:</strong></span> <span class='ocrx_word' id='word_1_705' title='bbox 3037 3124 3508 3200; x_wconf 80' lang='lat' dir='ltr'><strong>praesciebantur</strong></span> <span class='ocrx_word' id='word_1_706' title='bbox 3559 3142 3698 3183; x_wconf 89' lang='lat' dir='ltr'><strong>esse</strong></span> <span class='ocrx_word' id='word_1_707' title='bbox 3741 3132 3981 3184; x_wconf 79' lang='lat' dir='ltr'><strong>ventura</strong></span> 
     </span>
    </p>
   </div>
   <div class='ocr_carea' id='block_1_96' title="bbox 2327 3211 3981 3288">
    <p class='ocr_par' dir='ltr' id='par_1_96' title="bbox 2327 3211 3981 3288">
     <span class='ocr_line' id='line_1_96' title="bbox 2327 3211 3981 3288; baseline 0.001 -17"><span class='ocrx_word' id='word_1_708' title='bbox 2327 3211 2459 3287; x_wconf 76' lang='lat' dir='ltr'><strong>(aL,</strong></span> <span class='ocrx_word' id='word_1_709' title='bbox 2489 3213 2730 3285; x_wconf 88' lang='lat' dir='ltr'><strong>futura].</strong></span> <span class='ocrx_word' id='word_1_710' title='bbox 2755 3213 2900 3270; x_wconf 87' lang='lat' dir='ltr'><strong>nihil</strong></span> <span class='ocrx_word' id='word_1_711' title='bbox 2940 3214 3078 3270; x_wconf 78' lang='lat' dir='ltr'><strong>novi</strong></span> <span class='ocrx_word' id='word_1_712' title='bbox 3109 3214 3338 3272; x_wconf 88' lang='lat' dir='ltr'><strong>accidet</strong></span> <span class='ocrx_word' id='word_1_713' title='bbox 3357 3215 3485 3287; x_wconf 86' lang='lat' dir='ltr'><strong>[al.,</strong></span> <span class='ocrx_word' id='word_1_714' title='bbox 3509 3215 3777 3288; x_wconf 87' lang='lat' dir='ltr'><strong>accedit]</strong></span> <span class='ocrx_word' id='word_1_715' title='bbox 3813 3218 3981 3272; x_wconf 82' lang='lat' dir='ltr'><strong>scien-</strong></span> 
     </span>
    </p>
   </div>
   <div class='ocr_carea' id='block_1_97' title="bbox 2327 3302 3978 3377">
    <p class='ocr_par' dir='ltr' id='par_1_97' title="bbox 2327 3302 3978 3377">
     <span class='ocr_line' id='line_1_97' title="bbox 2327 3302 3978 3377; baseline -0.001 -17"><span class='ocrx_word' id='word_1_716' title='bbox 2327 3303 2420 3360; x_wconf 66' lang='lat' dir='ltr'><strong>tiee</strong></span> <span class='ocrx_word' id='word_1_717' title='bbox 2471 3302 2591 3370; x_wconf 91' lang='lat' dir='ltr'><strong>Dei,</strong></span> <span class='ocrx_word' id='word_1_718' title='bbox 2641 3302 2746 3358; x_wconf 91' lang='lat' dir='ltr'><strong>sed</strong></span> <span class='ocrx_word' id='word_1_719' title='bbox 2793 3302 3063 3360; x_wconf 88' lang='lat' dir='ltr'><strong>manebit</strong></span> <span class='ocrx_word' id='word_1_720' title='bbox 3081 3303 3183 3360; x_wconf 91' lang='lat' dir='ltr'><strong>illa</strong></span> <span class='ocrx_word' id='word_1_721' title='bbox 3229 3304 3610 3377; x_wconf 59' lang='lat' dir='ltr'><strong>praescienlia</strong></span> <span class='ocrx_word' id='word_1_722' title='bbox 3649 3306 3818 3362; x_wconf 90' lang='lat' dir='ltr'><strong>sicut</strong></span> <span class='ocrx_word' id='word_1_723' title='bbox 3858 3311 3978 3368; x_wconf 81' lang='lat' dir='ltr'><strong>erat,</strong></span> 
     </span>
    </p>
   </div>
   <div class='ocr_carea' id='block_1_98' title="bbox 2324 3391 3977 3466">
    <p class='ocr_par' dir='ltr' id='par_1_98' title="bbox 2324 3391 3977 3466">
     <span class='ocr_line' id='line_1_98' title="bbox 2324 3391 3977 3466; baseline -0.001 -16"><span class='ocrx_word' id='word_1_724' title='bbox 2324 3391 2505 3450; x_wconf 88' lang='lat' dir='ltr'><strong>etiam</strong></span> <span class='ocrx_word' id='word_1_725' title='bbox 2558 3392 2916 3466; x_wconf 89' lang='lat' dir='ltr'><strong>priusquam</strong></span> <span class='ocrx_word' id='word_1_726' title='bbox 2957 3392 3223 3449; x_wconf 84' lang='lat' dir='ltr'><strong>venirent</strong></span> <span class='ocrx_word' id='word_1_727' title='bbox 3283 3409 3420 3466; x_wconf 76' lang='lat' dir='ltr'><strong>quae</strong></span> <span class='ocrx_word' id='word_1_728' title='bbox 3487 3395 3977 3466; x_wconf 65' lang='lat' dir='ltr'><strong>praesciebantur,</strong></span> 
     </span>
    </p>
   </div>
   <div class='ocr_carea' id='block_1_99' title="bbox 2324 3481 3980 3555">
    <p class='ocr_par' dir='ltr' id='par_1_99' title="bbox 2324 3481 3980 3555">
     <span class='ocr_line' id='line_1_99' title="bbox 2324 3481 3980 3555; baseline -0.001 -17"><span class='ocrx_word' id='word_1_729' title='bbox 2324 3481 2637 3554; x_wconf 92' lang='lat' dir='ltr'><strong>quomodo</strong></span> <span class='ocrx_word' id='word_1_730' title='bbox 2661 3481 2787 3552; x_wconf 88' lang='lat' dir='ltr'><strong>jam</strong></span> <span class='ocrx_word' id='word_1_731' title='bbox 2808 3481 3182 3555; x_wconf 70' lang='lat' dir='ltr'><strong>priescientia</strong></span> <span class='ocrx_word' id='word_1_732' title='bbox 3197 3481 3444 3550; x_wconf 89' lang='lat' dir='ltr'><strong>dicetur,</strong></span> <span class='ocrx_word' id='word_1_733' title='bbox 3469 3483 3733 3554; x_wconf 90' lang='lat' dir='ltr'><strong>quando</strong></span> <span class='ocrx_word' id='word_1_734' title='bbox 3759 3501 3886 3542; x_wconf 87' lang='lat' dir='ltr'><strong>non</strong></span> <span class='ocrx_word' id='word_1_735' title='bbox 3913 3486 3980 3539; x_wconf 68' lang='lat' dir='ltr'><strong>est</strong></span> 
     </span>
    </p>
   </div>
   <div class='ocr_carea' id='block_1_100' title="bbox 2324 3570 3978 3646">
    <p class='ocr_par' dir='ltr' id='par_1_100' title="bbox 2324 3570 3978 3646">
     <span class='ocr_line' id='line_1_100' title="bbox 2324 3570 3978 3646; baseline -0.002 -18"><span class='ocrx_word' id='word_1_736' title='bbox 2324 3587 2525 3628; x_wconf 92' lang='lat' dir='ltr'><strong>rerum</strong></span> <span class='ocrx_word' id='word_1_737' title='bbox 2548 3570 2884 3626; x_wconf 88' lang='lat' dir='ltr'><strong>futurarum</strong></span> <span class='ocrx_word' id='word_1_738' title='bbox 2906 3571 2933 3624; x_wconf 71' lang='grc' dir='ltr'><strong><em>Ῥ</em></strong></span> <span class='ocrx_word' id='word_1_739' title='bbox 2963 3573 3092 3627; x_wconf 87' lang='lat' dir='ltr'><strong>Jam</strong></span> <span class='ocrx_word' id='word_1_740' title='bbox 3117 3571 3278 3627; x_wconf 89' lang='lat' dir='ltr'><strong>enim</strong></span> <span class='ocrx_word' id='word_1_741' title='bbox 3311 3572 3644 3645; x_wconf 77' lang='lat' dir='ltr'><strong>praesentia</strong></span> <span class='ocrx_word' id='word_1_742' title='bbox 3667 3579 3823 3631; x_wconf 88' lang='lat' dir='ltr'><strong>sunt</strong></span> <span class='ocrx_word' id='word_1_743' title='bbox 3866 3590 3978 3646; x_wconf 48' lang='lat' dir='ltr'><strong>quis</strong></span> 
     </span>
    </p>
   </div>
   <div class='ocr_carea' id='block_1_101' title="bbox 2325 3658 3978 3734">
    <p class='ocr_par' dir='ltr' id='par_1_101' title="bbox 2325 3658 3978 3734">
     <span class='ocr_line' id='line_1_101' title="bbox 2325 3658 3978 3734; baseline -0.001 -19"><span class='ocrx_word' id='word_1_744' title='bbox 2325 3659 2526 3716; x_wconf 84' lang='lat' dir='ltr'><strong>futura</strong></span> <span class='ocrx_word' id='word_1_745' title='bbox 2567 3658 2868 3732; x_wconf 87' lang='lat' dir='ltr'><strong>cernebat,</strong></span> <span class='ocrx_word' id='word_1_746' title='bbox 2917 3663 2974 3716; x_wconf 88' lang='lat' dir='ltr'><strong>et</strong></span> <span class='ocrx_word' id='word_1_747' title='bbox 3026 3658 3208 3731; x_wconf 87' lang='lat' dir='ltr'><strong>paulo</strong></span> <span class='ocrx_word' id='word_1_748' title='bbox 3246 3665 3386 3732; x_wconf 91' lang='lat' dir='ltr'><strong>post</strong></span> <span class='ocrx_word' id='word_1_749' title='bbox 3441 3665 3622 3716; x_wconf 88' lang='lat' dir='ltr'><strong>erunt</strong></span> <span class='ocrx_word' id='word_1_750' title='bbox 3672 3663 3978 3734; x_wconf 81' lang='lat' dir='ltr'><strong>praeterita.</strong></span> 
     </span>
    </p>
   </div>
   <div class='ocr_carea' id='block_1_102' title="bbox 2324 3748 3981 3822">
    <p class='ocr_par' dir='ltr' id='par_1_102' title="bbox 2324 3748 3981 3822">
     <span class='ocr_line' id='line_1_102' title="bbox 2324 3748 3981 3822; baseline 0.003 -19"><span class='ocrx_word' id='word_1_751' title='bbox 2324 3749 2756 3805; x_wconf 63' lang='lat' dir='ltr'><strong>Prasteritarum</strong></span> <span class='ocrx_word' id='word_1_752' title='bbox 2807 3752 3005 3804; x_wconf 87' lang='lat' dir='ltr'><strong>autem</strong></span> <span class='ocrx_word' id='word_1_753' title='bbox 3064 3764 3286 3818; x_wconf 90' lang='lat' dir='ltr'><strong>rerum,</strong></span> <span class='ocrx_word' id='word_1_754' title='bbox 3335 3748 3484 3804; x_wconf 91' lang='lat' dir='ltr'><strong>sicut</strong></span> <span class='ocrx_word' id='word_1_755' title='bbox 3571 3752 3981 3822; x_wconf 76' lang='lat' dir='ltr'><strong>praesentium.</strong></span> 
     </span>
    </p>
   </div>
   <div class='ocr_carea' id='block_1_103' title="bbox 2322 3836 3983 3911">
    <p class='ocr_par' dir='ltr' id='par_1_103' title="bbox 2322 3836 3983 3911">
     <span class='ocr_line' id='line_1_103' title="bbox 2322 3836 3983 3911; baseline -0.001 -17"><span class='ocrx_word' id='word_1_756' title='bbox 2322 3837 2675 3894; x_wconf 90' lang='lat' dir='ltr'><strong>nullomodo</strong></span> <span class='ocrx_word' id='word_1_757' title='bbox 2704 3841 2898 3911; x_wconf 87' lang='lat' dir='ltr'><strong>potest</strong></span> <span class='ocrx_word' id='word_1_758' title='bbox 2942 3836 3058 3892; x_wconf 91' lang='lat' dir='ltr'><strong>dici</strong></span> <span class='ocrx_word' id='word_1_759' title='bbox 3089 3837 3483 3909; x_wconf 67' lang='lat' dir='ltr'><strong>praescientia.</strong></span> <span class='ocrx_word' id='word_1_760' title='bbox 3537 3837 3801 3896; x_wconf 75' lang='lat' dir='ltr'><strong>Raditur</strong></span> <span class='ocrx_word' id='word_1_761' title='bbox 3856 3855 3983 3910; x_wconf 81' lang='lat' dir='ltr'><strong>ergo</strong></span> 
     </span>
    </p>
   </div>
   <div class='ocr_carea' id='block_1_104' title="bbox 2319 3925 3982 4002">
    <p class='ocr_par' dir='ltr' id='par_1_104' title="bbox 2319 3925 3982 4002">
     <span class='ocr_line' id='line_1_104' title="bbox 2319 3925 3982 4002; baseline -0.001 -19"><span class='ocrx_word' id='word_1_762' title='bbox 2319 3927 2400 3984; x_wconf 91' lang='lat' dir='ltr'><strong>ad</strong></span> <span class='ocrx_word' id='word_1_763' title='bbox 2425 3926 2487 3982; x_wconf 93' lang='lat' dir='ltr'><strong>id</strong></span> <span class='ocrx_word' id='word_1_764' title='bbox 2517 3931 2581 3983; x_wconf 91' lang='lat' dir='ltr'><strong>ut</strong></span> <span class='ocrx_word' id='word_1_765' title='bbox 2607 3927 2709 3983; x_wconf 82' lang='lat' dir='ltr'><strong>ﬁat</strong></span> <span class='ocrx_word' id='word_1_766' title='bbox 2731 3925 2909 3982; x_wconf 88' lang='lat' dir='ltr'><strong>rebus</strong></span> <span class='ocrx_word' id='word_1_767' title='bbox 2931 3927 3059 3998; x_wconf 88' lang='lat' dir='ltr'><strong>jam</strong></span> <span class='ocrx_word' id='word_1_768' title='bbox 3085 3927 3482 3999; x_wconf 62' lang='lat' dir='ltr'><strong>praesentibus</strong></span> <span class='ocrx_word' id='word_1_769' title='bbox 3529 3927 3812 3996; x_wconf 74' lang='lat' dir='ltr'><strong>scientia,</strong></span> <span class='ocrx_word' id='word_1_770' title='bbox 3858 3944 3982 4002; x_wconf 69' lang='lat' dir='ltr'><strong>quae</strong></span> 
     </span>
    </p>
   </div>
   <div class='ocr_carea' id='block_1_105' title="bbox 2319 4015 3989 4090">
    <p class='ocr_par' dir='ltr' id='par_1_105' title="bbox 2319 4015 3989 4090">
     <span class='ocr_line' id='line_1_105' title="bbox 2319 4015 3989 4090; baseline 0.001 -17"><span class='ocrx_word' id='word_1_771' title='bbox 2319 4016 2532 4074; x_wconf 90' lang='lat' dir='ltr'><strong>iisdem</strong></span> <span class='ocrx_word' id='word_1_772' title='bbox 2581 4016 2760 4073; x_wconf 89' lang='lat' dir='ltr'><strong>rebus</strong></span> <span class='ocrx_word' id='word_1_773' title='bbox 2791 4015 3000 4072; x_wconf 83' lang='lat' dir='ltr'><strong>futuris</strong></span> <span class='ocrx_word' id='word_1_774' title='bbox 3031 4021 3157 4074; x_wconf 90' lang='lat' dir='ltr'><strong>erat</strong></span> <span class='ocrx_word' id='word_1_775' title='bbox 3209 4017 3604 4090; x_wconf 65' lang='lat' dir='ltr'><strong>praescicntia,</strong></span> <span class='ocrx_word' id='word_1_776' title='bbox 3656 4022 3710 4074; x_wconf 90' lang='lat' dir='ltr'><strong>et</strong></span> <span class='ocrx_word' id='word_1_777' title='bbox 3739 4034 3892 4074; x_wconf 87' lang='lat' dir='ltr'><strong>cum</strong></span> <span class='ocrx_word' id='word_1_778' title='bbox 3924 4033 3989 4074; x_wconf 80' lang='lat' dir='ltr'><strong>ea</strong></span> 
     </span>
    </p>
   </div>
   <div class='ocr_carea' id='block_1_106' title="bbox 2317 4104 3985 4180">
    <p class='ocr_par' dir='ltr' id='par_1_106' title="bbox 2317 4104 3985 4180">
     <span class='ocr_line' id='line_1_106' title="bbox 2317 4104 3985 4180; baseline 0 -18"><span class='ocrx_word' id='word_1_779' title='bbox 2317 4123 2452 4180; x_wconf 81' lang='lat' dir='ltr'><strong>quae</strong></span> <span class='ocrx_word' id='word_1_780' title='bbox 2507 4104 2880 4179; x_wconf 84' lang='lat' dir='ltr'><strong>praescientia</strong></span> <span class='ocrx_word' id='word_1_781' title='bbox 2934 4109 3058 4162; x_wconf 86' lang='lat' dir='ltr'><strong>erat</strong></span> <span class='ocrx_word' id='word_1_782' title='bbox 3116 4105 3305 4178; x_wconf 91' lang='lat' dir='ltr'><strong>prius,</strong></span> <span class='ocrx_word' id='word_1_783' title='bbox 3353 4111 3563 4180; x_wconf 89' lang='lat' dir='ltr'><strong>postea</strong></span> <span class='ocrx_word' id='word_1_784' title='bbox 3611 4105 3878 4164; x_wconf 83' lang='lat' dir='ltr'><strong>scientia</strong></span> <span class='ocrx_word' id='word_1_785' title='bbox 3931 4109 3985 4162; x_wconf 82' lang='lat' dir='ltr'><strong>in</strong></span> 
     </span>
    </p>
   </div>
   <div class='ocr_carea' id='block_1_107' title="bbox 2318 4193 3982 4269">
    <p class='ocr_par' dir='ltr' id='par_1_107' title="bbox 2318 4193 3982 4269">
     <span class='ocr_line' id='line_1_107' title="bbox 2318 4193 3982 4269; baseline -0.001 -17"><span class='ocrx_word' id='word_1_786' title='bbox 2318 4198 2436 4252; x_wconf 88' lang='lat' dir='ltr'><strong>Deo</strong></span> <span class='ocrx_word' id='word_1_787' title='bbox 2466 4195 2587 4259; x_wconf 84' lang='lat' dir='ltr'><strong>ﬁat,</strong></span> <span class='ocrx_word' id='word_1_788' title='bbox 2621 4194 2877 4251; x_wconf 83' lang='lat' dir='ltr'><strong>admittit</strong></span> <span class='ocrx_word' id='word_1_789' title='bbox 2904 4193 3364 4252; x_wconf 87' lang='lat' dir='ltr'><strong>mutabilitatem</strong></span> <span class='ocrx_word' id='word_1_790' title='bbox 3390 4200 3445 4252; x_wconf 91' lang='lat' dir='ltr'><strong>et</strong></span> <span class='ocrx_word' id='word_1_791' title='bbox 3489 4196 3851 4269; x_wconf 81' lang='lat' dir='ltr'><strong>temporalis</strong></span> <span class='ocrx_word' id='word_1_792' title='bbox 3879 4203 3982 4265; x_wconf 84' lang='lat' dir='ltr'><strong>est,</strong></span> 
     </span>
    </p>
   </div>
   <div class='ocr_carea' id='block_1_108' title="bbox 2317 4283 3984 4358">
    <p class='ocr_par' dir='ltr' id='par_1_108' title="bbox 2317 4283 3984 4358">
     <span class='ocr_line' id='line_1_108' title="bbox 2317 4283 3984 4358; baseline -0.001 -18"><span class='ocrx_word' id='word_1_793' title='bbox 2317 4301 2456 4340; x_wconf 90' lang='lat' dir='ltr'><strong>cum</strong></span> <span class='ocrx_word' id='word_1_794' title='bbox 2495 4283 2569 4340; x_wconf 89' lang='lat' dir='ltr'><strong>sit</strong></span> <span class='ocrx_word' id='word_1_795' title='bbox 2590 4286 2746 4339; x_wconf 90' lang='lat' dir='ltr'><strong>Deus</strong></span> <span class='ocrx_word' id='word_1_796' title='bbox 2776 4283 2880 4356; x_wconf 92' lang='lat' dir='ltr'><strong>qui</strong></span> <span class='ocrx_word' id='word_1_797' title='bbox 2904 4300 3043 4340; x_wconf 85' lang='lat' dir='ltr'><strong>vere</strong></span> <span class='ocrx_word' id='word_1_798' title='bbox 3074 4299 3436 4358; x_wconf 78' lang='lat' dir='ltr'><strong>summeque</strong></span> <span class='ocrx_word' id='word_1_799' title='bbox 3464 4290 3570 4353; x_wconf 88' lang='lat' dir='ltr'><strong>est,</strong></span> <span class='ocrx_word' id='word_1_800' title='bbox 3619 4300 3736 4340; x_wconf 89' lang='lat' dir='ltr'><strong>nec</strong></span> <span class='ocrx_word' id='word_1_801' title='bbox 3765 4285 3897 4342; x_wconf 85' lang='lat' dir='ltr'><strong>ulla</strong></span> <span class='ocrx_word' id='word_1_802' title='bbox 3928 4302 3984 4341; x_wconf 80' lang='lat' dir='ltr'><strong>ex</strong></span> 
     </span>
    </p>
   </div>
   <div class='ocr_carea' id='block_1_109' title="bbox 2315 4372 3987 4450">
    <p class='ocr_par' dir='ltr' id='par_1_109' title="bbox 2315 4372 3987 4450">
     <span class='ocr_line' id='line_1_109' title="bbox 2315 4372 3987 4450; baseline 0.001 -19"><span class='ocrx_word' id='word_1_803' title='bbox 2315 4378 2482 4448; x_wconf 89' lang='lat' dir='ltr'><strong>parte</strong></span> <span class='ocrx_word' id='word_1_804' title='bbox 2508 4373 2581 4430; x_wconf 90' lang='lat' dir='ltr'><strong>sit</strong></span> <span class='ocrx_word' id='word_1_805' title='bbox 2603 4373 2932 4444; x_wconf 82' lang='lat' dir='ltr'><strong>mutabilis,</strong></span> <span class='ocrx_word' id='word_1_806' title='bbox 2965 4389 3075 4430; x_wconf 88' lang='lat' dir='ltr'><strong>nec</strong></span> <span class='ocrx_word' id='word_1_807' title='bbox 3112 4372 3232 4430; x_wconf 91' lang='lat' dir='ltr'><strong>ullo</strong></span> <span class='ocrx_word' id='word_1_808' title='bbox 3282 4377 3454 4431; x_wconf 92' lang='lat' dir='ltr'><strong>motu</strong></span> <span class='ocrx_word' id='word_1_809' title='bbox 3479 4373 3707 4431; x_wconf 88' lang='lat' dir='ltr'><strong>novitio</strong></span> <span class='ocrx_word' id='word_1_810' title='bbox 3762 4379 3987 4450; x_wconf 83' lang='lat' dir='ltr'><strong>tempo-</strong></span> 
     </span>
    </p>
   </div>
   <div class='ocr_carea' id='block_1_110' title="bbox 2313 4462 3980 4535">
    <p class='ocr_par' dir='ltr' id='par_1_110' title="bbox 2313 4462 3980 4535">
     <span class='ocr_line' id='line_1_110' title="bbox 2313 4462 3980 4535; baseline -0.001 -15"><span class='ocrx_word' id='word_1_811' title='bbox 2313 4463 2469 4520; x_wconf 89' lang='lat' dir='ltr'><strong>ralis.</strong></span> <span class='ocrx_word' id='word_1_812' title='bbox 2532 4463 2733 4520; x_wconf 88' lang='lat' dir='ltr'><strong>Placet</strong></span> <span class='ocrx_word' id='word_1_813' title='bbox 2756 4462 2935 4533; x_wconf 82' lang='lat' dir='ltr'><strong>igitur</strong></span> <span class='ocrx_word' id='word_1_814' title='bbox 2956 4467 3020 4521; x_wconf 93' lang='lat' dir='ltr'><strong>ut</strong></span> <span class='ocrx_word' id='word_1_815' title='bbox 3049 4479 3174 4520; x_wconf 92' lang='lat' dir='ltr'><strong>non</strong></span> <span class='ocrx_word' id='word_1_816' title='bbox 3229 4463 3502 4521; x_wconf 90' lang='lat' dir='ltr'><strong>dicamus</strong></span> <span class='ocrx_word' id='word_1_817' title='bbox 3524 4467 3980 4535; x_wconf 67' lang='lat' dir='ltr'><strong>prwseientiau.</strong></span> 
     </span>
    </p>
   </div>
   <div class='ocr_carea' id='block_1_111' title="bbox 2313 4552 3981 4624">
    <p class='ocr_par' dir='ltr' id='par_1_111' title="bbox 2313 4552 3981 4624">
     <span class='ocr_line' id='line_1_111' title="bbox 2313 4552 3981 4624; baseline 0.002 -15"><span class='ocrx_word' id='word_1_818' title='bbox 2313 4553 2436 4624; x_wconf 89' lang='lat' dir='ltr'><strong>Dei,</strong></span> <span class='ocrx_word' id='word_1_819' title='bbox 2510 4552 2617 4609; x_wconf 89' lang='lat' dir='ltr'><strong>sed</strong></span> <span class='ocrx_word' id='word_1_820' title='bbox 2696 4552 3120 4610; x_wconf 89' lang='lat' dir='ltr'><strong>tantummodo</strong></span> <span class='ocrx_word' id='word_1_821' title='bbox 3195 4555 3526 4611; x_wconf 79' lang='lat' dir='ltr'><strong>scientiam.</strong></span> <span class='ocrx_word' id='word_1_822' title='bbox 3617 4556 3981 4620; x_wconf 69' lang='lat' dir='ltr'><strong>Quaeramus</strong></span> 
     </span>
    </p>
   </div>
   <div class='ocr_carea' id='block_1_112' title="bbox 2313 4641 3982 4715">
    <p class='ocr_par' dir='ltr' id='par_1_112' title="bbox 2313 4641 3982 4715">
     <span class='ocr_line' id='line_1_112' title="bbox 2313 4641 3982 4715; baseline 0.001 -16"><span class='ocrx_word' id='word_1_823' title='bbox 2313 4647 2370 4700; x_wconf 87' lang='lat' dir='ltr'><strong>et</strong></span> <span class='ocrx_word' id='word_1_824' title='bbox 2408 4642 2524 4698; x_wconf 93' lang='lat' dir='ltr'><strong>hoc</strong></span> <span class='ocrx_word' id='word_1_825' title='bbox 2553 4641 2864 4715; x_wconf 91' lang='lat' dir='ltr'><strong>quomodo</strong></span> <span class='ocrx_word' id='word_1_826' title='bbox 2899 4660 2911 4698; x_wconf 86' lang='lat'><strong>:</strong></span> <span class='ocrx_word' id='word_1_827' title='bbox 2947 4658 3069 4699; x_wconf 90' lang='lat' dir='ltr'><strong>non</strong></span> <span class='ocrx_word' id='word_1_828' title='bbox 3117 4642 3279 4699; x_wconf 88' lang='lat' dir='ltr'><strong>enim</strong></span> <span class='ocrx_word' id='word_1_829' title='bbox 3332 4643 3642 4700; x_wconf 89' lang='lat' dir='ltr'><strong>scientiam</strong></span> <span class='ocrx_word' id='word_1_830' title='bbox 3704 4643 3982 4700; x_wconf 73' lang='lat' dir='ltr'><strong>solemus</strong></span> 
     </span>
    </p>
   </div>
   <div class='ocr_carea' id='block_1_113' title="bbox 2311 4731 3980 4800">
    <p class='ocr_par' dir='ltr' id='par_1_113' title="bbox 2311 4731 3980 4800">
     <span class='ocr_line' id='line_1_113' title="bbox 2311 4731 3980 4800; baseline -0.001 -12"><span class='ocrx_word' id='word_1_831' title='bbox 2311 4731 2507 4789; x_wconf 90' lang='lat' dir='ltr'><strong>dicere</strong></span> <span class='ocrx_word' id='word_1_832' title='bbox 2528 4732 2590 4788; x_wconf 91' lang='lat' dir='ltr'><strong>in</strong></span> <span class='ocrx_word' id='word_1_833' title='bbox 2614 4732 2812 4800; x_wconf 89' lang='lat' dir='ltr'><strong>nobis,</strong></span> <span class='ocrx_word' id='word_1_834' title='bbox 2845 4731 2962 4790; x_wconf 91' lang='lat' dir='ltr'><strong>nisi</strong></span> <span class='ocrx_word' id='word_1_835' title='bbox 2986 4747 3126 4788; x_wconf 91' lang='lat' dir='ltr'><strong>cum</strong></span> <span class='ocrx_word' id='word_1_836' title='bbox 3181 4748 3362 4790; x_wconf 91' lang='lat' dir='ltr'><strong>sensa</strong></span> <span class='ocrx_word' id='word_1_837' title='bbox 3411 4736 3468 4789; x_wconf 91' lang='lat' dir='ltr'><strong>et</strong></span> <span class='ocrx_word' id='word_1_838' title='bbox 3514 4731 3821 4789; x_wconf 78' lang='lat' dir='ltr'><strong>intellecta</strong></span> <span class='ocrx_word' id='word_1_839' title='bbox 3855 4752 3980 4790; x_wconf 65' lang='lat' dir='ltr'><strong>me.</strong></span> 
     </span>
    </p>
   </div>
   <div class='ocr_carea' id='block_1_114' title="bbox 2310 4821 3979 4898">
    <p class='ocr_par' dir='ltr' id='par_1_114' title="bbox 2310 4821 3979 4898">
     <span class='ocr_line' id='line_1_114' title="bbox 2310 4821 3979 4898; baseline -0.002 -18"><span class='ocrx_word' id='word_1_840' title='bbox 2310 4823 2505 4880; x_wconf 86' lang='lat' dir='ltr'><strong>moria</strong></span> <span class='ocrx_word' id='word_1_841' title='bbox 2531 4823 2875 4892; x_wconf 89' lang='lat' dir='ltr'><strong>retinemus,</strong></span> <span class='ocrx_word' id='word_1_842' title='bbox 2911 4821 2973 4878; x_wconf 88' lang='lat' dir='ltr'><strong>id</strong></span> <span class='ocrx_word' id='word_1_843' title='bbox 2991 4827 3079 4880; x_wconf 88' lang='lat' dir='ltr'><strong>est</strong></span> <span class='ocrx_word' id='word_1_844' title='bbox 3111 4838 3250 4878; x_wconf 92' lang='lat' dir='ltr'><strong>cum</strong></span> <span class='ocrx_word' id='word_1_845' title='bbox 3293 4822 3683 4879; x_wconf 89' lang='lat' dir='ltr'><strong>meminimus</strong></span> <span class='ocrx_word' id='word_1_846' title='bbox 3742 4822 3979 4898; x_wconf 74' lang='lat' dir='ltr'><strong>aliquid</strong></span> 
     </span>
    </p>
   </div>
   <div class='ocr_carea' id='block_1_115' title="bbox 2307 4910 3978 4986">
    <p class='ocr_par' dir='ltr' id='par_1_115' title="bbox 2307 4910 3978 4986">
     <span class='ocr_line' id='line_1_115' title="bbox 2307 4910 3978 4986; baseline 0.002 -19"><span class='ocrx_word' id='word_1_847' title='bbox 2307 4912 2561 4969; x_wconf 91' lang='lat' dir='ltr'><strong>sensisse</strong></span> <span class='ocrx_word' id='word_1_848' title='bbox 2581 4927 2693 4969; x_wconf 90' lang='lat' dir='ltr'><strong>nos</strong></span> <span class='ocrx_word' id='word_1_849' title='bbox 2714 4911 2809 4968; x_wconf 90' lang='lat' dir='ltr'><strong>vel</strong></span> <span class='ocrx_word' id='word_1_850' title='bbox 2836 4910 3216 4978; x_wconf 82' lang='lat' dir='ltr'><strong>intellexisse,</strong></span> <span class='ocrx_word' id='word_1_851' title='bbox 3245 4915 3311 4970; x_wconf 90' lang='lat' dir='ltr'><strong>ut</strong></span> <span class='ocrx_word' id='word_1_852' title='bbox 3333 4911 3396 4969; x_wconf 92' lang='lat' dir='ltr'><strong>id</strong></span> <span class='ocrx_word' id='word_1_853' title='bbox 3432 4912 3598 4986; x_wconf 91' lang='lat' dir='ltr'><strong>quod</strong></span> <span class='ocrx_word' id='word_1_854' title='bbox 3646 4913 3792 4985; x_wconf 88' lang='lat' dir='ltr'><strong>[al.,</strong></span> <span class='ocrx_word' id='word_1_855' title='bbox 3831 4931 3978 4986; x_wconf 63' lang='lat' dir='ltr'><strong>cum,</strong></span> 
     </span>
    </p>
   </div>
   <div class='ocr_carea' id='block_1_116' title="bbox 2304 4989 3978 5072">
    <p class='ocr_par' dir='ltr' id='par_1_116' title="bbox 2304 4989 3978 5072">
     <span class='ocr_line' id='line_1_116' title="bbox 2304 4989 3978 5072; baseline 0.002 -15"><span class='ocrx_word' id='word_1_856' title='bbox 2304 5002 2586 5060; x_wconf 88' lang='lat' dir='ltr'><strong>volumus</strong></span> <span class='ocrx_word' id='word_1_857' title='bbox 2626 5001 2983 5059; x_wconf 90' lang='lat' dir='ltr'><strong>recolamus.</strong></span> <span class='ocrx_word' id='word_1_858' title='bbox 3043 5002 3218 5069; x_wconf 89' lang='lat' dir='ltr'><strong>Quod</strong></span> <span class='ocrx_word' id='word_1_859' title='bbox 3246 5002 3294 5058; x_wconf 91' lang='lat' dir='ltr'><strong>si</strong></span> <span class='ocrx_word' id='word_1_860' title='bbox 3351 5002 3434 5060; x_wconf 88' lang='lat' dir='ltr'><strong>ita</strong></span> <span class='ocrx_word' id='word_1_861' title='bbox 3472 5003 3534 5058; x_wconf 92' lang='lat' dir='ltr'><strong>in</strong></span> <span class='ocrx_word' id='word_1_862' title='bbox 3578 5004 3700 5059; x_wconf 91' lang='lat' dir='ltr'><strong>Deo</strong></span> <span class='ocrx_word' id='word_1_863' title='bbox 3754 5008 3868 5068; x_wconf 86' lang='lat' dir='ltr'><strong>est,</strong></span> 
     </span>
    </p>
   </div>
   <div class='ocr_carea' id='block_1_117' title="bbox 2305 5091 3974 5166">
    <p class='ocr_par' dir='ltr' id='par_1_117' title="bbox 2305 5091 3974 5166">
     <span class='ocr_line' id='line_1_117' title="bbox 2305 5091 3974 5166; baseline -0.002 -18"><span class='ocrx_word' id='word_1_864' title='bbox 2305 5091 2495 5166; x_wconf 89' lang='lat' dir='ltr'><strong>possit</strong></span> <span class='ocrx_word' id='word_1_865' title='bbox 2533 5091 2774 5164; x_wconf 90' lang='lat' dir='ltr'><strong>proprie</strong></span> <span class='ocrx_word' id='word_1_866' title='bbox 2805 5091 2922 5148; x_wconf 90' lang='lat' dir='ltr'><strong>dici</strong></span> <span class='ocrx_word' id='word_1_867' title='bbox 2952 5092 3238 5163; x_wconf 79' lang='lat' dir='ltr'><strong>intelligit</strong></span> <span class='ocrx_word' id='word_1_868' title='bbox 3268 5098 3322 5149; x_wconf 86' lang='lat' dir='ltr'><strong>et</strong></span> <span class='ocrx_word' id='word_1_869' title='bbox 3354 5093 3656 5148; x_wconf 71' lang='lat' dir='ltr'><strong>intellexit</strong></span> <span class='ocrx_word' id='word_1_870' title='bbox 3679 5111 3694 5160; x_wconf 87' lang='lat'><strong>;</strong></span> <span class='ocrx_word' id='word_1_871' title='bbox 3716 5095 3915 5150; x_wconf 76' lang='lat' dir='ltr'><strong>sentit</strong></span> <span class='ocrx_word' id='word_1_872' title='bbox 3934 5100 3974 5148; x_wconf 63' lang='lat' dir='ltr'><strong>ct</strong></span> 
     </span>
    </p>
   </div>
   <div class='ocr_carea' id='block_1_118' title="bbox 2304 5180 3974 5254">
    <p class='ocr_par' dir='ltr' id='par_1_118' title="bbox 2304 5180 3974 5254">
     <span class='ocr_line' id='line_1_118' title="bbox 2304 5180 3974 5254; baseline 0 -16"><span class='ocrx_word' id='word_1_873' title='bbox 2304 5181 2504 5250; x_wconf 79' lang='lat' dir='ltr'><strong>sensit,</strong></span> <span class='ocrx_word' id='word_1_874' title='bbox 2535 5181 2750 5238; x_wconf 93' lang='lat' dir='ltr'><strong>amittit</strong></span> <span class='ocrx_word' id='word_1_875' title='bbox 2779 5184 3038 5254; x_wconf 90' lang='lat' dir='ltr'><strong>tempus,</strong></span> <span class='ocrx_word' id='word_1_876' title='bbox 3067 5184 3126 5238; x_wconf 87' lang='lat' dir='ltr'><strong>et</strong></span> <span class='ocrx_word' id='word_1_877' title='bbox 3146 5180 3402 5254; x_wconf 87' lang='lat' dir='ltr'><strong>subripit</strong></span> <span class='ocrx_word' id='word_1_878' title='bbox 3431 5180 3839 5238; x_wconf 88' lang='lat' dir='ltr'><strong>nihilominus</strong></span> 
     </span>
    </p>
   </div>
   <div class='ocr_carea' id='block_1_119' title="bbox 2301 5269 3970 5344">
    <p class='ocr_par' dir='ltr' id='par_1_119' title="bbox 2301 5269 3970 5344">
     <span class='ocr_line' id='line_1_119' title="bbox 2301 5269 3970 5344; baseline 0.001 -16"><span class='ocrx_word' id='word_1_879' title='bbox 2301 5269 2691 5340; x_wconf 89' lang='lat' dir='ltr'><strong>mutabilitas,</strong></span> <span class='ocrx_word' id='word_1_880' title='bbox 2723 5287 2861 5344; x_wconf 74' lang='lat' dir='ltr'><strong>quze</strong></span> <span class='ocrx_word' id='word_1_881' title='bbox 2887 5270 3063 5342; x_wconf 81' lang='lat' dir='ltr'><strong>longe</strong></span> <span class='ocrx_word' id='word_1_882' title='bbox 3092 5286 3129 5328; x_wconf 89' lang='lat' dir='ltr'><strong>a</strong></span> <span class='ocrx_word' id='word_1_883' title='bbox 3153 5271 3255 5327; x_wconf 90' lang='lat' dir='ltr'><strong>Dei</strong></span> <span class='ocrx_word' id='word_1_884' title='bbox 3285 5270 3626 5328; x_wconf 89' lang='lat' dir='ltr'><strong>substantia</strong></span> <span class='ocrx_word' id='word_1_885' title='bbox 3647 5287 3970 5330; x_wconf 76' lang='lat' dir='ltr'><strong>removen-</strong></span> 
     </span>
    </p>
   </div>
   <div class='ocr_carea' id='block_1_120' title="bbox 2301 5361 3968 5436">
    <p class='ocr_par' dir='ltr' id='par_1_120' title="bbox 2301 5361 3968 5436">
     <span class='ocr_line' id='line_1_120' title="bbox 2301 5361 3968 5436; baseline 0.001 -18"><span class='ocrx_word' id='word_1_886' title='bbox 2301 5361 2382 5418; x_wconf 87' lang='lat' dir='ltr'><strong>da</strong></span> <span class='ocrx_word' id='word_1_887' title='bbox 2412 5365 2518 5419; x_wconf 90' lang='lat' dir='ltr'><strong>est.</strong></span> <span class='ocrx_word' id='word_1_888' title='bbox 2549 5364 2616 5418; x_wconf 90' lang='lat' dir='ltr'><strong>Et</strong></span> <span class='ocrx_word' id='word_1_889' title='bbox 2648 5365 2852 5418; x_wconf 88' lang='lat' dir='ltr'><strong>tamen</strong></span> <span class='ocrx_word' id='word_1_890' title='bbox 2877 5365 2935 5418; x_wconf 90' lang='lat' dir='ltr'><strong>et</strong></span> <span class='ocrx_word' id='word_1_891' title='bbox 2954 5361 3062 5418; x_wconf 90' lang='lat' dir='ltr'><strong>scit</strong></span> <span class='ocrx_word' id='word_1_892' title='bbox 3090 5364 3248 5418; x_wconf 90' lang='lat' dir='ltr'><strong>Deus</strong></span> <span class='ocrx_word' id='word_1_893' title='bbox 3272 5365 3330 5419; x_wconf 91' lang='lat' dir='ltr'><strong>et</strong></span> <span class='ocrx_word' id='word_1_894' title='bbox 3364 5361 3601 5436; x_wconf 71' lang='lat' dir='ltr'><strong>prtBSCit</strong></span> <span class='ocrx_word' id='word_1_895' title='bbox 3630 5363 3800 5419; x_wconf 88' lang='lat' dir='ltr'><strong>Deus</strong></span> <span class='ocrx_word' id='word_1_896' title='bbox 3833 5361 3968 5419; x_wconf 46' lang='lat' dir='ltr'><strong>inet.</strong></span> 
     </span>
    </p>
   </div>
   <div class='ocr_carea' id='block_1_121' title="bbox 2302 5447 3963 5525">
    <p class='ocr_par' dir='ltr' id='par_1_121' title="bbox 2302 5447 3963 5525">
     <span class='ocr_line' id='line_1_121' title="bbox 2302 5447 3963 5525; baseline 0.004 -23"><span class='ocrx_word' id='word_1_897' title='bbox 2302 5447 2468 5505; x_wconf 84' lang='lat' dir='ltr'><strong>fabili</strong></span> <span class='ocrx_word' id='word_1_898' title='bbox 2497 5450 2700 5508; x_wconf 91' lang='lat' dir='ltr'><strong>modo.</strong></span> <span class='ocrx_word' id='word_1_899' title='bbox 2735 5449 2827 5506; x_wconf 87' lang='lat' dir='ltr'><strong>Sic</strong></span> <span class='ocrx_word' id='word_1_900' title='bbox 2853 5451 3014 5507; x_wconf 90' lang='lat' dir='ltr'><strong>enim</strong></span> <span class='ocrx_word' id='word_1_901' title='bbox 3053 5454 3110 5507; x_wconf 91' lang='lat' dir='ltr'><strong>ct</strong></span> <span class='ocrx_word' id='word_1_902' title='bbox 3139 5451 3388 5525; x_wconf 67' lang='lat' dir='ltr'><strong>paenitet</strong></span> <span class='ocrx_word' id='word_1_903' title='bbox 3436 5450 3729 5509; x_wconf 77' lang='lat' dir='ltr'><strong>ineffabili</strong></span> <span class='ocrx_word' id='word_1_904' title='bbox 3764 5453 3963 5510; x_wconf 85' lang='lat' dir='ltr'><strong>modo.</strong></span> 
     </span>
    </p>
   </div>
   <div class='ocr_carea' id='block_1_122' title="bbox 2302 5537 3966 5614">
    <p class='ocr_par' dir='ltr' id='par_1_122' title="bbox 2302 5537 3966 5614">
     <span class='ocr_line' id='line_1_122' title="bbox 2302 5537 3966 5614; baseline 0.002 -24"><span class='ocrx_word' id='word_1_905' title='bbox 2302 5537 2450 5594; x_wconf 90' lang='lat' dir='ltr'><strong>Cum</strong></span> <span class='ocrx_word' id='word_1_906' title='bbox 2481 5539 2641 5596; x_wconf 91' lang='lat' dir='ltr'><strong>enim</strong></span> <span class='ocrx_word' id='word_1_907' title='bbox 2667 5539 2914 5596; x_wconf 88' lang='lat' dir='ltr'><strong>scientia</strong></span> <span class='ocrx_word' id='word_1_908' title='bbox 2962 5539 3064 5596; x_wconf 92' lang='lat' dir='ltr'><strong>Dei</strong></span> <span class='ocrx_word' id='word_1_909' title='bbox 3111 5539 3288 5612; x_wconf 89' lang='lat' dir='ltr'><strong>longe</strong></span> <span class='ocrx_word' id='word_1_910' title='bbox 3335 5539 3512 5614; x_wconf 88' lang='lat' dir='ltr'><strong>distet</strong></span> <span class='ocrx_word' id='word_1_911' title='bbox 3567 5539 3646 5597; x_wconf 89' lang='lat' dir='ltr'><strong>ab</strong></span> <span class='ocrx_word' id='word_1_912' title='bbox 3693 5540 3966 5599; x_wconf 78' lang='lat' dir='ltr'><strong>humana</strong></span> 
     </span>
    </p>
   </div>
   <div class='ocr_carea' id='block_1_123' title="bbox 2301 5625 3963 5704">
    <p class='ocr_par' dir='ltr' id='par_1_123' title="bbox 2301 5625 3963 5704">
     <span class='ocr_line' id='line_1_123' title="bbox 2301 5625 3963 5704; baseline 0.001 -22"><span class='ocrx_word' id='word_1_913' title='bbox 2301 5625 2564 5696; x_wconf 86' lang='lat' dir='ltr'><strong>scientia,</strong></span> <span class='ocrx_word' id='word_1_914' title='bbox 2594 5628 2678 5687; x_wconf 85' lang='lat' dir='ltr'><strong>ita</strong></span> <span class='ocrx_word' id='word_1_915' title='bbox 2708 5632 2772 5686; x_wconf 91' lang='lat' dir='ltr'><strong>ut</strong></span> <span class='ocrx_word' id='word_1_916' title='bbox 2801 5627 3106 5688; x_wconf 74' lang='lat' dir='ltr'><strong>irridendo.</strong></span> <span class='ocrx_word' id='word_1_917' title='bbox 3137 5629 3212 5687; x_wconf 91' lang='lat' dir='ltr'><strong>sit</strong></span> <span class='ocrx_word' id='word_1_918' title='bbox 3261 5629 3654 5702; x_wconf 87' lang='lat' dir='ltr'><strong>comparatio,</strong></span> <span class='ocrx_word' id='word_1_919' title='bbox 3709 5634 3963 5704; x_wconf 77' lang='lat' dir='ltr'><strong>utraque</strong></span> 
     </span>
    </p>
   </div>
  </div>
