4112 6184
161 217 306 270 H37

1096 218 1186 272 DE
1226 212 1904 274 PREDESTINATIONE
1947 213 2227 271 CONTRA
2273 217 2324 270 J.
2375 215 2659 272 SCOTUM

3452 222 3586 275 H38

152 342 373 394 tamen
408 336 660 394 scientia
687 342 958 409 vocatur,
992 343 1049 396 et
1085 339 1216 397 haec
1261 341 1509 414 quidem
1560 341 1834 398 humana
1863 340 1910 394 A
1940 339 2120 395 etiam
2149 339 2211 396 id
2240 340 2441 414 ipsum
2471 339 2637 414 quod
2670 341 2826 395 Deus
2855 337 3069 395 dicitur
3097 337 3274 408 longe
3307 339 3472 398 aliud
3499 347 3592 400 est

153 427 299 484 talis
324 429 431 494 est,
460 429 528 483 ut
547 426 623 483 de
650 426 752 484 illa
775 427 936 485 dicat
957 429 1275 502 Apostolus
1307 447 1321 486 :
1345 431 1546 488 Etiam
1577 430 1828 487 scientia

152 515 590 587 destrueturu
620 517 757 572 Cor.
790 531 914 588 xm,
947 519 1022 589 9),
1055 518 1222 590 quod
1246 519 1413 576 nullo
1441 519 1626 577 modo
1669 522 1825 575 recte

151 605 242 661 de
275 603 529 660 scientia
549 603 650 660 Dei
672 603 790 660 dici
817 610 1034 678 potest.
1082 606 1174 662 Sic
1205 613 1261 664 et
1289 608 1381 665 ira
1407 608 1674 665 hominis
1703 611 1821 663 tur-

151 693 312 750 bida
343 695 453 755 est,
488 696 546 750 et
567 707 692 749 non
723 693 850 750 sine
882 694 1148 752 cruciatu
1169 696 1392 765 animi;
1422 697 1512 755 ira
1535 712 1678 753 vero
1701 695 1822 762 Dei,

151 781 238 837 de
277 796 405 853 qua
432 780 652 838 dicitur
681 780 743 837 in
775 782 1130 853 Evangelia:
1178 784 1299 841 Sed
1351 785 1447 841 ira
1475 785 1584 841 Dei
1625 788 1828 840 manet

149 885 350 940 super
379 885 511 927 eum
538 870 739 942 (Joan.
773 887 856 939 ιιι,
888 872 997 942 36).
1025 874 1090 929 Et
1115 873 1471 946 Apostolus:
1504 873 1827 930 Revelatur

151 961 320 1017 enim
354 961 448 1016 ira
478 961 590 1016 Dei
636 960 708 1017 de
755 962 899 1018 caelo
957 977 1136 1032 super
1186 979 1412 1020 omnem
1466 963 1824 1034 impietatem

154 1052 358 1116 (Rom.
385 1066 425 1120 1,
463 1049 678 1121 18),illa
701 1050 863 1106 enim
893 1051 1321 1124 tranquillitate
1332 1053 1551 1125 jugiter
1580 1066 1826 1110 manen-

151 1144 212 1196 te
248 1139 313 1195 in
345 1143 619 1196 creatura
642 1139 885 1197 subdita
913 1147 1144 1198 exercet
1176 1142 1517 1198 admirabili
1548 1142 1825 1215 aequitate

153 1229 520 1285 vindictam.
581 1230 978 1287 Misericordia
1028 1247 1273 1304 quoque
1329 1231 1590 1288 hominis
1642 1231 1826 1288 habet

150 1317 525 1374 nonnullam
557 1318 753 1375 cordis
780 1318 1123 1387 miseriam;
1149 1319 1310 1377 unde
1340 1321 1518 1377 etiam
1547 1319 1609 1376 in
1637 1319 1826 1376 latina

151 1408 376 1478 lingua
407 1424 628 1465 nomen
684 1410 946 1483 accepit:
976 1425 1119 1466 nam
1165 1411 1304 1467 inde
1334 1415 1422 1466 est
1445 1411 1627 1467 etiam
1659 1410 1824 1483 quod

151 1514 286 1555 non
321 1498 520 1554 solum
543 1499 807 1568 gaudere
836 1515 969 1556 cum
1022 1500 1441 1571 gaudentibus,
1488 1499 1592 1556 sed
1643 1499 1822 1556 etiam

156 1589 313 1656 ﬂere
343 1603 476 1643 cum
505 1587 783 1653 ﬂentibus
811 1587 1084 1644 hortatur
1131 1588 1448 1662 Apostolus
1489 1589 1674 1658 (Rom.
1717 1604 1818 1654 xu,

1937 444 2124 501 quam
2163 429 2683 502 quemadmodum
2712 432 2800 485 est
2829 429 3055 485 dictum
3111 418 3278 500 quod
3316 432 3477 486 stetit
3527 434 3589 488 in

1935 532 2244 590 synagoga
2275 518 2540 590 deorum,
2573 521 2775 576 tamen
2807 517 2885 574 ad
2942 532 3060 573 non
3096 518 3283 574 latere
3311 533 3590 592 quoquo-

1936 607 2122 663 modo
2151 608 2402 681 pertinet
2445 607 2916 664 communicatio
2964 607 3095 679 ipsa
3151 607 3451 664 vocabuli.
3498 609 3590 666 Sic

1936 696 2114 752 etiam
2145 696 2218 753 de
2239 697 2597 755 irahominis
2627 697 2877 754 detraho
2906 695 3314 752 turbulentum
3331 700 3587 770 motum,

1937 786 2002 840 ut
2024 787 2333 842 remaneat
2361 785 2634 842 vindictae
2667 785 2870 857 vigor:
2924 788 3104 857 atque
3148 784 3230 841 ita
3281 788 3588 859 utcunque

1935 887 2190 942 assurgo
2216 873 2274 928 in
2314 873 2584 930 notitiam
2614 873 2768 930 illius
2798 890 2934 947 quae
2979 872 3315 946 appellatur
3345 874 3435 930 ira
3464 875 3589 930 Dei.

1936 961 2081 1018 Item
2111 962 2184 1018 de
2197 962 2603 1020 misericordia
2621 963 2668 1019 si
2686 962 2919 1021 auferas
2938 962 3587 1035 compassionem,cum

1936 1051 2065 1123 ejus
2097 1067 2279 1125 quem
2309 1051 2663 1119 miserearis,
2697 1051 3086 1125 participatus
3116 1067 3178 1107 es
3217 1051 3489 1124 miseriae,
3522 1057 3587 1108 ut

1934 1142 2576 1215 remaneattranquilla
2592 1142 2829 1199 bonitas
2853 1141 3245 1197 subveniendi
3273 1145 3329 1199 et
3352 1159 3388 1198 a
3411 1143 3588 1200 mise-

1935 1231 2021 1287 ria
2044 1231 2361 1303 liberandi,
2396 1233 2733 1288 insinuatur
2750 1230 3168 1287 misericordiae
3199 1230 3414 1287 divinae
3437 1249 3585 1305 qua-

1933 1319 2246 1393 liscunque
2285 1321 2563 1391 cognitio.
2597 1319 2798 1376 Zelum
2843 1335 3086 1393 quoque
3118 1319 3218 1375 Dei
3246 1334 3372 1375 non
3411 1337 3585 1393 repu-

1934 1409 2170 1466 diemus
2188 1415 2241 1480 et
2270 1426 2681 1483 aspernemur,
2702 1426 2838 1465 cum
2866 1410 3154 1481 scriptum
3179 1409 3581 1476 inveniamus;

1933 1498 2038 1555 sed
2069 1499 2413 1556 auferamus
2445 1499 2518 1556 de
2566 1501 2834 1556 humano
2865 1499 2988 1555 zelo
3049 1498 3337 1571 pallidam
3381 1501 3583 1556 tabem

1933 1588 2174 1656 doloris,
2210 1593 2266 1646 et
2296 1589 2638 1646 morbidum
2692 1587 3206 1662 perturbationem
3261 1589 3468 1661 animi,
3500 1607 3586 1647 re-

165 1677 278 1748 15).
304 1675 450 1741 Quis
493 1680 693 1732 autem
725 1692 873 1732 sano
903 1677 1097 1750 capite
1145 1677 1358 1734 dixerit
1412 1677 1536 1734 ulla
1583 1676 1824 1733 miseria
1852 1695 1892 1750 Β
1931 1683 2292 1752 maneatque
2309 1678 2454 1735 illud
2485 1678 2678 1734 solum
2701 1678 2989 1734 indicium
3004 1695 3125 1750 quo
3140 1679 3584 1751 corruptiocas-

158 1764 336 1835 tangi
363 1765 574 1833 Deum,
606 1780 788 1838 quem
819 1769 1019 1822 tamen
1045 1765 1273 1839 ubique
1310 1767 1613 1839 Scriptura
1641 1765 1820 1822 mise-

155 1854 467 1910 ricordem
499 1855 629 1925 [al.,
661 1853 864 1910 multa:
921 1855 1367 1926 misericordiae]
1393 1871 1521 1912 esse
1551 1860 1818 1911 testatur.

156 1947 256 2001 Ira
286 1947 346 2000 et
374 1943 566 2000 zelum
587 1944 923 2001 humanum
955 1961 1077 2002 non
1103 1945 1232 2002 sine
1251 1949 1417 2018 peste
1435 1945 1640 2002 livoris
1659 1944 1823 2002 intel-

155 2033 444 2106 ligimus;
475 2034 766 2092 zelantem
787 2051 928 2093 vero
961 2038 1149 2092 Deum
1175 2036 1413 2107 (Exod,
1435 2053 1535 2105 xx,
1555 2041 1818 2105 5;xxx1v,

161 2127 253 2197 14)
283 2139 409 2181 non
441 2125 542 2194 ita,
574 2124 679 2181 sed
709 2125 922 2183 eodem
951 2125 1157 2194 verbo,
1197 2141 1323 2183 non
1362 2126 1578 2184 eodem
1600 2124 1816 2182 modo:

158 2215 418 2284 longum
449 2219 535 2270 est
565 2230 910 2287 percurrere
936 2219 1168 2284 caetera,
1203 2220 1259 2272 et
1290 2221 1431 2271 sunt
1478 2216 1822 2272 innumera-

157 2303 328 2374 bilia,
361 2303 586 2376 quibus
646 2303 980 2360 ostenditur
1019 2305 1208 2362 multa
1239 2304 1444 2361 divina
1469 2303 1683 2361 iisdem
1710 2318 1819 2360 no-

162 2392 437 2449 minibus
469 2392 758 2466 appellari
783 2393 1005 2466 quibus
1043 2394 1313 2451 humana
1344 2410 1482 2451 cum
1514 2394 1822 2467 incompa-

159 2480 345 2539 rabili
381 2480 725 2538 diversitate
752 2483 1025 2552 sejuncta
1047 2487 1203 2539 sunt.
1236 2484 1354 2539 Nec
1384 2486 1584 2538 tamen
1603 2481 1822 2538 frustra

160 2570 384 2627 eadem
423 2574 562 2626 sunt
589 2570 772 2627 rebus
804 2571 1074 2645 utrisque
1123 2571 1312 2628 indita
1340 2570 1674 2638 vocabula;
1706 2571 1820 2628 nisi

161 2660 316 2734 quia
335 2660 463 2716 haec
487 2660 888 2734 cognita,quae
915 2660 973 2716 in
1005 2661 1362 2734 quotidiana
1390 2659 1821 2718 consuetudine

158 2753 487 2806 versantur
516 2753 570 2806 et
626 2749 1048 2823 experimentis
1109 2751 1515 2808 usitatioribus
1565 2751 1822 2807 innotes-

164 2845 334 2904 cunt,
365 2840 718 2896 nonnullam
736 2840 816 2897 ad
834 2839 1219 2912 intelligenda
1244 2841 1345 2898 illa
1370 2840 1650 2898 sublimia
1673 2857 1822 2914 prae-

163 2930 313 2985 bent
335 2928 549 2985 viam?
573 2931 721 2985 Cum
769 2929 929 2986 enim
984 2929 1376 3003 desumpsero
1432 2929 1508 2991 de
1553 2929 1823 2986 humana

1933 1769 2107 1826 litatis
2133 1768 2432 1842 impunita
2462 1783 2592 1824 esse
2616 1783 2740 1823 non
2772 1767 3000 1835 sinitur,
3037 1773 3092 1823 et
3121 1768 3494 1837 assurgimus
3520 1774 3586 1847 ut

1930 1858 2292 1931 incipiamus
2341 1858 2543 1930 aliquo
2590 1857 2774 1912 modo
2807 1872 3019 1928 capere
3051 1856 3241 1912 zelum
3271 1857 3391 1912 Dei.
3429 1861 3584 1922 Qua-

1928 1952 2171 2022 propter
2199 1964 2340 2004 cum
2367 1947 2623 2018 legimus
2654 1946 2832 2002 etiam
2864 1949 3051 2001 Deum
3091 1945 3407 2014 dicentem,
3461 1963 3586 2016 pte-

1931 2038 2078 2094 nitet
2106 2051 2196 2092 me
2223 2037 2271 2108 (Ι
2296 2036 2434 2106 Reg.
2460 2051 2556 2102 xv,
2585 2038 2694 2106 ll),
2710 2033 3164 2091 consideramus
3184 2032 3330 2106 quid
3360 2033 3421 2089 id
3449 2049 3582 2090 csse

1931 2124 2118 2182 soleat
2144 2124 2204 2180 in
2225 2123 2575 2180 hominibus
2601 2138 2758 2197 opus
2808 2121 3159 2196 pmnitendi,
3191 2138 3329 2178 cum
3372 2121 3584 2195 procul

1930 2214 2116 2270 dubio
2141 2213 2431 2287 reperitur
2453 2213 2733 2270 voluntas
2773 2210 3083 2268 mutandi:
3114 2211 3222 2267 sed
3251 2212 3313 2267 in
3337 2211 3582 2268 homine

1931 2319 2071 2360 cum
2091 2303 2295 2360 dolore
2326 2302 2643 2371 animiest;
2666 2301 3040 2375 reprehensit
3067 2299 3228 2357 enim
3249 2300 3313 2356 in
3334 2317 3396 2356 se
3416 2301 3585 2374 quod

1931 2397 2152 2450 temere
2183 2392 2702 2450 fecitAuferamus
2733 2407 2876 2462 ergo
2905 2391 3018 2448 ista
3044 2407 3177 2464 quae
3208 2390 3284 2448 de
3311 2391 3586 2449 humana

1928 2481 2271 2540 inﬁrmitate
2301 2487 2482 2555 atque
2511 2481 2853 2553 ignorantia
2894 2480 3158 2551 veniunt,
3185 2482 3243 2536 et
3268 2483 3585 2537 remaneat

1931 2570 2127 2628 solum
2153 2571 2301 2628 velle
2327 2574 2394 2627 ut
2423 2585 2546 2628 non
2589 2571 2673 2627 ita
2702 2569 2776 2626 sit
2807 2568 3035 2642 aliquid
3062 2568 3586 2642 quemadmodum

1931 2666 2058 2720 erat
2081 2679 2092 2729 ;
2119 2661 2202 2716 sic
2224 2663 2421 2734 potest
2445 2657 2894 2733 aliquantulum
2921 2657 3181 2714 intimari
3227 2657 3413 2714 menti
3443 2672 3586 2714 nos-

1933 2756 2030 2808 trae
2058 2767 2180 2824 qua
2204 2749 2412 2821 regula
2439 2748 2798 2818 intelligatur
2843 2747 3010 2820 quod
3057 2746 3305 2820 poenitet
3348 2749 3532 2803 Deum
3571 2765 3584 2804 :

1932 2857 2071 2897 cum
2097 2840 2254 2896 enim
2287 2839 2573 2912 poenitere
2605 2837 2839 2904 dicitur,
2887 2836 3012 2892 vult
3042 2852 3167 2892 non
3196 2851 3326 2892 esse
3358 2835 3589 2908 aliquid

1934 2932 2085 2987 sicut
2107 2929 2327 2985 fecerat
2347 2932 2411 2984 ut
2445 2930 2621 2994 esset,
2659 2926 2766 2982 sed
2796 2929 2997 2982 tamen
3026 2928 3110 2996 ut,
3133 2940 3273 2980 cum
3304 2925 3385 2980 ita
3410 2927 3587 2994 esset,

164 3017 421 3074 scientia
452 3017 931 3089 mutabilitatem,
951 3023 1008 3076 et
1035 3020 1318 3076 transitus
1337 3019 1640 3092 quosdam
1671 3036 1707 3076 a
1728 3034 1823 3076 co—
1855 3053 1896 3108 C
1931 3020 2012 3077 ita
2041 3034 2170 3075 esse
2196 3016 2430 3084 debeat,
2461 3020 2534 3082 et,
2589 3030 2727 3070 cum
2757 3015 2838 3070 ita
2869 3030 3000 3068 esse
3026 3014 3156 3083 jam
3182 3028 3308 3068 non
3355 3012 3586 3080 sinitur,

161 3107 454 3179 gitatione
478 3107 540 3163 in
570 3108 1010 3178 cogitationem,
1043 3126 1179 3166 cum
1213 3107 1553 3179 recolimus,
1585 3114 1650 3164 ut
1698 3124 1822 3164 cer-

161 3211 388 3252 namus
408 3196 612 3252 animo
637 3197 803 3269 quod
826 3197 888 3253 in
905 3197 1174 3254 contuitu
1191 3197 1322 3268 ejus
1338 3196 1523 3270 paulo
1544 3200 1680 3253 ante
1701 3213 1823 3253 non

161 3288 516 3356 erat,atque
545 3283 629 3340 ita
661 3284 734 3340 de
765 3284 1012 3357 partein
1040 3290 1272 3358 partem
1303 3284 1526 3341 crebris
1551 3285 1825 3340 recorda-

171 3370 442 3427 tionibus
472 3371 854 3443 transilimus,
909 3373 1070 3430 unde
1127 3372 1308 3430 etiam
1361 3389 1435 3430 ea:
1475 3378 1656 3443 parte
1684 3371 1826 3429 dicit

164 3458 495 3532 Apostolus
555 3465 824 3518 nostram
881 3461 1245 3519 scientiam:
1299 3477 1438 3518 cum
1495 3476 1640 3532 ergo
1697 3461 1825 3517 haec

159 3552 390 3606 cuncta
413 3549 745 3618 detraxero,
775 3556 832 3609 et
855 3551 1152 3625 reliquero
1199 3551 1393 3608 solam
1450 3551 1826 3609 vivacitatem

164 3643 343 3694 certae
375 3641 551 3712 atque
580 3639 958 3697 inconcussas
976 3639 1262 3709 veritatis,
1311 3656 1434 3696 una
1464 3646 1644 3714 atque
1663 3644 1825 3697 aeter-

164 3743 247 3784 na
278 3727 784 3801 contemplatione
838 3732 1054 3786 cuncta
1081 3729 1504 3798 collustrantis,
1547 3730 1668 3786 imo
1702 3744 1826 3786 non

162 3817 488 3890 reliquero,
509 3832 633 3874 non
654 3817 816 3874 enim
835 3817 1018 3874 habet
1043 3821 1100 3874 et
1116 3817 1232 3874 hoc
1252 3817 1524 3874 humana
1555 3818 1823 3899 scientia,

163 3906 273 3962 sed
303 3922 416 3979 pro
445 3907 673 3964 viribus
697 3907 1059 3978 cogitavero,
1079 3907 1419 3963 insinuatur
1442 3907 1590 3964 mihi
1620 3912 1829 3965 utcun-

162 4012 284 4068 que
307 3995 558 4053 scientia
582 3997 704 4052 Dei.
740 3997 912 4062 Quod
933 4003 1138 4054 tamen
1166 4011 1413 4067 nomen,
1445 4011 1517 4050 ex
1563 4011 1632 4052 eo
1661 3997 1828 4068 quod

163 4084 416 4141 sciendo
447 4085 674 4157 aliquid
701 4101 825 4141 non
853 4083 1342 4149 latethominem,
1375 4084 1569 4157 potuit
1592 4099 1722 4141 esse
1743 4083 1827 4140 rei

163 4175 408 4247 utrique
431 4190 789 4243 commune;
822 4191 1177 4248 quanquam
1225 4178 1281 4230 et
1309 4174 1372 4230 in
1400 4173 1545 4247 ipsis
1575 4173 1829 4230 homini-

162 4264 282 4322 bus
316 4262 468 4320 solet
515 4263 776 4320 discerni
805 4280 841 4321 a
869 4263 1165 4337 sapientia
1206 4263 1471 4320 scientia.
1527 4266 1593 4320 Ut
1649 4264 1827 4321 etiam

163 4351 492 4427 Apostolus
518 4353 688 4412 dicit:
720 4355 851 4412 Atii
875 4353 1110 4427 quidem
1165 4353 1351 4410 datur
1392 4369 1506 4424 per
1548 4354 1827 4424 spiritum

163 4459 362 4500 sermo
432 4445 758 4513 sapientiae,
814 4446 926 4501 alii
975 4460 1164 4501 sermo
1202 4445 1462 4501 scientia:
1505 4445 1827 4502 secundum

164 4532 444 4590 eumdem
475 4534 748 4602 spiritum
779 4537 821 4601 (l
856 4535 1117 4603 00:21:11,
1147 4535 1223 4606 8).
1256 4534 1320 4590 In
1353 4537 1471 4591 Deo
1510 4538 1710 4592 autem
1740 4536 1827 4591 ni-

165 4622 399 4677 mirum
430 4635 552 4677 non
583 4626 722 4679 sunt
749 4623 878 4679 haec
924 4623 1046 4679 duo
1073 4623 1179 4679 sed
1209 4638 1420 4690 unum,
1455 4628 1510 4679 ct
1540 4622 1599 4679 in
1629 4623 1824 4679 homi-

167 4711 353 4776 nibus
381 4711 627 4784 quidem
652 4712 781 4769 haec
809 4712 892 4769 ita
919 4712 1179 4767 discerni
1210 4711 1595 4785 probabiliter
1635 4711 1828 4770 solent

167 4804 240 4854 ut
280 4799 571 4871 sapientia
602 4801 898 4874 pertineat
938 4799 1018 4858 ad
1048 4799 1413 4858 intellectum
1443 4804 1822 4868 aeternorum,

168 4887 424 4946 scientia
448 4906 590 4947 vero
622 4889 701 4946 ad
732 4906 804 4946 ea
834 4907 970 4961 quae
1001 4889 1277 4946 sensibus
1308 4888 1578 4962 corporis
1601 4890 1828 4962 experi-

162 4993 329 5033 mur.
359 4977 473 5033 Sed
501 4977 638 5034 licet
657 4976 809 5034 alius
826 4977 1007 5034 aliam
1037 4976 1433 5035 differentiam
1455 4977 1827 5052 proferat,ni-

163 5067 218 5121 si
246 5071 450 5123 tamen
481 5065 722 5124 diversa
749 5071 966 5135 essent,
999 5083 1123 5124 non
1157 5067 1240 5124 sic
1271 5068 1348 5126 ab
1398 5069 1683 5142 Apostolo
1714 5070 1825 5126 dis-

160 5154 606 5225 tinguerentur.
643 5153 816 5221 Quod
846 5170 992 5212 sane
1020 5156 1072 5212 si
1101 5156 1183 5213 ita
1207 5161 1297 5213 est
1329 5162 1391 5213 ut
1406 5173 1628 5217 nomen
1640 5159 1827 5217 scien-

159 5245 264 5302 tiae
307 5244 490 5301 rebus
518 5261 675 5318 quas
724 5260 831 5318 per
861 5260 1107 5302 sensum
1137 5245 1404 5320 corporis
1464 5249 1822 5322 experimur,

154 5334 588 5407 deputandum
619 5335 692 5392 sit
738 5336 868 5406 [al.,
921 5335 1322 5407 deputatum],
1368 5337 1534 5394 nulla
1564 5343 1651 5393 cst
1700 5353 1826 5394 om-

155 5423 315 5481 nino
347 5423 602 5480 scientia
624 5425 725 5481 Dei
750 5444 763 5493 ;
792 5439 915 5480 non
943 5423 1100 5480 enim
1136 5427 1292 5482 Deus
1319 5441 1428 5497 per
1456 5427 1721 5497 seipsum
1753 5443 1824 5483 ex

154 5529 422 5586 corpore
453 5517 510 5569 et
538 5513 744 5571 anima
770 5515 1024 5582 constat,
1056 5513 1207 5570 sicut
1235 5513 1439 5570 homo.
1472 5512 1584 5570 Sed
1613 5515 1826 5572 melius

152 5601 389 5657 dicitur
421 5601 604 5659 aliam
642 5617 771 5656 esse
804 5600 1118 5657 scientiam
1151 5600 1270 5668 Dei,
1303 5604 1507 5656 etnon
1554 5601 1826 5672 ejusdem

152 5691 408 5764 generis
437 5691 610 5762 cujus
638 5691 750 5752 ista.
778 5693 866 5751 est
888 5705 1023 5765 quae
1048 5689 1366 5750 hominum
1388 5689 1603 5749 dicitur
1628 5710 1638 5747 :
1667 5693 1820 5750 sicut

1929 3111 2055 3182 jam
2076 3123 2199 3164 non
2217 3105 2433 3162 debeat
2461 3119 2591 3161 esse
2607 3103 2720 3172 ita;
2753 3106 3042 3175 perpetuo
3064 3101 3336 3175 quodam
3361 3105 3418 3157 et
3432 3104 3591 3156 tran-

1933 3196 2117 3272 quillo
2159 3194 2453 3268 aequitatis
2482 3193 2729 3265 judicio,
2763 3208 2885 3264 quo
2908 3193 3062 3248 Deus
3089 3194 3305 3247 cuncta
3333 3189 3592 3246 mutabi-

1934 3288 2013 3344 lia
2040 3282 2830 3342 incommutabilivoluntate
2863 3280 3270 3354 disponit.Sed
3298 3279 3592 3353 quoniam

1935 3375 2370 3450 praiscientiam
2401 3377 2458 3430 ct
2491 3372 2805 3429 scientiam
2838 3388 2977 3428 cum
3025 3369 3204 3428 laude
3235 3370 3498 3427 solemus
3528 3369 3592 3426 in

1934 3465 2281 3523 hominibus
2303 3462 2606 3536 appellare
2640 3464 2771 3533 [al.,
2805 3461 3049 3533 dicere],
3086 3461 3363 3533 iramque
3392 3459 3591 3532 ipsam

1935 3555 2083 3612 solet
2119 3556 2455 3610 humanum
2485 3567 2676 3624 genus
2733 3552 2793 3608 in
2820 3550 3060 3620 magnis
3092 3548 3492 3622 potestatibus
3519 3548 3590 3604 ti-

1936 3659 2096 3702 mere
2125 3643 2324 3717 potius
2353 3658 2541 3715 quam
2568 3640 3025 3715 reprehendere,
3060 3641 3458 3710 congruenter
3486 3653 3596 3711 pu-

1935 3737 2134 3792 tamus
2165 3731 2305 3791 talia
2329 3732 2446 3788 dici
2468 3731 2543 3788 de
2573 3733 2713 3787 Deo.
2750 3730 2855 3786 Cui
2885 3733 3086 3786 autem
3125 3729 3293 3798 zelat,
3325 3731 3383 3784 et
3410 3743 3595 3800 quem

1937 3821 2163 3896 aliquid
2189 3821 2457 3896 poenitet,
2489 3835 2847 3893 quanquam
2869 3819 3001 3890 [al.,
3033 3817 3344 3890 quoniam]
3361 3817 3453 3872 vel
3473 3816 3596 3872 cul-

1936 3911 2066 3984 pari
2092 3909 2258 3977 solet,
2292 3909 2383 3965 vel
2421 3909 2483 3963 in
2514 3923 2577 3964 se
2605 3907 2850 3979 culpam
2901 3905 3213 3974 corrigere,
3248 3908 3427 3974 atque
3457 3903 3594 3958 ideo

1935 4017 2074 4057 cum
2105 3997 2566 4071 reprehensione
2598 3995 2708 4052 ista
2737 3994 2811 4050 de
2841 3993 3193 4050 hominibus
3244 3992 3380 4059 dici,
3411 4005 3591 4064 prop-

1937 4095 2097 4146 terea
2126 4091 2325 4144 movet
2354 4102 2493 4149 cum
2522 4084 2777 4155 legimus
2808 4099 2939 4140 esse
2971 4081 3199 4155 aliquid
3212 4083 3273 4138 in
3292 4083 3414 4138 Deo
3434 4079 3596 4153 ejus-

1938 4178 2122 4235 modi.
2182 4174 2295 4232 Sed
2354 4175 2452 4231 illa
2520 4174 2844 4247 Scriptura,
2904 4171 3189 4229 omnibus
3247 4169 3590 4240 consulens,

1936 4271 2256 4343 propterea
2285 4264 2480 4336 magis
2510 4268 2567 4321 et
2593 4264 2708 4321 ista
2736 4263 2925 4336 ponit,
2959 4278 3033 4318 ne
3065 4260 3165 4318 illa
3190 4276 3324 4334 quae
3354 4259 3597 4334 placent

1939 4357 2022 4414 sic
2049 4356 2457 4429 intelligantur
2480 4355 2541 4411 in
2570 4357 2688 4411 Deo
2714 4351 3026 4427 quomodo
3057 4353 3499 4410 consueverunt
3528 4349 3592 4405 in

1938 4444 2287 4502 hominibus
2313 4442 2577 4513 intelligi.
2613 4446 2716 4499 Per
2740 4442 2870 4498 haec
2910 4440 3070 4497 enim
3095 4456 3228 4513 quae
3257 4438 3593 4511 displicent,

1936 4551 2076 4591 cum
2102 4551 2172 4590 ea
2196 4549 2321 4590 non
2361 4531 2696 4590 audeamus
2753 4531 2836 4587 sic
2881 4529 3206 4600 intelligere
3267 4528 3328 4583 in
3379 4529 3500 4582 Deo
3532 4529 3598 4580 ut

1935 4623 2321 4680 inveniuntur
2369 4622 2430 4677 in
2477 4621 2744 4685 homine,
2779 4619 3071 4676 discimus
3131 4617 3312 4675 etiam
3368 4614 3470 4672 illa
3508 4613 3590 4670 sic

1933 4728 2199 4786 quaerere
2225 4727 2361 4783 quae
2387 4715 2527 4783 apta
2557 4726 2684 4766 esse
2717 4713 2896 4782 atque
2945 4705 3363 4764 convenientia
3418 4706 3592 4776 puta-

1935 4803 2173 4860 bamus.
2207 4803 2375 4868 Nam,
2400 4800 2448 4856 si
2480 4802 2798 4872 propterea
2828 4813 2952 4854 non
2979 4799 3068 4854 est
3099 4795 3243 4852 illud
3273 4794 3347 4851 de
3373 4794 3491 4849 Deo
3513 4791 3600 4846 di-

1935 4892 2195 4949 cendum
2234 4890 2379 4962 quia
2407 4890 2468 4945 in
2520 4888 2763 4946 homine
2795 4887 3091 4961 displicet,
3141 4901 3266 4942 non
3321 4883 3596 4940 dicamus

1935 4979 2488 5040 incommutabilem
2520 4981 2729 5047 Deum,
2761 4979 2906 5052 quia
2949 4977 3022 5033 de
3054 4974 3404 5034 hominibus
3453 4987 3595 5029 cum

1934 5069 2395 5144 reprehensione
2425 5068 2654 5126 dictum
2680 5073 2766 5125 est
2797 5087 2807 5124 :
2834 5069 2969 5124 Non
3000 5068 3151 5124 enim
3175 5071 3257 5123 est
3284 5065 3409 5121 illis
3437 5079 3594 5120 com-

1936 5161 2186 5217 mutatio
2213 5159 2403 5229 (Psal.
2446 5174 2560 5226 LW,
2590 5159 2703 5230 ‘20).
2736 5161 2878 5214 Item
2911 5160 3050 5213 sunt
3073 5154 3361 5229 quaedam
3387 5168 3522 5226 quae
3539 5151 3602 5207 in

1934 5249 2178 5305 homine
2208 5248 2538 5305 laudabilia
2571 5252 2729 5314 sunt,
2777 5248 2836 5303 in
2887 5247 3008 5303 Deo
3055 5249 3258 5303 autem
3310 5257 3438 5300 esse
3476 5254 3600 5296 non

1936 5340 2210 5410 possunt,
2236 5338 2389 5394 sicut
2417 5337 2635 5411 pudor,
2662 5352 2799 5410 quae
2831 5339 3078 5393 aetatum
3108 5333 3458 5390 viridiorum
3479 5342 3603 5384 ma.

1935 5441 2122 5496 gnum
2153 5431 2240 5484 est
2267 5431 2729 5495 ornamentum;
2755 5426 2906 5482 sicut
2931 5426 3108 5482 timor
3130 5425 3256 5480 Dei:
3286 5435 3409 5477 non
3441 5417 3602 5476 enim

1937 5519 2168 5571 tantum
2195 5516 2254 5571 in
2297 5516 2598 5573 veteribus
2649 5515 2816 5571 libris
2844 5514 3129 5571 laudatur
3161 5513 3291 5584 [al.,
3335 5525 3459 5566 non
3512 5523 3607 5576 est

1937 5607 2167 5660 tantum
2190 5603 2250 5658 in
2281 5605 2577 5660 veteribus
2602 5605 2767 5661 libris
2793 5604 3123 5673 laudatus],
3157 5600 3262 5658 sed
3286 5595 3608 5673 Apostolus

1943 5693 2123 5750 etiam
2156 5691 2333 5749 dicit:
2364 5694 2741 5761 Perﬁcientes
2772 5693 3303 5760 sanctiﬁcationem
3335 5689 3397 5752 in
3428 5687 3572 5748 timo
