4116 6186
563 209 702 268 u”
1655 197 1710 252 S.
1743 193 2114 254 PRUDENTH
2150 188 2527 248 TRBOENSIS
2563 185 2884 248 EPISCOPI
2928 225 2937 236 .
3850 176 4004 231 me

564 329 760 388 reDei
786 326 878 397 (ΙΙ
899 325 1042 382 Cor.
1061 338 1156 394 vn,
1180 322 1389 394 t);qui
1415 320 1621 394 utique
1653 318 1853 377 nullus
1876 317 1939 374 in
1968 319 2086 372 Deo
2103 317 2210 370 est.
2244 316 2289 372 Α
2326 312 2402 367 de
2431 311 2616 367 nihilo
2645 314 2759 366 est:
2793 307 3186 397 animamque
3207 302 3282 358 de
3313 299 3503 357 nihilo
3549 299 3784 397 factam
3825 297 4005 356 dedit

568 387 728 477 Sicut
748 387 890 484 ergo
915 389 1200 485 quaedam
1216 387 1546 468 laudabilia
1574 408 1891 464 hominum
1913 421 2034 462 non
2065 406 2219 459 recte
2327 401 2586 472 corpori,
2609 415 2750 456 cum
2777 398 2968 453 factus
2997 400 3086 450 est
3116 395 3302 449 homo
3333 408 3346 445 :
3380 404 3573 462 usque
3598 387 3760 445 adeo
3785 392 4002 443 autem

563 507 848 563 dicuntur
877 503 940 559 in
961 505 1102 568 Deo,
1130 500 1215 556 sic
1243 499 1532 572 quaedam
1554 496 1879 571 culpabilia
1902 494 2221 551 hominum
2327 490 2488 546 mala
2514 489 2832 547 vincuntur
2862 503 2899 543 a
2925 484 3122 550 bonis,
3165 487 3252 548 ut,
3277 479 3557 554 quamvis
3590 479 3888 534 sinantur
3918 495 4002 533 es-

562 597 722 657 recte
745 566 1155 661 intelliguntur
1180 588 1242 645 in
1261 566 1402 653 Deo,
1431 603 1558 644 non
1586 566 1675 644 ita
1696 590 1763 642 ut
1790 585 1849 641 in
1875 581 2221 640 hominibus
2328 595 2389 634 se
2420 577 2498 634 ad
2523 575 3063 635 demonstrandum
3091 587 3278 644 quam
3326 567 3522 641 possit
3570 571 3627 622 et
3656 566 3814 639 ipsis
3845 566 4001 622 bene

569 654 674 742 sed
715 654 1026 740 vocabulis
1077 677 1504 736 tantummodo
1549 674 1994 740 communibus,
2043 672 2223 740 longe
2331 668 2414 723 uti
2440 667 2668 738 justitia
2697 661 3225 738 providentissima
3252 656 3544 713 Creatoris
3568 656 3868 728 [at.,ipse
3900 654 4001 710 be-

566 774 688 832 elia
723 773 954 830 ratione
1007 773 1065 826 et
1092 768 1296 826 modo.
1339 772 1487 824 Nam
1518 766 1702 840 paulo
1732 769 1868 838 post
1913 763 2075 820 idem
2120 763 2223 817 Sa-

567 862 752 931 muel,
815 861 911 918 cui
967 859 1197 916 dixerat
1241 857 1568 914 Dominus:
1630 856 1886 913 Paenitet
1926 869 2016 909 me
2067 850 2226 922 quod

571 952 981 1011 constituerim
1011 964 1208 1019 regem
1235 948 1410 1013 Saul,
1443 946 1556 1018 ipsi
1603 945 1761 1001 Sauli
1823 944 1905 999 ait
1961 942 2035 997 de
2080 941 2220 1009 Deo,

571 1043 850 1114 quoniam
892 1055 1013 1096 non
1065 1044 1148 1094 est
1177 1038 1330 1092 sicut
1365 1036 1556 1098 homo,
1612 1041 1674 1089 ut
1705 1035 1992 1103 paeniteat
2019 1046 2150 1088 eum
2175 1029 2230 1100 (Ι

571 1133 818 1202 Reg.xv,
857 1129 943 1197 ll,
983 1127 1092 1197 29).
1148 1125 1256 1181 Ubi
1287 1124 1560 1180 videlicet
1587 1123 1730 1178 satis
1759 1120 2017 1177 ostendit
2046 1119 2226 1174 etiam

573 1237 714 1278 cum
743 1219 889 1276 dicit
920 1222 1073 1275 Deus
1091 1217 1336 1286 paenitet
1361 1230 1472 1281 me,
1495 1228 1618 1270 non
1648 1213 1918 1268 humano
1945 1224 2109 1265 more
2132 1223 2226 1263 ac-

573 1309 920 1384 cipiendum
958 1321 1112 1376 esse,
1163 1304 1316 1361 sicut
1358 1304 1507 1375 jam,
1576 1305 1870 1375 quantum
1902 1299 2225 1362 valuimus,

576 1396 1039 1472 disputavimus,

649 1489 685 1554 ’ἰ-
700 1487 852 1544 Audi
866 1485 1044 1542 etiam
1065 1483 1317 1557 qualiter
1338 1481 1496 1537 idem
1519 1478 1945 1536 subtilissimus
1960 1476 2229 1548 disputa-

581 1582 671 1634 tor
693 1574 1135 1650 praei-scientiam
1152 1571 1252 1629 Dei
1268 1587 1305 1626 a
1323 1575 1540 1625 natura
1551 1567 1935 1636 discernat,in
1959 1579 2233 1622 sermone

2328 773 2404 812 ne
2434 756 2520 812 uti
2540 755 2770 826 justitia
2800 749 3326 826 providentissime.
3346 745 3687 816 Creatoris];
3716 745 3898 802 bona
3924 751 4002 801 ta—

2332 861 2469 901 men
2494 845 2621 900 sine
2652 842 2824 899 malis
2845 856 2974 896 esse
2994 840 3268 912 possunt,
3302 835 3454 890 sicut
3471 836 3623 890 Deus
3653 834 3790 906 ipse
3817 851 3999 890 verus

2331 939 2388 991 et
2440 949 2736 1001 summus,
2806 930 2976 986 sicuti
3033 929 3231 985 omnis
3297 941 3479 998 super
3536 925 3718 979 istum
3799 923 3998 990 caligi-

2332 1041 2551 1080 nosum
2619 1039 2813 1078 aerem
2899 1019 3152 1076 caelestis
3229 1015 3542 1073 invisibilis
3613 1013 3998 1086 visibilisque

2333 1118 2627 1182 creatura,
2651 1111 2812 1168 mala
2835 1126 2972 1165 vero
3007 1109 3135 1164 sine
3157 1108 3334 1162 bonis
3375 1121 3504 1160 esse
3535 1120 3659 1160 non
3707 1109 3995 1176 possunt,

2334 1206 2624 1278 quoniam
2646 1207 2873 1258 naturae
2903 1201 2962 1256 in
2994 1199 3217 1270 quibus
3246 1201 3406 1262 sunt,
3439 1197 3499 1250 in
3548 1201 3853 1266 quantum
3899 1209 3999 1248 na-

2336 1301 2482 1353 turae
2542 1298 2700 1362 sunt,
2751 1292 2958 1363 utique
3006 1290 3183 1345 bonae
3214 1291 3377 1354 sunt,
3431 1285 3769 1341 detrahitur
3814 1300 3997 1357 porro

2337 1386 2566 1444 malum
2592 1399 2715 1440 non
2739 1383 2943 1454 aliqua
2969 1385 3184 1436 natura
3201 1395 3337 1451 quae
3372 1381 3726 1440 accesserat,
3751 1376 3854 1431 vel
3881 1375 3996 1430 ulla

2340 1477 2471 1548 ejus
2499 1480 2686 1549 parte,
2729 1472 2986 1541 sublata,
3019 1471 3125 1526 sed
3155 1486 3228 1525 ea
3255 1485 3396 1540 quae
3428 1468 3635 1523 vitiata
3665 1483 3736 1523 ac
3766 1466 3992 1539 depra-

2340 1571 2474 1623 vata
2507 1566 2697 1622 fuerat
2719 1568 2935 1620 sanata
2961 1568 3140 1634 atque
3183 1563 3474 1616 correcta.
3514 1558 3846 1614 Arbitrium
3895 1555 3998 1624 igi-

579 1665 655 1721 de
685 1644 885 1720 verbis
905 1660 1172 1736 Apostoli
1193 1678 1205 1716 :
1229 1661 1300 1717 Si
1317 1660 1471 1714 enim
1493 1658 1639 1714 data
1659 1662 1802 1713 esset
1833 1659 1931 1714 lex
1955 1671 2087 1726 quae
2105 1670 2236 1724 pos-
2262 1685 2305 1738 Β
2343 1663 2437 1714 tur
2461 1655 2780 1712 voluntatis
2812 1658 2951 1709 tunc
2999 1654 3091 1707 est
3138 1665 3276 1706 vere
3322 1649 3602 1715 liberum,
3654 1663 3798 1702 cum
3843 1644 3996 1700 vitiis

579 1759 667 1812 set
695 1753 1018 1822 viviﬁcare,
1049 1751 1287 1806 omnino
1309 1763 1384 1804 ea;
1417 1749 1541 1818 lege
1567 1752 1710 1803 esset
1722 1746 1966 1816 justitia
1988 1745 2232 1815 (Gal.m,

581 1842 695 1914 2t).
731 1839 1101 1910 Augustinus
1126 1839 1222 1905 (de
1242 1837 1433 1892 verbis
1458 1837 1735 1905 Apostoti
1758 1851 1932 1892 serm.
1959 1833 2043 1904 ll)
2065 1851 2077 1888 :
2096 1831 2234 1903 [Eli-

580 1934 807 2000 guntur
825 1928 932 2002 qui
958 1943 1080 1985 non
1110 1929 1270 1996 sunt,
1307 1941 1417 1982 nec
1433 1930 1589 1982 errat
1608 1925 1711 1997 qui
1740 1924 1920 1994 eligit,
1952 1939 2062 1979 nec
2080 1937 2234 1978 vane

579 2020 770 2090 eligit;
799 2019 960 2088 eligit
979 2023 1202 2089 tamen,
1224 2021 1282 2074 et
1299 2015 1481 2073 habet
1499 2015 1735 2085 electos,
1759 2030 1915 2088 quos
1930 2017 2236 2070 creaturus

582 2115 674 2168 est
701 2108 1028 2181 eligendos,
1052 2106 1234 2166 habet
1258 2109 1460 2164 autem
1489 2105 1655 2177 apud
1677 2119 1738 2159 se
1765 2103 1990 2175 ipsum,
2021 2118 2146 2158 non
2173 2101 2233 2157 in

581 2202 801 2260 natura
820 2213 954 2263 sua,
989 2195 1099 2252 sed
1121 2195 1183 2253 in
1202 2194 1579 2268 praescientia
1605 2194 1738 2264 sua]
1758 2195 1799 2263 πι-
1823 2192 1985 2248 Idem
2016 2193 2101 2259 (in
2128 2190 2231 2248 lib.

581 2297 702 2358 ων,
729 2287 802 2344 de
831 2287 1007 2344 divit.
1040 2287 1169 2353 Dei,
1203 2301 1256 2355 c,
1291 2284 1414 2356 t2):
1475 2281 1590 2339 Sed
1619 2282 1765 2355 quia
1821 2285 1974 2339 Deus
2020 2285 2236 2337 cuncta

582 2375 885 2454 prtescivit
911 2378 968 2432 et
994 2374 1131 2432 ideo
1183 2389 1428 2448 quoque
1484 2372 1794 2430 hominem
1846 2375 2234 2444 peccaturum

582 2466 861 2537 ignorare
885 2480 1010 2523 non
1038 2463 1252 2537 potuit,
1276 2463 1611 2520 secundum
1639 2461 1700 2518 id
1743 2461 1910 2535 quod
1939 2459 2238 2533 prrescivit

584 2558 766 2628 atque
790 2551 1414 2628 disposuit,civitatem
1440 2555 1715 2608 sanctam
1765 2565 1899 2606 eam
1944 2547 2238 2604 debemus

587 2659 872 2713 asserere,
895 2657 1022 2700 non
1041 2641 1379 2699 secundum
1413 2639 1560 2697 illud
1581 2639 1747 2714 quod
1770 2638 1829 2694 in
1850 2645 2053 2693 nostra
2075 2637 2236 2705 cogi-

585 2733 812 2792 tatione
835 2733 965 2804 [at.,
996 2730 1358 2802 cognitione]
1389 2729 1697 2803 pervenire
1717 2741 1840 2784 non
1862 2727 2075 2800 potuit,
2095 2725 2239 2798 quia

585 2821 772 2884 tnDei
799 2819 1306 2894 fdispensatione
1345 2820 1449 2891 [αι.
1483 2816 1902 2890 dispositione]
1927 2831 2052 2872 non
2091 2815 2234 2870 fuit:

587 2926 785 2985 neque
813 2910 976 2968 enim
1001 2910 1186 2968 homo
1211 2913 1462 2982 peccato
1481 2923 1589 2964 suo
1601 2906 1872 2963 divinum
1899 2905 2092 2978 potuit
2109 2919 2240 2977 per-

587 3000 830 3059 turbare
852 2998 1378 3071 consilium,quasi
1405 3000 1592 3054 Deum
1610 2995 1777 3069 quod
1807 2997 2094 3051 statuerat
2115 3010 2238 3049 mu-
2268 3038 2310 3094 ο

587 3094 715 3152 tare
737 3089 1126 3164 compulerit;
1149 3104 1288 3146 cum
1312 3091 1498 3144 Deum
1527 3084 1895 3160 praesciendo
1919 3087 2242 3156 utrumque

590 3181 970 3256 praavenerit;
997 3179 1060 3236 id
1090 3182 1180 3237 est
1199 3183 1256 3235 et
1279 3178 1486 3245 homo,
1509 3192 1693 3250 quem
1723 3175 1955 3232 bonum
1975 3174 2102 3246 ipse
2122 3189 2244 3230 cre-

589 3270 732 3340 avit,
771 3285 961 3343 quam
1019 3269 1216 3326 malus
1272 3271 1430 3324 esset
1483 3265 1742 3332 futurus,
1800 3269 1857 3320 et
1905 3263 2052 3336 quid
2096 3263 2242 3318 boni

591 3360 774 3416 etiam
796 3359 881 3416 sic
901 3359 977 3414 de
1005 3357 1108 3414 illo
1133 3359 1292 3413 esset
1319 3355 1446 3427 ipse
1468 3354 1754 3411 facturus.
1775 3356 1928 3408 Deus
1953 3353 2113 3408 enim
2137 3351 2246 3407 etsi

591 3446 808 3503 dicitur
836 3449 1059 3502 statuta
1085 3448 1338 3511 mutare,
1370 3443 1532 3498 unde
1581 3441 1810 3513 tropica
1861 3441 2157 3496 locutione
2184 3439 2243 3494 in

597 3533 920 3604 Scripturis
952 3532 1174 3588 sanctis
1195 3531 1376 3588 etiam
1404 3531 1754 3603 pmnituisse
1797 3529 2012 3597 legitur
2058 3531 2246 3584 Deum

592 3622 652 3693 (Ι
672 3622 816 3692 Reg.
846 3637 948 3691 xv,
985 3621 1092 3688 11),
1113 3621 1286 3691 juxta
1299 3619 1362 3675 id
1391 3619 1605 3674 dicitur
1633 3619 1799 3689 quod
1829 3619 2013 3674 homo
2043 3633 2246 3690 spera-

589 3713 780 3781 verat,
809 3709 904 3768 vel
921 3709 1286 3767 naturalium
1315 3722 1637 3765 causarum
1657 3707 1806 3764 ordo
1827 3707 2247 3777 gestabat,non

588 3801 764 3874 juxta
785 3800 847 3858 id
876 3800 1041 3873 quod
1067 3817 1130 3857 se
1163 3799 1552 3872 Omnipotens
1579 3797 1879 3855 facturum
1907 3813 2035 3854 esse
2061 3814 2246 3871 praes-

592 3891 794 3948 cierat.
826 3891 992 3948 Fecit
1036 3889 1238 3962 itaque
1275 3891 1433 3947 Deus
1461 3887 1634 3959 (sicut
1663 3887 1950 3960 scriptum
1991 3889 2102 3959 est)
2143 3889 2247 3946 ho-

591 3983 809 4040 minem
835 3985 1064 4038 rectum
1094 3981 1316 4052 (bccle.
1345 3993 1441 4047 vn,
1467 3978 1576 4050 30),
1595 3993 1666 4035 ac
1697 3994 1804 4052 per
1828 3977 1943 4034 hoc
1971 3977 2247 4034 volunta-

592 4071 670 4130 tis
695 4070 902 4137 bonae;
936 4083 1061 4126 non
1086 4069 1250 4126 enim
1274 4072 1471 4125 rectus
1519 4073 1676 4124 esset
1703 4068 1934 4124 bonam
1981 4080 2104 4123 non
2146 4067 2252 4122 ha-

592 4159 748 4218 bens
787 4157 1177 4216 voluntatem.
1208 4159 1375 4215 Bona
1417 4157 1596 4226 igitur
1641 4156 1914 4212 voluntas
1973 4172 2128 4229 opus
2163 4160 2250 4212 est

595 4247 736 4316 Dei;
770 4263 911 4305 cum
941 4264 1014 4304 ea
1038 4248 1263 4321 quippe
1294 4247 1372 4303 ab
1403 4245 1503 4302 illo
1525 4246 1718 4302 factus
1748 4251 1836 4301 est
1854 4246 2040 4301 homo
2061 4245 2250 4312 ;mala

594 4351 738 4394 vero
762 4337 1038 4394 voluntas
1056 4337 1272 4409 prima,
1304 4335 1597 4408 quoniam
1640 4334 1848 4390 omnia
1875 4349 2059 4407 opera
2089 4334 2249 4390 mala

597 4427 903 4500 princessit
931 4427 994 4483 in
1023 4424 1290 4496 homine,
1321 4424 1588 4480 defectus
1611 4422 1810 4496 potius
1860 4423 1970 4479 fuit
1995 4423 2247 4495 quidam

593 4515 675 4575 ab
705 4531 886 4590 opere
915 4515 1017 4571 Dei
1047 4514 1126 4571 ad
1147 4529 1258 4571 sua
1283 4527 1489 4585 opera,
1517 4527 1706 4584 quam
1732 4527 1889 4584 opus
1934 4510 2144 4577 ullum,
2185 4513 2250 4567 Et

591 4607 731 4667 ideo
759 4605 924 4665 mala
953 4619 1158 4678 opera,
1193 4602 1338 4676 quia
1375 4601 1712 4658 secundum
1740 4616 1823 4671 se,
1876 4615 2001 4657 non
2031 4615 2246 4656 secun-

592 4697 744 4755 dum
774 4699 986 4767 Deum,
1019 4697 1083 4751 ut
1107 4708 1320 4750 eorum
1348 4707 1602 4765 operum
1625 4695 1914 4764 tanquam
1944 4689 2247 4746 fructuum

593 4785 899 4847 malorum
927 4781 1208 4841 voluntas
1233 4782 1368 4855 ipsa
1388 4783 1543 4837 esset
1561 4779 1720 4836 velut
1739 4778 1921 4835 arbor
1943 4777 2125 4849 mala,
2146 4781 2250 4834 aut

593 4876 724 4946 ipse
742 4875 928 4932 homo
945 4874 1009 4930 in
1037 4878 1334 4946 quantum
1352 4871 1527 4929 malm
1546 4871 2072 4928 voluntatis.Porro
2087 4868 2250 4926 mala

595 4961 899 5030 voluntas,
947 4962 1228 5033 quamvis
1277 4977 1400 5018 non
1455 4960 1529 5017 sit
1559 4959 1894 5017 secundum
1941 4964 2245 5028 naturam,

597 5049 704 5105 sed
733 5055 943 5108 contra
970 5055 1272 5120 naturam,
1304 5051 1448 5124 quia
1491 5050 1703 5107 vitium
1734 5055 1839 5117 est,
1874 5055 2076 5106 tamen
2116 5049 2246 5120 ejus

593 5142 824 5197 naturas
846 5143 934 5196 est
964 5139 1138 5210 cujus
1167 5145 1255 5198 est
1283 5141 1516 5205 vitium,
1549 5139 1716 5213 quod
1773 5139 1889 5195 nisi
1919 5139 1980 5194 in
2028 5143 2245 5196 natura

594 5246 718 5290 non
748 5234 948 5304 potest
976 5245 1129 5301 esse,
1179 5231 1285 5286 sed
1341 5232 1401 5288 in
1451 5248 1521 5289 ea
1571 5247 1759 5304 quam
1801 5229 2024 5285 creavit
2051 5246 2122 5286 ex
2151 5230 2244 5285 ni-

590 5322 737 5392 hilo,
768 5337 893 5380 non
923 5335 1110 5393 quam
1161 5321 1365 5389 genuit
1392 5326 1626 5378 creator
1679 5321 1754 5377 de
1803 5337 1864 5375 se
1894 5319 1954 5374 in
2002 5335 2063 5376 se
2113 5321 2244 5392 ipso

591 5415 737 5485 [at.,
793 5413 870 5470 de
933 5411 1300 5484 semetipso].
1363 5413 1524 5468 Sicut
1582 5411 1786 5482 genuit
1837 5409 2088 5466 verbum
2140 5426 2247 5483 per

591 5501 761 5575 quod
789 5501 951 5560 facta
981 5506 1120 5556 sunt
1166 5499 1393 5568 omnia,
1424 5499 1588 5572 quia,
1631 5499 1742 5555 etsi
1791 5499 1867 5555 de
1906 5503 2074 5555 terrae
2115 5499 2246 5572 pul-

590 5606 732 5650 vere
783 5591 940 5648 Deus
984 5589 1159 5647 ﬁnxit
1203 5589 1538 5657 hominem,
1589 5588 1801 5647 eadem
1848 5594 2007 5648 terra
2053 5589 2246 5646 homi-

589 5679 807 5756 nisque
833 5680 968 5756 [at.,
1016 5678 1360 5754 omnisque]
1411 5683 1645 5739 terrena
1668 5677 1945 5739 materies
1994 5678 2244 5738 omnino

2341 1747 2720 1820 peccatisque
2760 1760 2884 1800 non
2927 1741 3147 1799 servit:
3182 1739 3320 1796 Tale
3359 1740 3562 1796 datum
3617 1741 3706 1793 est
3759 1753 3798 1793 a
3851 1737 3994 1800 Deo,

2340 1836 2529 1911 quod,
2557 1835 2850 1892 amissum
2878 1831 3122 1906 proprio
3153 1829 3314 1896 vitio,
3341 1830 3448 1885 nisi
3496 1844 3530 1884 a
3559 1843 3682 1899 quo
3712 1827 3854 1882 dari
3884 1842 3994 1898 po-

2341 1928 2470 1994 tuit,
2503 1927 2671 1982 reddi
2696 1941 2818 1981 non
2848 1927 3060 1998 potest.
3112 1920 3273 1977 Unde
3313 1919 3525 1974 Veritas
3550 1917 3730 1972 dicit:
3784 1916 3862 1970 Si
3887 1932 3996 1970 vos

2339 2021 2533 2076 Filius
2565 2017 2926 2081 liberaverit,
2978 2020 3121 2069 tunc
3172 2026 3306 2068 vere
3345 2010 3505 2065 liberi
3555 2008 3716 2064 eritis
3775 2007 3991 2075 (Joan.

2339 2127 2466 2180 vui,
2500 2107 2687 2179 36),id
2715 2107 2914 2179 ipsum
2947 2108 3035 2158 est
3063 2107 3264 2159 autem
3309 2117 3379 2156 ac
3409 2099 3457 2155 si
3481 2099 3701 2154 diceret
3729 2113 3744 2150 :
3791 2094 3856 2152 Si
3884 2111 3990 2151 vos

2344 2199 2518 2256 Filius
2573 2197 2775 2254 salvos
2829 2194 3047 2257 fecerit,
3111 2197 3251 2248 tunc
3286 2207 3426 2247 vere
3457 2187 3605 2246 salvi
3635 2186 3822 2242 eritis.
3856 2184 3989 2242 lnde

2342 2291 2568 2363 quippe
2596 2288 2876 2344 liberator
2905 2284 3067 2340 unde
3100 2283 3386 2352 salvator,

2412 2380 2448 2447 τ
2478 2378 2592 2434 Sed
2635 2377 2778 2450 quia
2808 2391 2947 2431 cum
2978 2375 3257 2430 Cicerone
3315 2375 3372 2426 et
3412 2369 3624 2427 Stoicis
3665 2367 3772 2422 Dei
3821 2382 3990 2439 pries-

2343 2470 2621 2527 cientiam
2672 2467 2906 2523 conaris
2957 2469 3243 2532 evertere,
3301 2461 3442 2517 audi
3503 2459 3653 2532 quid
3684 2459 3762 2513 de
3809 2473 3880 2513 eo
3909 2455 3989 2511 vel

2344 2565 2552 2617 contra
2616 2573 2752 2614 eum
2823 2557 3113 2612 adversus
3185 2550 3649 2608 mathematicos
3724 2551 3987 2618 agentem

2345 2653 2588 2704 sanctus
2623 2645 2994 2717 Augustinus
3017 2644 3076 2698 in
3106 2642 3259 2697 libro
3308 2640 3385 2694 de
3433 2639 3682 2694 Civitate
3714 2638 3813 2692 Dei
3837 2636 3985 2707 quin-

2345 2742 2402 2793 to
2434 2737 2766 2794 Christiana
2814 2735 3057 2789 veritate
3124 2728 3452 2802 disputavit
3501 2728 3596 2797 (de
3634 2727 3812 2783 Civit.
3874 2725 3987 2788 Dei,

2345 2826 2448 2891 lib,
2471 2841 2529 2894 v,
2558 2840 2692 2896 cap.
2725 2824 2776 2893 9)
2800 2841 2811 2878 :
2835 2824 2852 2893 [
2863 2825 2998 2892 llos,
3027 2820 3325 2892 inquiens,
3347 2818 3550 2873 Cicero
3573 2816 3648 2870 ita
3669 2813 3995 2882 redargue-

2345 2930 2408 2970 re
2438 2913 2642 2970 nititur
2671 2918 2735 2968 ut
2763 2928 2887 2968 non
2908 2910 3204 2966 existimet
3229 2905 3458 2979 aliquid
3480 2921 3544 2961 se
3575 2903 3864 2960 adversus
3891 2915 3996 2959 eos

2345 3004 2545 3062 valere
2596 3003 2710 3059 nisi
2771 3001 3001 3058 auferat
3055 2998 3506 3062 divinationem,
3537 3009 3730 3067 quam
3785 2992 3872 3047 sic
3911 3007 3998 3046 co-

2345 3099 2523 3153 natur
2553 3093 2784 3150 auferre
2840 3097 2905 3149 ut
2967 3095 3142 3161 neget
3202 3104 3333 3145 esse
3400 3085 3717 3143 scientiam
3783 3082 3997 3139 futuro-

2348 3202 2506 3252 rum,
2529 3199 2786 3256 eamque
2815 3181 3099 3239 omnibus
3144 3179 3374 3235 viribus
3400 3176 3629 3233 nullam
3660 3191 3800 3231 esse
3822 3173 3994 3230 omni-

2348 3291 2428 3330 no
2453 3272 2795 3339 contendat,
2827 3270 2920 3327 vel
2951 3271 3011 3325 in
3041 3268 3310 3335 homine,
3339 3266 3429 3322 vel
3479 3266 3540 3321 in
3575 3267 3720 3328 Deo,
3749 3263 3995 3319 nullam-

2349 3379 2468 3437 que
2498 3379 2699 3419 rerum
2725 3359 3199 3434 praedictionem.
3231 3361 3317 3413 lta
3343 3361 3400 3411 et
3437 3355 3535 3411 Dei
3564 3352 3995 3427 prtescientiain

2349 3458 2552 3523 negat,
2574 3457 2632 3508 et
2647 3467 2889 3508 omnem
2917 3448 3295 3522 prophetiam
3327 3446 3459 3501 luce
3485 3443 3805 3500 clariorem
3833 3457 3997 3498 cona-

2351 3547 2447 3599 tur
2475 3547 2736 3598 evertere
2763 3538 2934 3596 vanis
2951 3533 3590 3607 argumentationibus,
3615 3535 3674 3587 et
3699 3546 4000 3605 opponeno

2353 3632 2434 3687 do
2468 3631 2581 3687 sibi
2607 3629 2891 3703 quaedam
2933 3626 3178 3684 oracula
3224 3641 3360 3697 quae
3403 3622 3572 3678 facile
3616 3625 3883 3693 possunt
3928 3635 4000 3675 re-

2357 3719 2494 3787 felli,
2527 3736 2659 3792 quae
2686 3723 2886 3775 tamen
2916 3733 3025 3772 nec
3055 3716 3185 3787 ipse
3217 3711 3536 3770 convincit.
3576 3713 3640 3766 ln
3671 3710 3770 3766 his
3811 3715 4000 3766 autem

2355 3811 2920 3868 mathematicorum
2952 3805 3308 3876 conjecturis
3365 3800 3699 3859 refutandis
3748 3801 3888 3871 ejus
3928 3815 4003 3856 re-

2356 3903 2502 3970 gnat
2530 3900 2720 3955 oratio
2747 3918 2758 3966 ;
2791 3899 2932 3971 quia
2960 3911 3097 3952 vere
3128 3893 3273 3949 tales
3304 3897 3442 3948 sunt
3472 3895 3538 3947 ut
3586 3906 3648 3946 se
3689 3890 3844 3962 ipsa:
3888 3890 4005 3945 des-

2357 3993 2559 4046 truant
2587 3992 2644 4044 et
2674 3987 2960 4044 refellant.
3019 3983 3195 4041 Multo
3227 3986 3366 4038 sunt
3416 3985 3620 4038 autem
3651 3979 4004 4035 tolerabilio-

2355 4077 2573 4151 res'qui
2600 4077 2693 4132 vel
2723 4076 2917 4131 sidera
2939 4075 3062 4130 fata
3088 4072 3478 4140 constituunt,
3527 4084 3718 4142 quam
3770 4069 3882 4124 iste
3909 4068 4005 4140 qui

2357 4166 2480 4222 tolit
2506 4163 2944 4237 praescientiam
2974 4161 3345 4227 futurorum;
3377 4173 3522 4215 nam
3542 4161 3599 4213 et
3625 4155 3907 4212 conﬁteri
3926 4172 4006 4212 es-

2360 4270 2424 4309 se
2456 4253 2666 4321 Deum,
2726 4256 2784 4308 et
2832 4267 3054 4321 negare
3098 4266 3227 4306 esse
3265 4247 3586 4322 praescium
3643 4246 4004 4313 futurorum,

2361 4341 2735 4414 apertissima
2764 4341 3003 4396 insania
3030 4342 3146 4395 est:
3181 4337 3348 4410 quod
3370 4341 3427 4393 et
3456 4337 3581 4410 ipse
3613 4351 3759 4390 cum
3788 4335 4006 4391 videret

2357 4430 2539 4486 etiam
2568 4429 2713 4484 illud
2746 4429 2994 4484 tentavit
3023 4443 3290 4484 asserere
3333 4425 3499 4498 quod
3546 4424 3846 4497 scriptum
3890 4429 4001 4479 est:

2357 4521 2528 4576 Dixit
2577 4520 2860 4588 insipiens
2889 4519 2954 4573 in
2985 4519 3164 4574 corde
3213 4533 3318 4572 suo
3348 4531 3467 4571 non
3498 4520 3582 4571 est
3629 4515 3789 4570 Deus
3821 4513 4000 4581 (Psal.

2353 4627 2479 4678 xui,
2507 4609 2575 4680 t).
2604 4608 2715 4664 Sed
2737 4623 2860 4663 non
2891 4623 2964 4663 ex
2993 4623 3103 4663 sua
3127 4621 3385 4679 persona
3414 4622 3426 4659 :
3461 4603 3615 4659 Vidit
3632 4603 3790 4658 enim
3819 4617 4002 4674 quam

2353 4704 2508 4756 esset
2538 4697 2903 4754 invidiosum
2947 4701 3005 4752 et
3059 4697 3403 4752 molestum.
3464 4693 3720 4766 ideoque
3767 4693 4001 4748 Cottam

2354 4788 2488 4845 fecit
2512 4786 2921 4860 disputantem
2968 4785 3042 4840 de
3089 4785 3202 4840 hac
3245 4800 3308 4841 re
3337 4783 3627 4839 adversus
3672 4779 3926 4848 Stoicos,
3951 4781 3998 4835 in

2356 4877 2523 4934 libris
2551 4878 2639 4933 De
2667 4877 2910 4932 deorum
2964 4881 3209 4941 natura,
3256 4877 3314 4929 et
3366 4889 3476 4946 pro
3532 4869 3754 4927 Lucilio
3802 4870 3995 4931 Balbo.

2361 4966 2458 5022 cui
2481 4965 2816 5022 Stoicorum
2863 4968 3064 5036 partes
3085 4962 3500 5018 defendendas
3551 4959 3740 5030 dedit,
3803 4959 3998 5015 maluit

2355 5054 2506 5111 ferre
2529 5053 2909 5124 sententiam,
2934 5068 3119 5126 quam
3148 5067 3260 5124 pro
3291 5055 3477 5118 Cotta,
3509 5049 3615 5123 qui
3663 5049 3902 5106 nullam
3925 5046 3997 5102 di-

2355 5143 2561 5199 vinam
2581 5146 2865 5199 naturam
2895 5158 3025 5199 esse
3063 5141 3387 5198 contendit.
3443 5141 3507 5196 In
3537 5138 3708 5194 libris
3751 5154 3900 5195 vero
3927 5139 3997 5192 De

2355 5233 2746 5298 divinatione,
2773 5249 2845 5288 ex
2867 5248 2928 5288 se
2957 5247 3090 5304 lpSO
3115 5229 3489 5303 apertissime
3517 5233 3844 5301 oppugnat
3870 5242 3996 5301 pre-

2356 5321 2666 5379 scientiam
2697 5321 3055 5378 futurorum.
3089 5323 3207 5376 Hoc
3238 5325 3440 5376 autem
3481 5323 3669 5374 totum
3705 5316 3904 5374 facere
3930 5316 3995 5368 vi-

2354 5412 2546 5480 detur,
2579 5427 2654 5466 ne
2717 5411 2906 5466 fatum
2937 5426 3065 5466 esse
3108 5409 3463 5474 consentiat,
3504 5411 3559 5463 et
3598 5406 3824 5479 perdat
3872 5406 3978 5462 libs

2354 5515 2488 5556 ram
2532 5500 2923 5570 voluntatem,
2970 5503 3143 5572 putat
3186 5499 3368 5566 enim,
3423 5511 3710 5552 concessa
3759 5496 3995 5552 scientia

2354 5588 2713 5658 futurorum,
2775 5590 2855 5646 ita
2910 5605 3039 5646 esse
3098 5603 3476 5660 consequens
3534 5586 3749 5653 fatum,
3803 5591 3864 5641 et
3911 5600 3996 5642 ne-

2353 5679 2482 5748 gari
2508 5679 2759 5738 omnino
2791 5694 2915 5738 non
2943 5678 3152 5751 possit.
3181 5676 3296 5738 Sed
3323 5673 3760 5750 quoquomodo
3787 5690 3855 5733 se
3903 5675 3994 5733 ha-
