4116 6186
192 193 325 248 lMl

1135 191 1226 246 DE
1263 188 1924 250 PREDBS‘I‘INA’NONB
1959 188 2237 245 CONTRA
2275 191 2323 245 ι.
2366 189 2586 247 SCOTU
2653 233 2664 244 .

3473 192 3610 248 ηιξ

187 314 368 371 beant
395 312 851 371 tortuosissimas
879 315 1352 372 concertationes
1389 321 1448 374 et
1489 315 1844 391 disputatio-
1873 315 1926 370 Δ
1956 327 1993 370 a
2022 312 2199 369 nobis
2226 329 2350 370 non
2378 314 2494 371 nisi
2527 313 2864 371 volentibus
2889 312 3019 370 ﬁeri
3047 312 3338 370 sentimus
3361 315 3420 370 et
3445 315 3612 376 novi-

183 419 288 459 nes
317 401 845 476 philosophorum,
888 419 1023 471 nos,
1064 409 1129 460 ut
1157 405 1514 464 conﬁtemur
1535 421 1845 464 summum

181 496 238 548 et
267 507 478 549 verum
527 495 734 560 Deum,
780 493 863 549 ita
889 492 1262 550 voluntatem
1289 511 1717 570 summamque
1745 509 1850 567 po-

181 584 456 637 testatem
499 596 570 637 ac
617 581 1056 652 praescientiam
1105 582 1238 653 ejus
1287 583 1644 642 conﬁtemur
1681 601 1696 639 :
1734 586 1846 639 Nec

182 671 472 727 timemus
516 687 591 726 ne
638 670 774 726 ideo
827 687 950 727 non
990 671 1297 729 voluntate
1341 674 1637 730 faciamus
1682 672 1848 746 quod

182 760 491 817 voluntate
521 761 796 828 facimus,
839 762 983 834 quia
1010 762 1073 817 id
1099 779 1212 818 nos
1245 763 1510 820 facturos
1539 764 1635 820 ille
1662 778 1847 836 pries-

188 849 329 905 civit
359 851 531 921 cujus
561 850 934 922 prie-scientia
965 848 1086 906 falli
1121 867 1244 907 non
1291 857 1524 925 potest;
1558 852 1724 926 quod
1763 850 1849 906 Ci-

188 954 326 994 cero
349 939 562 1006 timuit,
596 944 660 994 ut
689 945 1068 1012 oppugnaret
1095 941 1556 1013 przescientiam,
1584 946 1640 997 et
1671 939 1850 998 Stoici

187 1033 251 1082 ut
281 1043 404 1083 non
431 1029 637 1085 omnia
661 1029 1010 1085 necessitate
1030 1030 1157 1085 ﬁeri
1185 1030 1469 1101 dicerent,
1493 1045 1848 1104 quanquam

184 1117 395 1172 omnia
422 1118 545 1174 fato
575 1117 703 1174 ﬁeri
737 1119 1185 1174 contenderent.
1222 1119 1376 1185 Quid
1405 1125 1492 1176 est
1512 1135 1655 1188 ergo
1684 1118 1851 1192 quod

184 1205 386 1261 Cicero
438 1206 633 1262 timuit
675 1207 734 1262 in
781 1208 1157 1280 prmscientia
1202 1208 1561 1278 futurorum,
1606 1212 1672 1264 ut
1717 1223 1852 1264 eam

181 1292 547 1350 labefactare
591 1295 997 1368 disputatione
1027 1296 1361 1353 detestabili
1387 1299 1668 1354 niteretur
1697 1299 1724 1352 ?
1762 1298 1852 1352 Vi-

183 1382 400 1438 delicet
440 1384 587 1456 quia
633 1385 681 1440 si
723 1386 998 1457 praescita
1041 1392 1181 1442 sunt
1227 1387 1432 1442 omnia
1472 1386 1692 1454 futura,
1741 1387 1856 1442 hoc

184 1472 396 1529 ordine
425 1475 663 1530 venient
694 1491 816 1547 quo
848 1475 1048 1532 futura
1076 1492 1205 1533 esse
1236 1477 1512 1549 praescita
1541 1481 1702 1547 sunt,
1733 1481 1791 1532 et
1807 1482 1853 1537 si

183 1561 302 1618 hoc
332 1563 545 1619 ordine
593 1565 854 1632 venient,
902 1570 1095 1621 certus
1126 1571 1213 1623 est
1246 1567 1393 1622 ordo
1421 1581 1621 1622 rerum
1670 1582 1852 1639 pras-

1955 419 2111 458 mus.
2131 403 2344 460 Omnia
2363 420 2505 460 vero
2523 403 2644 460 fato
2667 401 2798 460 ﬁeri
2822 417 2945 458 non
2965 401 3224 458 dicimus
3248 417 3262 458 :
3292 401 3418 459 imo
3444 403 3613 462 nulla

1953 491 2082 547 ﬁeri
2124 491 2244 548 fato
2273 492 2530 549 dicimus
2557 511 2569 559 ;
2603 491 2893 566 quoniam
2931 490 3037 547 fati
3065 505 3290 548 nomen
3319 490 3424 549 ubi
3463 491 3616 552 solet

1955 597 1991 636 a
2027 581 2410 654 loquentibus
2451 581 2617 654 poni,
2661 581 2725 638 id
2759 585 2850 638 est
2887 580 3306 640 constitutione
3343 581 3614 641 siderum

1955 687 2078 743 qua
2105 671 2363 744 quisque
2391 676 2717 744 conceptus
2738 675 2841 728 aut
2859 675 3038 728 natus
3065 674 3175 740 est,
3195 671 3487 744 quoniam
3515 689 3613 732 res

1954 759 2087 832 ipsa
2135 759 2389 815 inaniter
2435 759 2737 831 asseritur,
2777 759 2926 816 nihil
2955 759 3152 817 valere
3180 764 3613 820 monstramus.

1957 847 2238 905 Ordinem
2264 852 2465 906 autem
2497 864 2838 921 causarum,
2871 849 2977 906 ubi
3001 849 3281 906 voluntas
3307 851 3410 907 Dei
3434 851 3619 924 pluri-

1957 953 2122 992 mum
2173 942 2386 1009 potest,
2439 953 2636 1010 neque
2677 953 2996 1009 negamus,
3043 955 3240 1012 neque
3283 939 3391 996 fati
3438 957 3618 999 voca-

1956 1027 2102 1084 bulo
2142 1043 2593 1099 nuncupamus.
2646 1028 2765 1085 Nisi
2805 1029 2954 1085 forte
3005 1034 3072 1086 ut
3104 1031 3306 1100 fatum
3349 1047 3385 1088 a
3425 1032 3618 1103 fando

1960 1117 2184 1173 dictum
2230 1117 2652 1188 intelligamus,
2704 1117 2764 1173 id
2817 1123 2927 1183 est,
2987 1133 3025 1175 a
3070 1119 3376 1193 loquendo
3427 1139 3440 1177 :
3494 1139 3619 1181 non

1962 1208 2122 1263 enim
2153 1206 2416 1263 abnuere
2455 1223 2780 1280 possumus
2809 1223 2938 1264 esse
2981 1208 3270 1280 scriptum
3316 1209 3375 1266 in
3411 1210 3620 1269 litteris

1964 1297 2184 1352 sanctis
2220 1298 2455 1353 :Semel
2501 1299 2731 1354 loculus
2761 1303 2845 1354 est
2873 1299 3051 1367 Deus,
3097 1299 3215 1355 duo
3246 1299 3370 1356 hazc
3412 1303 3624 1358 audivi

1963 1385 2243 1457 quoniam
2272 1391 2530 1454 potestas
2560 1387 2671 1442 Dei
2697 1391 2780 1443 est
2803 1399 2826 1456 ,'
2851 1392 2906 1443 et
2937 1387 3064 1456 tibi,
3097 1389 3366 1454 Domine,
3395 1389 3622 1447 miseri-

1964 1474 2169 1530 cordia
2196 1475 2300 1545 qui
2327 1474 2546 1529 reddis.
2570 1474 2694 1545 [al.,
2744 1475 2886 1545 quia
2935 1481 3000 1530 tu
3038 1476 3267 1548 reddes]
3299 1479 3622 1552 unicuique

1963 1564 2285 1619 secundum
2333 1577 2516 1632 opera
2563 1567 2690 1632 ejus
2727 1563 2918 1632 (Psal.
2977 1579 3098 1631 xxx,
3154 1565 3238 1632 l2,
3294 1566 3398 1636 la).
3449 1567 3624 1630 Quod

185 1651 362 1707 cienti
398 1655 517 1708 Deo
559 1658 616 1709 et
655 1654 703 1709 si
743 1659 937 1710 certus
968 1660 1058 1711 est
1085 1656 1236 1712 ordo
1264 1672 1488 1725 rerum,
1533 1660 1726 1712 certus
1769 1646 1858 1711 est
1887 1667 1926 1722 Β
1963 1653 2124 1710 enim
2171 1652 2396 1708 dictum
2447 1657 2558 1724 est,
2612 1654 2788 1710 semel
2838 1655 3070 1710 locutus
3123 1659 3228 1722 est,
3278 1654 3624 1725 intelligitur

186 1740 337 1796 ordo
363 1757 707 1810 causarum,
727 1759 849 1800 non
870 1745 1033 1800 enim
1054 1745 1184 1801 ﬁeri
1211 1745 1440 1818 aliquid
1465 1749 1660 1818 potest
1689 1745 1854 1816 quod

185 1845 313 1886 non
356 1830 565 1904 aliqua
607 1831 872 1889 eﬂiciens
917 1849 1104 1891 causa
1141 1835 1530 1906 praecesserit.
1566 1834 1621 1892 Si
1652 1838 1854 1891 autem

186 1924 381 1975 certus
406 1925 496 1976 est
526 1921 676 1978 ordo
707 1938 1033 1979 causarum
1065 1923 1230 1996 quod
1259 1923 1325 1980 ﬁt
1353 1939 1532 1980 omne
1561 1923 1726 1997 quod
1767 1923 1850 1989 ﬁt,

186 2008 330 2077 fato,
359 2010 572 2082 inquit,
593 2011 748 2068 ﬁunt
764 2013 971 2069 omnia
988 2029 1125 2086 quae
1157 2013 1338 2081 ﬁunt;
1366 2014 1531 2087 quod
1564 2013 1613 2068 si
1640 2013 1721 2069 ita
1743 2018 1850 2080 est,

189 2097 340 2152 nihil
365 2103 454 2154 est
484 2099 544 2155 in
579 2105 784 2157 nostra
825 2106 1135 2174 potestate,
1168 2103 1522 2175 nullumque
1568 2106 1655 2159 est
1701 2101 1854 2159 arbi-

191 2184 373 2240 trium
397 2186 740 2244 voluntatis.
755 2190 925 2255 Quod
954 2191 1003 2246 si
1025 2191 1853 2266 concedimus,inquit,omnis

188 2274 464 2331 humana
510 2276 632 2332 vita
679 2277 1057 2350 subvertitur,
1116 2280 1335 2336 frustra
1388 2281 1551 2352 leges
1608 2281 1850 2352 dantur,

188 2361 411 2419 frustra
431 2365 1852 2442 objurgationes,laudes,vituperationes,exhor-

187 2451 447 2508 tationes
472 2455 854 2525 adhibentur,
887 2473 1084 2531 neque
1114 2458 1234 2514 ulla
1251 2459 1480 2529 justitia
1504 2459 1681 2515 bonis
1707 2475 1855 2532 prae-

187 2540 333 2606 mia,
375 2548 431 2598 et
459 2543 638 2600 malis
664 2546 959 2619 supplicia
989 2549 1307 2604 constituta
1342 2554 1496 2604 sunt.
1537 2551 1669 2604 Haec
1706 2564 1851 2620 ergo

185 2647 262 2687 ne
300 2640 771 2706 consequantur,
817 2636 1089 2707 indigna,
1129 2643 1187 2694 et
1228 2637 1514 2705 absurda,
1555 2643 1611 2694 et
1656 2638 1850 2710 perni~

183 2721 348 2778 ciosa
376 2721 558 2779 rebus
587 2725 892 2791 humanis,
932 2742 1054 2783 non
1085 2727 1214 2784 vult
1244 2743 1373 2784 esse
1403 2728 1845 2800 prtescientiam

182 2808 544 2878 futurorum,
574 2819 754 2886 atque
785 2815 847 2872 in
871 2817 981 2873 has
1009 2818 1318 2887 angustias
1348 2818 1549 2874 Cicero
1578 2821 1847 2874 coarctat

180 2900 458 2956 animum
485 2902 860 2975 religiosum,
888 2910 955 2962 ut
981 2923 1167 2962 unum
1189 2907 1368 2977 eligat
1392 2921 1423 2962 e
1454 2905 1716 2972 duobus,
1739 2908 1844 2961 aut

1964 1741 2364 1810 immobiliter,
2387 1741 2501 1796 hoc
2532 1745 2618 1797 est
2647 1740 3217 1800 incommutabiliter
3245 1749 3334 1800 est
3361 1743 3622 1812 locutus,

1965 1830 2116 1886 sicut
2159 1829 2323 1886 novit
2373 1829 2943 1887 incommutabiliter
2989 1832 3194 1888 omnia
3244 1847 3382 1904 qua;
3421 1833 3625 1891 futura

1963 1923 2120 1983 sunt,
2155 1923 2211 1976 et
2248 1935 2386 1991 quae
2417 1918 2546 1992 ipse
2579 1919 2846 1976 facturus
2877 1923 2982 1977 est.
3016 1921 3138 1977 Hac
3163 1920 3366 1993 itaque
3389 1920 3622 1978 ratione

1962 2023 2279 2079 possemus
2324 2023 2361 2063 a
2406 2007 2592 2064 fando
2630 2007 2819 2065 fatum
2859 2008 3186 2081 appellare,
3215 2009 3331 2066 nisi
3370 2009 3487 2068 hoc
3515 2025 3625 2066 no-

1961 2112 2103 2153 men
2121 2097 2254 2168 jam
2283 2096 2343 2152 in
2370 2095 2486 2154 alia
2515 2112 2577 2153 re
2601 2096 2816 2154 soleret
2848 2096 3120 2169 intelligi,
3151 2113 3273 2171 quo
3303 2098 3488 2156 corda
3517 2099 3626 2158 ho—

1962 2186 2198 2242 minum
2231 2184 2516 2242 nolumus
2553 2185 2845 2243 inclinari.
2877 2189 3006 2244 Non
3044 2193 3136 2244 est
3171 2192 3374 2245 autem
3413 2203 3624 2246 conse-

1961 2291 2154 2349 quens
2183 2280 2268 2344 ut,
2295 2276 2344 2331 si
2377 2276 2494 2332 Deo
2524 2280 2720 2333 certus
2747 2282 2838 2334 est
2867 2277 3064 2333 omnis
3093 2276 3244 2335 ordo
3274 2293 3618 2348 causarum,

1959 2367 2096 2422 ideo
2125 2365 2273 2421 nihil
2304 2365 2380 2420 sit
2406 2365 2467 2420 in
2489 2369 2705 2422 nostrae
2731 2365 3055 2424 voluntatis
3084 2366 3348 2424 arbitrio.
3376 2369 3443 2425 Et
3470 2367 3618 2441 ipsa:

1959 2457 2185 2530 quippe
2200 2460 2419 2512 nostras
2447 2455 2783 2514 voluntates
2803 2456 2865 2513 in
2885 2472 3209 2536 causarum
3226 2457 3435 2514 ordine
3456 2462 3619 2531 sunt,

1957 2546 2061 2619 qui
2091 2552 2290 2602 certus
2316 2549 2404 2602 est
2424 2549 2562 2612 Deo,
2587 2547 2836 2618 ejusque
2857 2541 3237 2619 praescientia
3258 2547 3616 2618 continetur,

1957 2635 2248 2708 quoniam
2285 2639 2344 2691 et
2371 2635 2655 2692 humanas
2673 2635 3014 2693 voluntates
3033 2636 3446 2694 humanorum
3477 2651 3619 2709 ope-

1956 2741 2091 2780 rum
2119 2740 2315 2781 causa:
2355 2727 2516 2780 sunt.
2547 2728 2740 2798 Atque
2765 2725 2847 2782 ita
2873 2725 2979 2799 qui
3008 2740 3223 2782 omnes
3252 2741 3455 2783 rerum
3471 2740 3616 2782 cau-

1955 2831 2054 2871 sas
2073 2815 2387 2888 przescivit,
2409 2813 2689 2888 profecto
2719 2815 2781 2872 in
2818 2814 2903 2872 eis
2931 2816 3130 2872 causis
3161 2815 3344 2874 etiam
3373 2819 3615 2874 nostras

1952 2904 2288 2960 voluntates
2335 2904 2612 2974 ignorare
2652 2918 2775 2960 non
2823 2904 3034 2976 potuit,
3073 2920 3230 2977 quas
3266 2908 3614 2962 nostrorum

177 3003 310 3043 esse
331 2989 560 3080 aliquid
581 2992 644 3047 in
671 2999 879 3050 nostra
907 2995 1232 3061 voluntate,
1253 3000 1356 3051 aut
1375 3011 1504 3050 esse
1523 2995 1842 3066 prmscien-
1869 3025 1908 3080 ρ
1951 3009 2205 3066 operum
2234 3008 2450 3050 causas
2487 3009 2617 3049 esse
2656 2993 2976 3065 praescivit.
3008 2996 3156 3049 Nam
3184 2997 3243 3049 et
3268 2991 3614 3080 illudquod

175 3077 325 3133 tiam
347 3079 1004 3148 futurorum.Quoniam
1025 3089 1349 3156 utrumque
1366 3084 1690 3139 arbitratur
1707 3099 1837 3140 esse
1878 3077 1907 3080 ’
1948 3083 2112 3139 idem
2141 3083 2341 3140 Cicero
2373 3081 2663 3147 concedit,
2695 3080 2846 3137 nihil
2870 3081 3020 3144 ﬁeri,
3053 3081 3104 3137 si
3133 3097 3321 3138 causa
3349 3079 3613 3137 eﬁcisns

173 3182 304 3223 non
331 3185 530 3242 posse,
564 3172 669 3228 sed
708 3173 757 3227 si
787 3173 1040 3228 alterum
1070 3172 1545 3239 conﬁrmabitur,
1587 3173 1838 3230 alterum

175 3257 331 3328 tolli,
362 3260 411 3313 si
438 3259 796 3329 elegerimus
834 3262 1271 3334 prmscientiam
1315 3262 1670 3326 futurorum,
1715 3263 1837 3320 tolli

177 3346 513 3404 voluntatis
535 3349 874 3418 arbitrium;
909 3352 958 3407 si
970 3351 1320 3423 elegerimus
1339 3353 1656 3410 voluntatis
1681 3352 1836 3410 arbi-

176 3435 388 3505 trium,
420 3437 545 3492 tolli
573 3440 1010 3511 prmscientiam
1036 3441 1388 3498 futurorum.
1439 3446 1568 3514 Ipse
1610 3443 1830 3516 itaque,

176 3529 250 3580 ut
279 3526 368 3581 vir
413 3541 676 3598 magnus
721 3534 777 3585 et
816 3530 1031 3586 doctus
1059 3536 1147 3588 est
1171 3532 1304 3587 vitae
1337 3533 1617 3588 humanae
1642 3533 1834 3605 pluri-

174 3631 351 3672 mum
378 3631 448 3673 ac
486 3618 842 3689 peritissime
871 3620 1213 3688 consulens,
1246 3637 1317 3678 ex
1344 3621 1437 3678 his
1463 3622 1704 3678 duobus
1735 3622 1835 3678 eli-

176 3705 266 3776 git
294 3706 426 3776 [al.,
453 3706 637 3778 eligit]
667 3707 920 3764 liberum
946 3709 1267 3766 voluntatis
1305 3711 1638 3780 arbitrium,
1669 3711 1835 3784 quod

175 3799 243 3850 ut
261 3795 734 3860 conﬁrmaretur,
754 3799 996 3867 negavit
1013 3799 1449 3871 praescientiam
1464 3799 1800 3857 futurorum
1817 3819 1830 3870 ;

175 3889 359 3956 atque
384 3885 466 3941 ita
493 3884 642 3941 dum
671 3887 800 3942 vult
831 3886 1026 3944 facere
1054 3888 1291 3959 liberos,
1327 3889 1461 3946 fecit
1491 3889 1831 3961 sacrilegos.

171 3972 541 4043 Religiosum
565 3979 768 4031 autem
787 3977 1028 4033 animus
1054 3983 1375 4050 utrumque
1405 3977 1584 4048 eligit,
1608 3982 1838 4034 utrum-

169 4077 293 4136 que
323 4063 640 4120 conﬁtetur
656 4068 714 4120 et
730 4064 851 4121 ﬁde
877 4067 1111 4139 pietatis
1142 4073 1465 4140 utrumque
1495 4065 1833 4124 conﬁrmat.

167 4155 510 4226 Quomodo,
544 4155 738 4229 inquit
760 4172 903 4213 nam
930 4157 978 4213 si
1006 4161 1092 4214 est
1118 4157 1496 4230 praescientia
1539 4156 1830 4227 furorum,

170 4249 503 4316 sequentur
526 4245 626 4302 illa
655 4247 858 4303 omnia
882 4261 1019 4319 qua;
1051 4263 1324 4304 connexa
1353 4251 1512 4312 sunt,
1540 4247 1733 4304 donec
1763 4262 1834 4304 eo

167 4334 557 4406 perveniatur
584 4339 650 4391 ut
684 4335 830 4391 nihil
862 4337 934 4392 sit
963 4337 1024 4392 in
1053 4341 1263 4393 nostra
1289 4337 1616 4394 voluntate.
1650 4339 1836 4395 Porro

173 4422 223 4477 si
256 4426 346 4477 est
374 4422 601 4495 aliquid
630 4423 691 4479 in
732 4429 942 4482 nostra
976 4425 1283 4482 voluntate
1312 4425 1540 4482 eisdem
1580 4427 1836 4483 recursis

175 4509 476 4582 gradibus
503 4527 572 4567 eo
595 4515 933 4584 pervenitur
953 4520 1018 4572 ut
1039 4530 1163 4571 non
1190 4515 1262 4571 sit
1282 4516 1659 4588 praescientia
1678 4516 1837 4572 tutu-

176 4611 391 4652 rorum
425 4615 439 4654 :
468 4615 610 4657 nam
640 4617 745 4675 per
769 4603 870 4660 illa
898 4604 1104 4660 omnia
1134 4605 1216 4660 sic
1260 4605 1600 4661 recurritur.
1651 4607 1708 4662 Si
1751 4609 1842 4662 est

178 4686 502 4745 voluntatis
533 4691 867 4763 arbitrium,
889 4709 1011 4749 non
1037 4693 1247 4749 omnia
1275 4693 1396 4748 fato
1421 4691 1610 4762 ﬁunt;
1642 4694 1692 4750 si
1715 4709 1840 4750 non

181 4776 391 4832 omnia
433 4779 551 4836 lato
595 4780 769 4850 ﬁunt,
818 4798 942 4839 non
997 4785 1087 4838 est
1124 4780 1399 4838 omnium
1446 4785 1644 4838 certus
1691 4782 1841 4839 ordo

177 4880 538 4940 causarum;
573 4869 622 4926 si
657 4876 851 4928 certus
891 4886 1218 4928 causarum
1247 4870 1398 4927 ordo
1426 4885 1551 4926 non
1579 4875 1688 4943 est,
1730 4886 1842 4927 nec

173 4970 388 5012 eorum
418 4963 614 5014 certus
660 4963 750 5016 est
790 4959 940 5017 ordo
970 4959 1307 5034 praescienti
1352 4962 1494 5029 Deo,
1534 4975 1671 5034 quae
1713 4960 1843 5017 ﬁeri

170 5059 300 5100 non
347 5051 607 5119 possunt
654 5048 774 5106 nisi
814 5048 1294 5121 praecedentibus
1342 5053 1400 5106 et
1445 5048 1842 5108 efﬁcientibus

171 5135 398 5191 causis.
431 5138 491 5194 Si
537 5153 741 5194 rerum
771 5139 921 5197 ordo
954 5139 1268 5212 prasscient
1313 5142 1434 5198 Deo
1481 5144 1676 5197 certus
1717 5156 1841 5197 non

174 5228 286 5293 est,
317 5241 443 5283 non
468 5229 678 5285 omnia
697 5229 782 5286 sic
805 5230 1056 5286 veniunt
1080 5234 1146 5287 ut
1163 5246 1236 5288 ea
1254 5235 1502 5288 ventura
1520 5231 1838 5304 praescivit.

172 5316 366 5371 Porro
381 5315 429 5371 si
457 5332 581 5373 non
611 5319 818 5376 omnia
848 5319 930 5375 sic
955 5319 1206 5376 veniunt
1239 5324 1306 5376 ut
1337 5320 1416 5377 ab
1457 5319 1558 5376 illo
1589 5324 1843 5376 ventura

173 5407 460 5478 praascita
490 5413 652 5476 sunt,
684 5425 810 5467 non
839 5414 948 5481 est,
979 5411 1193 5485 inquit,
1223 5411 1286 5467 in
1320 5412 1439 5467 Deo
1467 5408 1842 5483 praescientia

175 5496 454 5554 omnium
485 5498 843 5557 futurorum.
877 5504 993 5558 Nos
1023 5501 1308 5559 adversus
1338 5501 1485 5556 istos
1518 5498 1841 5573 sacrilegos

177 5599 374 5643 ausus
397 5594 578 5661 atque
607 5589 846 5663 impios,
877 5595 935 5647 et
959 5593 1146 5647 Deum
1168 5589 1429 5646 dicimus
1457 5588 1663 5645 omnia
1693 5590 1844 5648 scire

181 5679 518 5750 antequam
547 5677 717 5749 ﬁant,
751 5683 811 5738 et
844 5680 1149 5740 voluntate
1184 5693 1299 5738 nos
1325 5676 1520 5738 facere
1547 5678 1846 5755 quidquid

1945 3188 2068 3228 non
2089 3172 2410 3245 praecedat,
2443 3171 2590 3228 satis
2627 3174 2720 3227 est
2748 3169 2828 3227 ad
2854 3185 2996 3226 eum
3025 3169 3089 3227 in
3115 3170 3230 3227 hac
3275 3169 3611 3243 quaestione

1944 3259 2617 3331 redarguendum.Quid
2636 3260 2799 3316 enim
2821 3275 2956 3316 eum
2980 3259 3230 3331 adjuvat
3246 3259 3415 3333 quod
3443 3257 3606 3330 dicit,

1944 3349 2093 3406 nihil
2141 3349 2391 3423 quidem
2438 3349 2568 3407 ﬁeri
2616 3350 2741 3406 sine
2794 3365 3000 3418 causa,
3039 3348 3147 3405 sed
3190 3364 3315 3406 non
3361 3365 3608 3409 omnem

1943 3456 2194 3497 causam
2223 3457 2354 3497 esse
2396 3439 2660 3507 fatalem,
2689 3440 2835 3514 quia
2870 3443 2960 3497 est
3001 3455 3186 3498 causa
3213 3440 3473 3510 fortuita,
3514 3446 3609 3500 est

1943 3531 2255 3602 naturalis,
2275 3537 2364 3588 est
2382 3531 2719 3590 voluntaria
2742 3532 2770 3588 ?
2801 3531 3028 3591 Sufﬁcit
3053 3531 3199 3606 quia
3227 3549 3408 3590 omne
3438 3533 3608 3607 quod

1943 3621 2030 3690 ﬁt;
2061 3638 2186 3679 non
2211 3623 2325 3680 nisi
2353 3639 2541 3680 causa
2568 3624 2941 3698 pracedente
2970 3624 3101 3681 ﬁeri
3129 3625 3464 3682 conﬁtetur.
3489 3629 3605 3682 Nos

1943 3713 2106 3768 enim
2161 3729 2264 3769 eas
2318 3729 2534 3771 causas
2587 3729 2721 3787 quis
2772 3714 3056 3770 dicuntur
3109 3713 3386 3782 fortuitae,
3441 3715 3604 3772 unde

1944 3801 2124 3858 etiam
2155 3803 2393 3858 fortuna
2427 3819 2654 3858 nomen
2700 3803 2949 3874 accepit,
2997 3817 3122 3858 non
3169 3819 3299 3858 esse
3345 3803 3603 3861 dicimus

1943 3891 2139 3946 nullas
2171 3890 2279 3945 sed
2306 3891 2556 3946 latentes
2581 3909 2594 3945 :
2623 3905 2846 3961 easque
2869 3890 3189 3945 tribuimus
3210 3890 3308 3945 vel
3329 3890 3430 3944 Dei
3456 3891 3603 3956 veri,

1941 3979 2038 4034 vel
2066 3977 2471 4050 quorumlibet
2500 3975 2817 4048 spirituum
2845 3975 3159 4043 voluntati,
3189 3976 3475 4049 ipsasque
3493 3989 3603 4032 na-

1942 4067 2164 4124 turales
2189 4081 2579 4140 nequaquam
2612 4065 2690 4122 ab
2719 4063 2877 4121 illius
2901 4063 3205 4122 voluntate
3230 4064 3606 4138 sejungimus

1943 4157 2047 4230 qui
2067 4160 2154 4213 est
2182 4160 2392 4213 auctor
2421 4155 2619 4213 omnis
2639 4154 3033 4228 conditorque
3057 4159 3446 4214 naturasJam
3459 4172 3605 4214 vero

1943 4263 2139 4304 causa;
2167 4246 2519 4304 voluntarias
2546 4249 2652 4302 aut
2679 4245 2781 4302 Dei
2807 4249 2964 4314 sunt,
2992 4247 3097 4302 aut
3123 4246 3608 4315 angelorum,aut

1943 4337 2282 4410 hominum,
2327 4340 2432 4394 aut
2471 4352 2856 4410 quorumque
2905 4334 3282 4402 animalium,
3313 4336 3366 4392 si
3401 4340 3607 4394 tamen

1943 4425 2277 4484 voluntates
2305 4427 2683 4500 appellandae
2705 4429 2844 4483 sunt
2859 4427 3202 4483 animarum
3222 4426 3353 4496 [al.,
3375 4426 3610 4483 anima-

1943 4515 2116 4587 lium]
2145 4517 2394 4573 rationis
2433 4516 2767 4590 expertium
2809 4520 3010 4572 motus
3033 4515 3117 4571 illi
3145 4513 3368 4587 quibus
3403 4515 3611 4586 aliqua

1947 4607 2174 4662 faciunt
2192 4607 2528 4662 secundum
2567 4609 2848 4661 naturam
2883 4617 3078 4672 suam,
3105 4617 3243 4659 cum
3287 4601 3435 4674 quid
3464 4599 3610 4658 boni

1947 4693 2164 4749 malive
2184 4693 2278 4748 vel
2303 4697 2596 4766 appetunt
2624 4693 2719 4749 vel
2739 4695 2981 4748 evitant.
3010 4690 3376 4762 Angelorum
3405 4693 3611 4748 autem

1948 4781 2286 4839 voluntates
2333 4781 2468 4837 dico
2517 4797 2626 4837 seu
2666 4781 2990 4849 bonorum,
3039 4793 3197 4853 quos
3229 4777 3477 4852 angelos
3506 4778 3612 4837 Dei

1948 4871 2224 4937 dicimus,
2268 4885 2379 4926 seu
2418 4869 2741 4934 malorum,
2779 4885 2936 4942 quos
2973 4868 3222 4942 angelos
3261 4869 3490 4930 diaboli
3515 4873 3615 4932 vel

1948 4960 2128 5018 etiam
2154 4958 2464 5016 dmmones
2494 4958 2893 5033 appellamus,
2925 4958 3011 5015 sic
3035 4965 3094 5018 et
3133 4959 3475 5032 hominum,
3506 4959 3616 5017 bo-

1948 5066 2167 5108 norum
2206 5049 2427 5107 scilicet
2467 5055 2526 5106 et
2561 5047 2880 5106 malorum.
2922 5051 3004 5106 Ac
3037 5065 3147 5123 per
3173 5051 3289 5108 hoc
3319 5050 3616 5124 colligitur

1950 5157 2074 5198 non
2103 5155 2233 5197 esse
2264 5155 2480 5198 causas
2505 5138 2828 5196 efﬁcientes
2852 5139 3128 5197 omnium
3151 5156 3290 5215 quas
3317 5140 3618 5206 ﬁunt,nisi

1948 5229 2322 5288 voluntarias
2345 5230 2506 5287 illius
2537 5233 2767 5287 natura:
2798 5228 3020 5287 scilicet
3043 5247 3179 5306 quas
3205 5232 3449 5306 spiritus
3477 5229 3615 5284 vita

1953 5326 2058 5378 est.
2091 5325 2243 5378 Nam
2263 5324 2322 5378 et
2343 5336 2446 5377 aer
2464 5319 2572 5377 iste
2601 5334 2712 5376 seu
2728 5324 2944 5377 ventus
2963 5319 3181 5379 dicitur
3203 5320 3448 5394 spiritus
3454 5313 3608 5389 ,sed,

1951 5411 2243 5485 quoniam
2273 5425 2496 5485 corpus
2525 5413 2636 5482 est,
2663 5425 2788 5468 non
2806 5413 2897 5468 est
2914 5411 3162 5484 spiritus
3179 5411 3336 5467 vitae.
3360 5405 3615 5482 Spiritus

1953 5519 2095 5573 ergo
2119 5503 2256 5558 vitae
2269 5503 2373 5574 qui
2394 5501 2657 5559 viviﬁcat
2677 5501 2885 5560 omnia
2911 5502 3005 5572 (Π
3020 5502 3201 5558 Esdr.
3232 5515 3314 5570 ix,
3345 5501 3425 5570 ϐ),
3447 5511 3616 5555 crea-

1952 5596 2162 5663 torque
2187 5595 2277 5647 est
2303 5591 2503 5648 omnis
2531 5592 2803 5666 corporis
2831 5595 2892 5648 et
2919 5590 3117 5646 omnis
3135 5587 3318 5645 creati
3345 5585 3618 5670 spiritus.

1953 5679 2082 5752 ipse
2114 5683 2202 5738 est
2229 5681 2384 5737 Deus
2416 5680 2668 5752 Spiritus
2695 5679 2903 5754 utique
2921 5690 3048 5738 non
3073 5681 3349 5745 creatus;
3394 5673 3458 5729 in
3484 5672 3621 5740 οίιιι
