4116 6186
492 203 633 259 1163

1573 197 1628 250 8.
1668 191 2040 253 PRUDENTII
2083 190 2468 252 TRECENSIS
2509 196 2846 254 EPISCOPI.

3800 207 3942 261 1144

487 325 796 386 voluntate
817 334 1057 378 summa
1075 322 1341 394 potestas
1367 324 1476 386 est,
1503 335 1641 395 quae
1663 321 1797 393 [al.,
1836 319 2210 393 quaJcrea-A
2265 319 2620 378 necessitate
2651 335 2775 379 non
2802 335 2930 378 esse
2955 337 2968 377 :
2993 320 3187 380 multa
3207 322 3370 379 enim
3389 323 3667 396 facimus,
3689 341 3857 399 quae,
3895 331 3945 386 si

488 420 689 474 torum
717 409 1035 484 spirituum
1062 409 1259 466 bonas
1286 410 1629 468 voluntates
1659 410 1930 482 adjuvat,
1954 407 2148 464 malas

484 502 738 577 judicat,
760 515 972 557 omnes
993 499 1254 564 ordinat,
1278 503 1334 557 et
1381 499 1750 573 quibusdam
1793 496 1996 556 tribuit
2038 511 2148 570 po-

486 594 784 659 testatem,
806 588 1177 663 quibusdam
1205 605 1330 646 non
1359 589 1584 646 tribuit.
1621 589 1780 646 Sicut
1815 587 1977 645 enim
2021 601 2148 642 om-

485 682 658 739 nium
688 683 1042 736 naturarum
1081 684 1314 736 creator
1341 682 1448 748 est,
1479 679 1562 736 ita
1588 679 1864 737 omnium
1890 677 2150 751 potesta-

485 777 617 829 tum
656 771 850 832 dator,
882 784 1005 826 non
1036 769 1411 827 voluntatum
1444 789 1456 825 :
1489 769 1664 826 malae
1693 768 1920 842 quippe
1948 765 2150 822 volun-

485 865 639 918 tates
670 859 749 917 ab
799 858 900 915 illo
939 873 1064 915 non
1105 863 1264 927 sunt,
1298 859 1588 933 quoniam
1618 863 1826 915 contra
1870 859 2148 913 naturam

487 955 626 1007 sunt
656 965 793 1022 quae
824 947 902 1004 ab
938 948 1037 1004 illo
1069 953 1172 1005 est.
1209 949 1474 1021 Corpora
1509 947 1686 1018 igitur
1715 946 1907 1016 magis
1950 944 2148 1015 subja-

486 1043 623 1096 cent
653 1037 1079 1106 voluntatibus,
1112 1038 1396 1112 quaedam
1427 1037 1745 1102 nostris,id
1765 1035 2147 1092 estomnium

487 1129 890 1186 animantium
920 1129 1364 1195 inortalium,et
1386 1128 1584 1198 magis
1613 1127 1929 1183 hominum
1960 1141 2146 1198 quam

484 1219 817 1276 bestiarum
852 1236 864 1273 :
898 1217 1184 1291 quaedam
1211 1234 1355 1275 vero
1381 1217 1731 1288 angelorum
1758 1236 1770 1285 ;
1809 1217 1915 1272 sed
1944 1217 2150 1273 omnia

484 1309 750 1365 maxime
784 1307 886 1364 Dei
913 1307 1203 1364 voluntati
1235 1307 1478 1364 subdita
1505 1310 1644 1364 sunt
1675 1324 1686 1362 :
1723 1306 1817 1362 cui
1841 1306 2022 1362 etiam
2050 1324 2151 1362 vo-

484 1397 743 1454 luntates
792 1412 1003 1452 omnes
1061 1395 1479 1468 subjiciuntur,
1543 1396 1690 1468 quia
1743 1412 1867 1452 non
1924 1394 2149 1452 habent

485 1490 864 1559 potestatem,
897 1485 1014 1541 nisi
1045 1501 1233 1557 quam
1262 1484 1357 1540 ille
1389 1484 1682 1541 concedit.
1727 1487 1919 1540 Causa
1951 1485 2149 1556 itaque

484 1591 709 1637 rerum,
733 1590 868 1646 quae
891 1573 1032 1629 facit
1050 1588 1162 1629 nec
1187 1573 1275 1642 ﬁt,
1303 1576 1456 1629 Deus
1473 1577 1579 1641 est,
1603 1572 1732 1628 aliae
1760 1587 1902 1628 vero
1931 1587 2146 1630 causae.

2258 407 2712 479 nollemus,non
2735 411 2939 484 utique
2957 412 3328 483 faceremus;
3357 428 3482 486 quo
3506 413 3792 487 primitus
3807 433 3945 490 per-

2258 495 2402 554 tinet
2422 498 2626 571 ipsum
2647 499 2816 557 velle.
2837 503 2986 558 Nam
3016 499 3066 556 si
3093 500 3398 570 volumus,
3421 509 3529 574 est,
3551 503 3604 559 si
3620 505 3938 576 nolumus,

2256 597 2375 638 non
2406 591 2510 641 est.
2531 588 2659 642 Non
2684 587 2843 644 enim
2873 587 3181 652 vellemus,
3211 589 3261 645 si
3281 589 3600 648 nollemus.
3643 593 3700 650 Si
3727 600 3936 652 autem

2257 671 2357 728 illa
2381 672 2662 732 deﬁnitur
2688 691 2817 733 esse
2845 677 3172 734 necessitas
3202 679 3538 736 secundum
3569 698 3765 755 quam
3794 685 3936 742 dici-

2257 777 2660 831 mus,necesse
2677 781 2810 822 esse
2827 771 2891 822 ut
2911 765 2996 822 ita
3015 766 3090 823 sit
3109 767 3338 840 aliquid
3358 768 3454 826 vel
3481 770 3566 828 ita
3589 771 3936 840 ﬁat,nescio

2256 865 2361 907 cur
2385 867 2519 909 eam
2551 853 2873 912 timeamus
2896 869 2970 910 ne
3001 856 3178 913 nobis
3203 856 3543 916 libertatem
3569 861 3812 920 auferat
3836 881 3935 922 vo~

2254 938 2498 996 luntatis
2533 959 2545 996 :
2578 958 2775 1016 neque
2805 943 2967 1001 enim
2991 948 3045 1001 et
3072 945 3255 1002 vitam
3284 946 3387 1004 Dei
3408 952 3464 1006 et
3483 949 3932 1022 praescientiam

2258 1030 2357 1084 Dei
2389 1030 2503 1086 sub
2534 1033 2882 1090 necessitate
2911 1033 3219 1106 ponimus,
3271 1035 3322 1092 si
3359 1035 3641 1094 dicamus
3685 1056 3932 1099 necesse

2257 1132 2389 1172 esse
2418 1121 2603 1175 Deum
2634 1136 2871 1193 semper
2901 1121 3095 1178 vivere
3127 1126 3183 1179 et
3213 1129 3430 1181 cuncta
3462 1128 3748 1198 praescire
3783 1133 3933 1187 sicut

2256 1219 2366 1260 nec
2401 1210 2664 1278 potestas
2694 1209 2825 1279 ejus
2855 1209 3144 1266 minuitur
3176 1226 3314 1268 cum
3355 1212 3572 1270 dicitur
3598 1218 3751 1273 mori
3783 1218 3929 1276 falli-

2257 1311 2373 1367 que
2399 1313 2522 1352 non
2550 1314 2749 1370 posse.
2786 1299 2877 1356 Sic
2904 1299 3066 1356 enim
3094 1301 3209 1357 hoc
3237 1317 3364 1358 non
3391 1310 3610 1376 potest,
3637 1311 3701 1363 ut
3728 1309 3930 1380 potius

2260 1384 2306 1440 si
2320 1387 2785 1456 possetminoris
2802 1393 2957 1445 esset
2971 1389 3175 1462 utique
3188 1393 3684 1462 potestatis,recte
3701 1397 3928 1470 quippe

2259 1475 2641 1547 omnipotens
2682 1476 2915 1546 dicitur,
2959 1477 3062 1550 qui
3100 1483 3302 1535 tamen
3355 1481 3509 1538 mori
3550 1488 3605 1538 et
3643 1484 3765 1540 falli
3805 1501 3926 1542 non

2257 1567 2473 1635 potest.
2525 1565 2746 1622 Dicitur
2793 1566 2953 1622 enim
3003 1568 3388 1640 omnipotens
3435 1570 3708 1629 faciendo
3756 1575 3926 1646 quod

487 1666 545 1719 et
590 1662 815 1719 faciunt
861 1666 918 1719 et
965 1662 1137 1727 ﬁunt,
1183 1662 1337 1718 sicut
1383 1667 1521 1717 sunt
1568 1677 1781 1718 omnes
1824 1661 2004 1718 creati
2035 1661 2150 1734 spi—
2179 1674 2218 1729 Β
2256 1651 2398 1722 Vlllt,
2426 1668 2549 1710 non
2574 1653 2858 1726 patiendo
2885 1655 3051 1728 Quod
3077 1671 3203 1713 non
3225 1657 3390 1727 vult;
3422 1660 3588 1732 quod
3613 1662 3661 1717 si
3690 1662 3744 1717 ei
3773 1665 3926 1719 acci-

484 1751 654 1822 ritus,
668 1751 930 1807 maxime
948 1749 1272 1807 rationales
1295 1767 1307 1817 ;
1341 1749 1685 1823 corporales
1707 1753 1911 1807 autem
1928 1766 2145 1820 causae,

484 1857 622 1914 quae
670 1839 868 1909 magis
915 1840 1068 1894 ﬁunt
1115 1854 1302 1911 quam
1349 1838 1591 1907 faciunt,
1642 1855 1762 1896 non
1813 1845 1951 1896 sunt
1998 1839 2150 1896 inter

485 1943 702 1984 causas
753 1927 1075 1984 efﬁcientes
1124 1927 1632 1996 annumerandse;
1685 1929 1977 2001 quoniam
2034 1929 2149 1985 hoc

482 2021 742 2090 possunt
769 2016 937 2090 quod
967 2031 1039 2072 ex
1076 2016 1222 2088 ipsis
1265 2016 1492 2073 faciunt
1523 2016 1842 2090 spirituum
1871 2017 2147 2074 voltmta-

485 2112 600 2162 tes.
649 2105 966 2172 Quomodo
1013 2105 1193 2175 igitur
1232 2104 1383 2162 ordo
1433 2121 1780 2178 causarum,
1821 2105 1929 2180 qui
1966 2122 2149 2179 pries-

485 2194 668 2250 cienti
699 2197 896 2250 certus
928 2196 1016 2251 est
1044 2195 1186 2265 Deo,
1211 2193 1273 2250 id
1290 2193 1470 2250 efﬁcit
1489 2198 1554 2252 ut
1578 2194 1725 2250 nihil
1751 2194 1825 2252 sit
1854 2195 1914 2250 in
1941 2201 2149 2252 nostra

481 2282 812 2352 voluntate,
841 2299 980 2340 cum
1011 2282 1073 2339 in
1097 2282 1230 2356 ipso
1263 2299 1588 2340 causarum
1613 2283 1824 2341 ordine
1852 2300 2148 2355 magnum

482 2371 751 2430 habeant
815 2372 1017 2429 locum
1066 2377 1288 2430 nostrae
1344 2371 1684 2430 voluntates
1725 2373 1754 2430 ?
1819 2372 2153 2432 Contendat

482 2477 625 2533 ergo
687 2461 888 2519 Cicero
941 2477 1080 2518 cum
1127 2462 1213 2518 eis
1258 2461 1364 2536 qui
1411 2462 1573 2519 hunc
1622 2478 1943 2520 causarum
1995 2461 2150 2520 ordi-

481 2565 625 2607 nem
655 2549 868 2607 dieunt
897 2566 1034 2608 esse
1059 2550 1324 2615 fatalem,
1347 2551 1442 2608 vel
1462 2552 1662 2624 potius
1692 2551 1895 2624 ipsum
1923 2551 2026 2610 fati
2045 2569 2150 2609 no-

479 2638 646 2695 mine
685 2637 1011 2712 appellant,
1055 2638 1223 2712 quod
1266 2655 1380 2696 nos
1423 2639 1822 2696 abhorremus
1849 2639 2150 2714 praecipue

479 2731 730 2802 propter
757 2726 1122 2784 vocabulum
1144 2727 1311 2801 quod
1341 2743 1464 2784 non
1493 2729 1557 2785 in
1573 2744 1639 2785 re
1667 2744 1812 2785 vera
1842 2729 2149 2788 consuevit

479 2817 748 2889 intelligi.
783 2816 958 2884 Quod
987 2832 1129 2874 vero
1153 2823 1335 2889 negat
1367 2817 1642 2875 ordinem
1689 2817 1965 2875 omnium
2005 2833 2147 2874 cau-

484 2922 691 2964 sarum
738 2921 870 2963 esse
912 2905 1333 2972 certissimum,
1365 2910 1422 2962 et
1463 2907 1564 2962 Dei
1606 2906 1996 2981 praescientiae
2042 2923 2150 2965 no-

2257 1740 2442 1812 deret,
2477 1758 2865 1816 nequaquam
2911 1750 3062 1801 esset
3094 1745 3493 1819 omnipotens.
3531 1749 3695 1806 Unde
3731 1767 3925 1825 prop-

2256 1836 2419 1889 terea
2445 1831 2731 1904 quaedam
2771 1849 2895 1890 non
2927 1840 3143 1907 potest,
3186 1837 3330 1909 quia
3365 1838 3742 1910 omnipotens
3772 1846 3870 1897 est
3906 1860 3917 1895 :

2257 1919 2409 1977 sicut
2435 1921 2610 1977 etiam
2644 1938 2784 1978 cum
2823 1921 3079 1980 dicimus
3123 1940 3359 1982 necesse
3388 1941 3510 1982 esse
3535 1931 3599 1982 ut
3629 1943 3772 1984 cum
3802 1945 3918 1984 vo-

2254 2009 2476 2080 lumus,
2517 2011 2706 2069 libero
2756 2012 3008 2070 velimus
3052 2014 3320 2083 arbitrio,
3367 2020 3423 2072 et
3455 2031 3665 2072 verum
3693 2019 3926 2091 procul

2255 2098 2441 2157 dubio
2471 2099 2747 2169 dicimus,
2781 2107 2838 2158 et
2872 2117 2996 2159 non
3047 2103 3183 2162 ideo
3229 2105 3427 2177 ipsum
3453 2103 3710 2162 liberum
3756 2107 3925 2163 arbi-

2256 2187 2434 2245 trium
2486 2189 2823 2247 necessitati
2867 2191 3243 2264 subjicimus,
3302 2209 3427 2268 qua
3484 2193 3817 2252 adimimus
3867 2196 3930 2252 li-

2253 2277 2548 2335 bertatem
2571 2279 2702 2350 [al.,
2733 2295 2870 2353 quae
2897 2280 3152 2354 adimit].
3187 2284 3346 2340 Sunt
3372 2283 3550 2354 igitur
3579 2289 3807 2342 nostrae
3824 2302 3928 2341 vo-

2253 2365 2533 2439 luntates,
2573 2373 2631 2425 et
2676 2369 2823 2442 ipsa:
2871 2369 3100 2427 faciunt
3147 2370 3449 2445 quidquid
3491 2372 3757 2431 volando
3797 2374 3930 2432 faci-

2257 2471 2414 2516 mus.
2466 2457 2634 2529 quod
2684 2473 2808 2514 non
2869 2458 3034 2516 ﬁeret
3091 2460 3140 2516 si
3193 2460 3494 2518 nollemus
3557 2480 3571 2518 :
3628 2462 3925 2538 quidquid

2258 2548 2458 2602 autem
2490 2545 2750 2606 aliorum
2769 2547 3090 2606 hominum
3109 2549 3291 2606 volun
3300 2554 3414 2608 tate
3437 2549 3655 2608 nolens
3672 2553 3921 2627 quisque

2256 2635 2500 2710 patitur,
2541 2637 2721 2696 etiam
2760 2638 2843 2696 sic
2885 2638 3160 2697 voluntas
3203 2639 3383 2710 valet,
3416 2647 3474 2699 et
3507 2641 3557 2698 si
3601 2658 3732 2699 non
3769 2643 3910 2698 illius

2257 2731 2458 2784 tamen
2497 2728 2628 2799 [al.,
2663 2731 2924 2801 tantum]
2953 2730 3218 2787 hominis
3247 2730 3554 2794 voluntas,
3592 2733 3703 2789 sed
3730 2737 3919 2806 potes-

2257 2817 2349 2872 tas
2382 2817 2480 2872 Dei
2499 2822 2608 2873 est.
2633 2818 2674 2871 Ν
2683 2833 2784 2874 am
2809 2818 2858 2874 si
2875 2817 3154 2877 voluntas
3172 2823 3409 2877 tantum
3421 2827 3579 2878 esset
3598 2837 3701 2877 nec
3715 2828 3926 2893 posset

2257 2905 2422 2979 quod
2448 2905 2645 2975 vellet,
2669 2907 3002 2980 potentiore
3025 2908 3330 2966 voluntate
3361 2910 3770 2983 impediretur,
3808 2926 3924 2966 nec

482 2996 805 3086 tissimum,
836 2995 975 3070 plus
1013 3011 1151 3053 eum
1190 3011 1378 3070 quam
1409 2995 1585 3086 Stoici
1613 2995 2000 3086 detestamur.
2032 2999 2149 3054 Aut
2175 3029 2217 3086 ρ
2260 2995 2344 3086 sic
2373 2985 2578 3086 tamen
2604 2995 2909 3066 voluntas,
2952 2998 3070 3055 nisi
3123 2998 3394 3056 voluntas
3435 3004 3612 3068 esset,
3639 3015 3752 3056 nec
3782 2999 3926 3057 alte-

482 3085 646 3142 enim
699 3101 830 3142 esse
881 3088 1070 3142 Deum
1120 3087 1301 3155 negat
1353 3085 1540 3159 (quod
1595 3085 1845 3159 quidem
1899 3085 2148 3144 inducta

485 3175 726 3233 alterius
752 3191 1013 3248 persona
1042 3175 1104 3232 in
1131 3175 1298 3232 libris
1324 3176 1399 3232 de
1429 3175 1682 3232 deorum
1709 3180 1926 3234 natura
1953 3175 2146 3234 facere

484 3265 728 3322 molitus
759 3266 890 3336 est),
930 3269 1034 3323 aut
1087 3265 1136 3321 si
1183 3282 1314 3321 esse
1364 3265 1679 3323 conﬁtetur
1707 3268 1916 3335 Deum,
1965 3283 2148 3341 quem

481 3358 666 3423 negat
703 3353 1025 3425 praescium
1067 3355 1425 3422 futurorum,
1469 3354 1648 3411 etiam
1691 3355 1777 3411 sic
1819 3355 1968 3412 nihil
2009 3355 2152 3412 dicit

485 3441 650 3498 aliud
670 3457 857 3512 quam
876 3441 1043 3514 quod
1065 3441 1160 3498 ille
1185 3459 1198 3497 :
1221 3443 1393 3499 Dixit
1424 3445 1709 3515 insipiens
1729 3447 1791 3502 in
1823 3446 2002 3503 corde
2019 3462 2124 3504 suo
2127 3491 2146 3520 ,

481 3543 605 3584 non
628 3533 714 3583 est
742 3529 899 3583 Deus
929 3529 1118 3599 (Psal.
1151 3544 1272 3583 xm.
1305 3529 1352 3601 l)
1383 3532 1487 3604 qui
1510 3532 1672 3588 enim
1699 3548 1824 3590 non
1844 3538 1937 3591 est
1963 3551 2147 3607 praes—

483 3615 615 3673 eius
665 3614 940 3672 omnium
989 3615 1346 3686 futurorum,
1388 3633 1514 3675 non
1571 3625 1658 3676 est
1710 3621 1915 3695 utique
1970 3627 2143 3682 Deus.

486 3707 866 3777 Quapropter
909 3709 966 3762 et
1007 3704 1347 3762 voluntates
1398 3711 1618 3764 nostrae
1657 3715 1895 3769 tantum
1947 3713 2147 3772 valent

482 3796 782 3867 quantum
812 3793 968 3850 Deus
1000 3810 1103 3852 eas
1131 3793 1327 3853 valere
1368 3795 1555 3854 voluit
1593 3802 1772 3873 atque
1813 3803 2144 3874 praescivit;

481 3885 539 3941 et
567 3881 704 3940 ideo
733 3882 1034 3958 quidquid
1063 3883 1265 3942 valent
1294 3886 1620 3944 certissime
1648 3888 1867 3964 valent,
1895 3897 1952 3949 et
1979 3891 2147 3965 quod

481 3973 722 4030 facturae
750 3977 908 4043 sunt,
939 3973 1088 4048 ipsas
1118 3975 1366 4034 omnino
1391 3976 1633 4035 facturae
1657 3984 1831 4038 sunt:
1865 3981 2010 4054 quia
2041 3998 2145 4038 va-

478 4060 692 4118 lituras
711 4065 890 4134 atque
907 4062 1171 4122 facturas
1198 4064 1293 4122 ille
1321 4066 1618 4138 praescivit
1640 4069 1813 4141 cujus
1833 4070 2147 4143 praescien-

479 4149 564 4205 tia
611 4148 736 4206 falli
767 4165 892 4207 non
935 4157 1169 4226 potest;
1201 4161 1572 4229 quapropter
1613 4157 1662 4213 si
1701 4157 1850 4216 mihi
1893 4157 1998 4216 fati
2034 4175 2144 4216 no-

481 4253 626 4294 men
654 4237 834 4295 alicui
874 4241 960 4298 rei
993 4241 1406 4300 adhibendum
1435 4243 1716 4317 placeret,
1757 4246 1952 4316 magis
1991 4245 2148 4305 dice-

481 4343 610 4386 rem
639 4327 834 4386 fatum
861 4345 991 4387 esse
1019 4331 1367 4389 inﬁrmioris
1395 4335 1748 4407 potentioris
1773 4336 2142 4397 voluntatem

481 4416 587 4489 qui
615 4431 757 4475 eum
784 4417 969 4478 habet
1012 4420 1074 4477 in
1122 4424 1434 4493 potestate,
1465 4438 1653 4496 quam
1691 4423 1792 4482 illo
1821 4439 2144 4485 causarum

479 4505 712 4580 ordine,
761 4523 946 4582 quem
991 4524 1116 4568 non
1163 4509 1382 4569 usitato
1431 4511 1540 4569 sed
1583 4529 1692 4571 suo
1745 4529 1913 4572 more
1966 4517 2143 4575 Stoici

479 4596 672 4740 fatum
703 4597 1035 4672 appellant,
1075 4599 1388 4660 arbitrium
1425 4605 1644 4661 nostra:
1682 4602 2004 4664 voluntatis
2043 4623 2145 4665 au-

508 4701 643 4740 err1.

508 4701 621 4744 errr
629 4730 643 4744 .

551 4777 757 4848 (Idem,
777 4778 948 4852 c.10.)
974 4780 1140 4840 Unde
1161 4797 1272 4842 nec
1295 4784 1395 4844 illa
1413 4787 1739 4846 necessitas
1758 4787 2145 4849 formidanda

481 4866 592 4932 est,
621 4880 809 4936 quam
846 4867 1232 4930 formidando
1265 4875 1440 4933 Stoici
1472 4876 1902 4937 laboraverunt
1931 4895 2146 4939 causas

478 4960 705 5038 rerum_
733 4953 816 5008 ita
857 4953 1221 5028 distinguere
1258 4969 1324 5020 ut
1380 4967 1682 5038 quasdam
1728 4968 2148 5027 subtraherent

479 5035 837 5131 necessitati,
865 5045 1173 5112 quosdam
1199 5035 1526 5112 subderent
1550 5075 1563 5124 ;
1599 5062 1777 5130 atque
1797 5058 1859 5113 in
1879 5058 1971 5114 his
1991 5075 2146 5131 quas

480 5136 611 5217 esse
664 5123 780 5181 sub
807 5131 1160 5217 necessitate
1200 5123 1557 5214 noluerunt,
1586 5123 1920 5217 posuerunt
1965 5123 2145 5205 etiam

478 5214 718 5272 nostras
746 5213 1106 5289 voluntates,
1135 5239 1211 5282 ne
1237 5213 1665 5290 videlicetnon
1693 5237 1891 5290 essent
1917 5232 2120 5292 liberae

477 5303 532 5359 si
561 5303 966 5364 subderentur
991 5315 1349 5376 necessitati.
1388 5321 1444 5377 Si
1476 5322 1638 5379 enim
1667 5322 1992 5379 necessitas
2014 5297 2148 5384 nos:

475 5393 568 5450 tra
592 5393 695 5452 illa
721 5397 980 5457 dicenda
1008 5405 1097 5459 est
1125 5419 1261 5477 quae
1305 5423 1432 5465 non
1481 5417 1568 5467 est
1613 5413 1672 5468 in
1719 5414 1924 5468 nostra
1952 5417 2148 5485 potes-

472 5485 613 5548 tate,
638 5485 745 5542 sed
766 5487 948 5549 etiam
969 5491 1018 5548 si
1036 5493 1322 5568 nolimus,
1348 5499 1526 5558 efﬁcit
1572 5502 1740 5576 quod
1761 5505 1975 5575 potest,
1993 5503 2147 5560 sicut

472 5577 563 5630 est
591 5577 920 5638 necessitas
963 5585 1190 5657 mortis,
1236 5591 1631 5652 manifestum
1670 5598 1758 5652 est
1797 5593 2138 5652 voluntates

469 5665 708 5726 nostras
737 5669 960 5778 quibus
984 5677 1142 5736 recte
1167 5678 1261 5737 vel
1279 5695 1605 5758 perperam
1630 5687 1865 5756 vivitur,
1895 5685 2008 5743 sub
2030 5685 2132 5743 tali

2256 3084 2401 3153 rius,
2436 3084 2543 3142 sed
2575 3086 2705 3158 ejus
2735 3092 2890 3144 esset
2933 3087 3040 3160 qui
3069 3087 3263 3158 vellet,
3291 3088 3400 3145 etsi
3429 3103 3554 3146 non
3583 3093 3795 3162 posset
3817 3090 3925 3146 im-

2258 3172 2419 3246 plere
2463 3175 2628 3246 quod
2680 3174 2874 3232 vellet.
2932 3176 3097 3232 Unde
3142 3177 3440 3250 quidquid
3487 3183 3708 3250 praeter
3752 3195 3926 3236 suam

2258 3263 2627 3322 voluntatem
2667 3266 2890 3338 patitur
2915 3266 3100 3324 homo
3135 3283 3261 3324 non
3293 3267 3470 3325 debet
3500 3268 3766 3326 tribuere
3797 3270 3925 3342 [al.,

2257 3353 2602 3426 retribuere]
2631 3354 2918 3413 humanis
2954 3355 3049 3413 vel
3081 3357 3391 3428 angelicis,
3432 3356 3523 3413 vel
3560 3357 3928 3431 cujusquam

2258 3443 2439 3500 creati
2483 3443 2722 3516 spiritus
2771 3443 3206 3514 voluntatibus,
3254 3444 3361 3502 sed
3399 3446 3529 3517 ejus
3572 3446 3780 3518 potius
3828 3447 3928 3520 qui

2256 3530 2362 3588 dat
2405 3536 2763 3604 potestatem
2810 3533 3168 3590 volentibus.
3223 3535 3355 3591 Non
3407 3550 3550 3605 ergo
3600 3541 3927 3609 propterea

2256 3621 2402 3678 nihil
2440 3626 2529 3678 est
2557 3622 2620 3678 in
2646 3627 2856 3681 nostra
2897 3623 3223 3695 voluntate,
3253 3623 3399 3697 quia
3442 3625 3601 3680 Deus
3629 3626 3929 3697 praescivit

2255 3709 2402 3783 quid
2445 3710 2716 3768 futurum
2775 3718 2932 3769 esset
2989 3713 3051 3770 in
3110 3718 3318 3770 nostra
3368 3712 3677 3770 voluntate
3732 3733 3744 3768 :
3807 3731 3930 3771 non

2257 3800 2417 3857 enim
2457 3801 2563 3874 qui
2601 3801 2717 3858 hoc
2759 3803 3079 3876 prteseivit,
3115 3803 3261 3860 nihil
3295 3803 3615 3877 prtescivit.
3649 3807 3837 3861 Porro
3885 3807 3931 3860 si

2255 3889 2350 3948 ille
2401 3892 2506 3965 qui
2557 3893 2856 3964 praescivit
2896 3893 3045 3967 quid
3083 3893 3352 3950 futurum
3408 3898 3564 3950 esset
3609 3894 3674 3950 in
3719 3901 3933 3952 nostra

2255 3979 2578 4044 voluntate,
2608 3997 2729 4039 non
2761 3982 2967 4056 utique
2993 3982 3160 4054 nihil,
3201 3982 3309 4040 sed
3342 3981 3574 4056 aliquid
3605 3985 3931 4056 praescivit,

2255 4073 2521 4146 profecto
2567 4077 2624 4129 et
2669 4071 2770 4130 illo
2814 4073 3161 4147 praesciente
3209 4077 3297 4130 est
3343 4072 3569 4146 aliquid
3612 4073 3677 4130 in
3720 4080 3936 4131 nostra

2257 4163 2580 4221 voluntate.
2628 4163 2918 4230 Quocirca
2966 4163 3319 4221 nullomodo
3367 4163 3642 4235 cogimur
3688 4170 3798 4221 aut
3845 4181 3937 4221 re-

2253 4255 2416 4310 tenta
2442 4254 2820 4326 praescientia
2867 4253 2968 4310 Dei
3002 4253 3203 4311 tollere
3231 4253 3553 4311 voluntatis
3583 4252 3932 4316 arbitrium.

2254 4347 2355 4399 aut
2393 4346 2622 4399 retento
2651 4343 2969 4400 voluntatis
3013 4342 3327 4400 arbitrium
3377 4344 3566 4398 Deum
3608 4343 3785 4416 quod
3829 4360 3934 4399 nc-

2254 4432 2346 4489 fas
2377 4435 2484 4503 est,
2517 4445 2742 4502 negare
2771 4431 3088 4505 praescium
3127 4433 3485 4490 futurorum.
3541 4431 3658 4489 Sed
3697 4437 3932 4488 utrum-

2251 4535 2370 4594 que
2397 4520 2836 4594 amplectimur,
2877 4525 3200 4597 utrumque
3230 4521 3483 4578 ﬁdeliter
3529 4525 3587 4577 et
3630 4522 3935 4579 veraciter

2254 4611 2657 4669 conﬁtemur:
2711 4610 2860 4668 illud
2923 4616 2990 4669 ut
3051 4612 3206 4670 bene
3271 4611 3613 4681 credamus,
3679 4611 3798 4666 hoc
3863 4617 3932 4665 ut

2253 4701 2406 4759 bene
2457 4703 2768 4773 vivamus;
2801 4701 2957 4759 male
3004 4706 3205 4760 autem
3248 4701 3464 4758 vivitur
3511 4700 3625 4758 nisi
3669 4698 3743 4754 de
3799 4699 3932 4756 Deo

2252 4791 2406 4850 bene
2450 4793 2726 4850 creditur.
2781 4791 2947 4850 Unde
3000 4791 3156 4849 absit
3204 4807 3242 4849 a
3296 4790 3474 4848 nobis
3511 4791 3646 4862 ejus
3696 4803 3932 4859 negare

2254 4884 2694 4958 praeseientiam
2744 4888 2810 4940 ut
2855 4883 3023 4940 liberi
3067 4898 3197 4939 esse
3241 4881 3519 4952 velimus,
3571 4897 3696 4954 quo
3753 4879 3930 4951 adju-

2257 4978 2432 5030 vante
2463 4991 2673 5030 sumus
2701 4973 2873 5030 liberi
2899 4973 2988 5029 vel
3023 4972 3246 5029 erimus
3284 4974 3296 5026 !
3325 4970 3581 5028 Proinde
3609 4985 3738 5026 non
3771 4969 3928 5026 frus-

2256 5067 2347 5118 tra
2377 5066 2517 5117 sunt
2542 5061 2729 5132 leges,
2759 5061 3233 5134 objurgationes,
3279 5059 3750 5125 exhortationes,
3798 5060 3930 5115 lau-

2257 5151 2363 5207 des
2405 5155 2463 5207 et
2497 5151 2987 5224 vituperationes,
3025 5150 3170 5224 quia
3212 5153 3270 5208 et
3313 5150 3482 5223 ipsas
3524 5148 3762 5205 futuras
3794 5163 3929 5204 esse

2256 5240 2577 5315 praescivit,
2609 5244 2667 5297 et
2702 5240 2908 5297 valent
2936 5239 3265 5314 plurimum
3295 5243 3590 5312 quantum
3634 5253 3742 5295 eas
3789 5236 3932 5294 vali-

2256 5335 2422 5388 turas
2451 5346 2584 5388 esse
2612 5330 2931 5404 praescivit,
2965 5334 3023 5388 et
3048 5344 3256 5402 preces
3292 5327 3494 5385 valent
3534 5326 3613 5384 ad
3634 5342 3711 5383 ea
3733 5327 3929 5400 impe-

2257 5420 2473 5476 tranda
2491 5435 2627 5493 quae
2647 5435 2710 5475 se
2731 5418 3117 5492 precantibus
3141 5432 3572 5476 concessurum
3590 5431 3726 5473 esse
3746 5432 3931 5490 praes-

2257 5508 2416 5577 civit,
2469 5515 2525 5567 et
2574 5511 2737 5582 justa
2783 5510 3033 5583 praemia
3083 5509 3261 5567 bonis
3315 5507 3504 5570 factis,
3557 5512 3616 5564 et
3662 5505 3927 5580 peccatis

2257 5597 2551 5670 supplicia
2579 5599 2898 5657 constituta
2933 5603 3091 5657 sunt.
3126 5602 3325 5672 Neque
3359 5597 3520 5654 enim
3548 5596 3688 5652 ideo
3714 5597 3932 5668 peccat

2259 5686 2445 5746 homo
2475 5689 2618 5761 quia
2634 5691 2790 5746 Deus
2821 5688 2990 5750 illum
3014 5691 3402 5762 peccaturum
3422 5684 3764 5760 praescivit;
3799 5685 3927 5742 imo
