4116 6186
275 190 424 244 1145

1223 183 1312 236 DE
1351 179 2019 238 PREDESTINATIONE
2056 177 2334 235 CONTRA
2371 179 2422 232 J.
2462 179 2754 238 SCOTUM.

3565 188 3702 264 me

268 312 402 368 ideo
451 323 579 366 non
631 305 946 364 dubitatur
992 305 1193 379 ipsum
1237 319 1488 378 peccare
1539 321 1679 362 cum
1706 306 1937 378 peccat,
1970 307 2017 360 Α
2054 302 2339 360 atissimis
2368 303 2527 362 beati
2555 305 2741 363 Patris
2773 304 3077 362 sententiis
3099 317 3255 378 pene
3285 317 3498 362 omnes
3527 322 3706 380 supe-

266 400 410 475 quia
437 399 536 455 ille
568 398 743 469 cujus
787 395 1166 469 praescientia
1215 395 1340 452 falli
1387 411 1513 452 non
1548 399 1766 470 potest,
1815 410 1939 451 non

264 490 480 552 fatum,
498 503 625 544 non
649 487 957 544 fortunam
971 525 984 550 ,
1004 499 1128 541 non
1156 484 1585 558 aliquid,aliud
1607 484 1713 542 sed
1739 484 1940 557 ipsum

265 581 661 653 peccaturum
716 591 849 632 esse
902 572 1230 647 praescivit;
1277 574 1383 646 qui
1434 575 1484 630 si
1522 573 1687 644 nolit,
1734 573 1940 645 utique

269 669 402 740 [al.,
432 663 702 740 omnino]
730 679 854 720 non
882 666 1092 736 peccat
1119 679 1131 717 :
1161 662 1290 730 sed,
1316 661 1365 718 si
1385 678 1636 735 peccare
1661 659 1937 726 noluerit,

275 757 460 813 etiam
488 756 604 813 hoc
631 753 726 825 ille
757 751 1079 826 praescivit.

346 882 541 953 ([bid.,
571 897 622 936 c.
663 881 763 951 ll).
807 879 984 950 [Deus
1046 878 1249 950 itaque
1311 890 1586 932 summus
1643 879 1695 932 et
1738 889 1936 942 verus,

274 989 412 1028 cum
456 970 645 1026 Verbo
673 984 782 1024 suo
823 971 879 1024 et
911 966 1130 1040 Spiritu
1170 971 1398 1032 sancto,
1431 981 1566 1038 quae
1608 965 1720 1021 tria
1748 978 1938 1019 unum

272 1064 430 1132 sunt,
456 1061 609 1114 Deus
651 1073 806 1112 unus
838 1056 1220 1128 omnipotens
1254 1059 1482 1110 creator
1514 1057 1570 1110 et
1595 1053 1783 1109 factor
1813 1068 1937 1107 om-

267 1149 359 1205 nis
386 1149 602 1206 animae
631 1150 811 1218 atque
843 1145 1041 1201 omnis
1082 1144 1351 1216 corporis
1380 1143 1554 1213 cujus
1589 1146 1729 1197 sunt
1758 1141 1938 1214 parti-

265 1237 562 1310 cipatione
588 1234 811 1304 felices,
844 1233 1192 1306 quicunque
1223 1236 1362 1288 sunt
1384 1230 1652 1298 veritate,
1681 1245 1804 1286 non
1836 1245 1937 1310 va:

263 1308 448 1382 nitate
484 1324 704 1393 felices,
739 1322 844 1396 qui
875 1322 1010 1378 fecit
1056 1321 1365 1378 hominem
1391 1319 1682 1376 rationale
1709 1308 1937 1375 animal

264 1431 340 1470 ex
372 1413 577 1470 anima
632 1416 687 1469 et
714 1427 980 1484 corpore,
1008 1411 1114 1483 qui
1144 1426 1282 1465 eum
1312 1414 1662 1482 peccantem
1693 1423 1802 1463 nec
1825 1407 1934 1462 im-

263 1502 547 1575 punitum
584 1515 714 1555 esse
745 1498 1033 1572 permisit,
1075 1513 1184 1553 nec
1237 1498 1362 1552 sine
1394 1496 1802 1552 misericordia
1833 1493 1936 1549 de-

263 1589 527 1662 reliquit,
561 1589 667 1661 qui
696 1587 873 1643 bonis
904 1591 960 1643 et
987 1585 1165 1643 malis
1198 1585 1524 1641 essentiam
1571 1584 1752 1639 etiam
1797 1598 1935 1638 cum

264 1677 594 1750 lapidibus,
622 1675 801 1732 vitam
836 1674 1189 1732 seminalem
1217 1673 1398 1730 etiam
1425 1688 1563 1728 cum
1596 1670 1934 1738 arboribus,

265 1769 457 1823 vitam
478 1765 819 1822 sensualem
841 1765 1020 1821 etiam
1045 1780 1184 1820 cum
1206 1761 1526 1836 pecoribus
1532 1762 1741 1833 ,vitam
1771 1760 1936 1816 intel-

263 1855 578 1913 lectualcm
597 1871 735 1911 cum
768 1854 908 1911 solis
939 1853 1402 1924 angelis,dedit;
1432 1867 1467 1907 a
1495 1867 1618 1923 quo
1641 1850 1936 1906 estomnis

265 1945 504 2015 modus,
522 1943 720 2002 omnis
747 1943 1000 2016 species,
1019 1942 1215 1998 omnis
1241 1941 1411 2008 ordo,
1441 1954 1477 1996 a
1501 1955 1624 2012 quo
1653 1943 1742 1995 est
1774 1953 1938 1994 men-

270 2049 747 2102 sura,numerus,
779 2031 1043 2104 pondus,
1078 2047 1114 2086 a
1142 2045 1263 2104 quo
1306 2035 1399 2085 est
1429 2028 1729 2102 quidquid
1757 2032 1932 2084 natu-

271 2121 472 2177 raliter
485 2125 594 2192 est,
626 2120 1042 2192 cujuscunque
1057 2119 1291 2188 generis
1322 2124 1427 2185 est,
1454 2116 1936 2188 cujuslibeteesti-

273 2208 554 2265 mationis
581 2213 670 2264 est
687 2227 701 2278 ;
721 2225 758 2264 a
787 2224 910 2283 quo
933 2210 1074 2263 sunt
1102 2206 1332 2263 semina
1352 2206 1702 2273 formarum,
1727 2204 1934 2260 formas

275 2297 603 2365 seminum,
635 2300 834 2354 motus
877 2296 1175 2352 seminum
1214 2298 1393 2367 atque
1420 2294 1791 2361 formarum;
1831 2285 1937 2367 qui

274 2387 444 2444 dedit
499 2391 556 2444 et
604 2386 770 2443 carni
807 2386 1123 2458 originem,
1155 2383 1684 2458 pulchritudinem,
1717 2382 1938 2439 valetu-

269 2476 502 2546 dinem,
548 2475 1004 2551 propagationis
1033 2473 1482 2546 fecunditatem,
1521 2472 1936 2529 membrorum

269 2565 750 2640 dispositionem,
784 2565 1062 2634 salutem,
1100 2564 1524 2630 concordiam;
1557 2564 1663 2636 qui
1708 2567 1764 2620 et
1809 2564 1938 2620 ani-

270 2672 387 2712 mae
415 2655 744 2713 irrationali
791 2655 955 2711 dedit
1001 2655 1382 2717 memoriam,
1407 2669 1673 2715 sensum,
1714 2653 1940 2726 appeti-

267 2748 400 2801 tum
430 2765 444 2814 ;
476 2745 754 2803 rationali
783 2749 984 2801 autem
1014 2745 1261 2817 insuper
1282 2747 1569 2810 mentem,
1604 2742 1938 2813 intelligen-

267 2834 440 2905 tiam,
457 2835 848 2904 voluntatem,
878 2833 983 2907 qui
1008 2850 1132 2891 non
1164 2833 1361 2890 solum
1384 2833 1606 2889 coelum
1633 2837 1689 2889 et
1717 2837 1936 2888 terram

267 2939 382 2980 nec
429 2924 624 2981 solum
656 2925 938 2995 angelum
977 2927 1035 2980 et
1070 2925 1405 2993 hominem,
1447 2923 1555 2980 sed
1597 2938 1708 2978 nec
1741 2921 1940 2991 exigui

267 3018 328 3071 et
356 3013 818 3087 contemptibilis
850 3012 1174 3070 animantis
1202 3012 1457 3078 viscera,
1490 3026 1602 3066 nec
1642 3011 1770 3066 avis
1796 3025 1938 3083 pen-

267 3104 498 3175 nulam,
529 3119 640 3159 nec
686 3103 891 3158 herbae
922 3100 1263 3168 ﬂosculum,
1319 3116 1430 3156 nec
1459 3099 1701 3156 arboris
1731 3099 1937 3155 folium

270 3195 400 3249 sine
422 3209 668 3248 suarum
691 3191 956 3264 partium
987 3190 1421 3260 convenientia,
1454 3193 1512 3245 et
1541 3188 1812 3261 quadam
1834 3204 1936 3245 ve-

268 3282 380 3337 luti
428 3296 579 3352 pace
634 3279 966 3352 dereliquit,
1011 3279 1177 3334 nullo
1225 3277 1410 3334 modo
1465 3283 1553 3333 est
1601 3277 1936 3334 credendus

275 3385 468 3440 regna
494 3369 833 3438 hominum,
855 3384 1184 3441 eorumque
1206 3367 1476 3424 omnium
1494 3367 1933 3424 dominationes

272 3463 331 3515 et
382 3457 695 3514 servitutes
747 3473 782 3514 a
840 3473 962 3513 suae
1005 3457 1390 3530 providentiae
1434 3457 1668 3527 legibus
1703 3456 1931 3514 alienas

270 3563 401 3604 esse
433 3546 740 3622 voluisse].

344 3694 384 3760 ἦρ
413 3690 580 3746 Idem
608 3689 671 3745 in
707 3688 954 3746 homilia
983 3692 1047 3745 53
1109 3690 1172 3746 in
1213 3689 1598 3760 Evangelium
1646 3690 1928 3747 Joannis:

266 3781 424 3838 Cum
456 3785 657 3836 autem
690 3785 861 3835 tanta
883 3780 1054 3850 signa
1071 3780 1306 3849 fecisset
1339 3795 1540 3837 coram
1560 3781 1638 3837 eis
1666 3797 1784 3837 non
1807 3795 1934 3836 cre-

265 3871 557 3927 diderunt
585 3871 649 3925 in
673 3885 826 3935 eum,
850 3874 916 3924 ut
935 3885 1126 3926 sermo
1145 3870 1321 3927 Isaiae
1339 3870 1650 3941 propheta:
1666 3871 1937 3940 implere-

266 3967 395 4025 tur,
448 3973 619 4030 quem
673 3959 869 4015 dixit:
925 3959 1195 4029 Domine,
1236 3959 1366 4031 quis
1404 3958 1659 4016 credidit
1697 3959 1940 4015 auditui

265 4053 496 4116 nostro,
529 4053 584 4104 et
635 4047 948 4105 brachium
995 4049 1237 4104 Domini
1288 4052 1386 4104 cui
1433 4048 1762 4103 revelatum
1806 4047 1937 4104 est?

266 4140 470 4210 (Joan.
500 4154 602 4205 xu,
637 4141 703 4194 37
730 4157 742 4206 ;
785 4139 904 4195 Isa.
938 4154 1059 4210 Lm,
1097 4143 1168 4207 1).
1200 4137 1306 4193 Ubi
1338 4136 1480 4194 satis
1509 4135 1771 4193 ostendit
1799 4136 1937 4193 bra-

266 4228 474 4285 chium
501 4228 743 4284 Domini
759 4227 962 4300 ipsum
991 4228 1090 4284 Dei
1123 4227 1336 4283 Filium
1364 4231 1806 4301 nuncupatum,
1823 4230 1933 4284 etc.

269 4316 538 4384 Quidam
583 4331 728 4388 ergo
759 4317 912 4374 inter
959 4333 1021 4374 se
1068 4317 1413 4383 mussitant,
1446 4321 1504 4374 et
1529 4316 1636 4374 ubi
1678 4320 1940 4391 possunt

268 4404 598 4478 aliquando
627 4405 1027 4479 proclamant,
1053 4409 1110 4462 et
1137 4404 1481 4462 turbulenta
1506 4405 1938 4480 disceptatione
1972 4404 2018 4431 ”
2049 4405 2372 4464 constituti.

271 4492 650 4551 contendunt
697 4494 1002 4552 dicentes:
1066 4494 1214 4567 quid
1267 4493 1534 4552 fecerunt
1584 4494 1795 4564 Judaei,
1845 4495 1937 4552 vel

270 4597 414 4652 quze
445 4580 622 4656 culpa
666 4599 874 4640 eorum
930 4581 1058 4646 fuit,
1093 4583 1140 4639 si
1193 4599 1440 4641 necesse
1475 4587 1600 4640 erat
1631 4588 1696 4640 ut
1739 4599 1935 4641 sermo

269 4671 442 4728 lsaize
473 4671 780 4744 prophetae
810 4672 1162 4745 impleretur
1183 4672 1211 4727 ?
1250 4672 1473 4745 quibus
1497 4671 1935 4744 respondemus

273 4761 461 4816 Deum
503 4761 820 4834 praescium
855 4760 1196 4818 futurorum
1236 4776 1343 4834 per
1383 4761 1741 4832 Prophetam
1785 4777 1934 4833 prae-

272 4849 495 4906 dixisse
523 4849 937 4908 inﬁdelitatem
954 4849 1323 4918 Iudaeorum,
1339 4848 1688 4922 praedixisse
1709 4853 1933 4922 tamen,

269 4955 391 4997 non
420 4939 630 4996 fecisse
654 4957 666 4996 :
696 4955 820 4997 non
848 4940 1009 4997 enim
1037 4944 1358 5014 propterea
1386 4953 1762 5012 quemquam
1781 4940 1936 4996 Deus

270 5030 350 5087 ad
378 5034 699 5103 peccatum
731 5031 911 5102 cogit,
943 5030 1087 5104 quia
1112 5028 1312 5086 futura
1340 5027 1659 5086 hominum
1689 5032 1936 5103 peccata

261 5120 394 5190 jam
422 5119 634 5177 novit?
663 5122 950 5178 Fecerunt
988 5135 1132 5191 ergo
1163 5123 1483 5192 peccatum
1526 5119 1736 5191 Judaei,
1769 5117 1938 5192 quod

269 5226 377 5268 eos
411 5211 607 5268 facere
627 5226 754 5267 non
783 5209 1090 5283 compulit,
1114 5210 1211 5266 cui
1235 5215 1548 5282 peccatum
1572 5226 1695 5266 non
1719 5209 1934 5282 placet,

271 5299 380 5356 sed
418 5300 682 5358 facturos
736 5316 864 5357 esse
921 5300 1215 5372 praedixit,
1248 5316 1431 5372 quem
1482 5298 1629 5354 nihil
1668 5298 1824 5354 latet.
1873 5301 1936 5354 Et

272 5388 410 5446 ideo
443 5391 493 5445 si
523 5405 646 5447 non
676 5389 930 5459 malum,
963 5389 1071 5446 sed
1100 5389 1332 5446 bonum
1359 5389 1553 5444 facere
1585 5385 1935 5457 voluissent,

274 5494 401 5535 non
425 5480 905 5552 prohiberentur,
940 5483 997 5536 et
1046 5479 1163 5536 hoc
1205 5477 1420 5537 facturi
1469 5474 1937 5549 praeviderentur

277 5569 357 5625 ab
377 5585 449 5626 eo
479 5569 585 5638 qui
608 5569 776 5626 novit
812 5569 958 5643 quid
1009 5571 1082 5626 sit
1107 5568 1365 5642 quisque
1393 5567 1676 5635 facturus,
1711 5569 1768 5623 et
1791 5567 1938 5640 quid

279 5658 334 5715 ei
359 5659 432 5717 sit
462 5672 572 5730 pro
610 5659 740 5732 ejus
763 5673 942 5732 Opere
975 5657 1338 5719 redditurus.
1373 5659 1414 5726 -ξ-
1442 5654 1669 5721 Quibus
1701 5655 1937 5716 enucle-

2048 393 2171 450 rius
2217 395 2636 468 comprehensi
2699 394 3128 453 sententiarum
3183 397 3424 452 tuarum
3489 395 3705 454 ietores

2049 483 2324 541 exhausti
2353 489 2510 541 sunt.
2543 487 2761 541 Verum
2808 500 2934 542 non
2961 484 3040 542 ab
3067 500 3131 540 re
3162 500 3291 540 esse
3319 484 3626 557 duximus,
3655 487 3706 544 si

2049 572 2246 629 adhuc
2269 574 2543 644 ejusdem
2581 575 2766 631 Patris
2794 573 2952 631 dicta
2980 573 3061 631 ad
3095 573 3365 631 medium
3412 575 3706 648 produca-

2046 677 2207 733 mus,
2237 661 2490 734 qualiter
2520 662 2595 718 de
2620 663 2817 736 pcenis
2847 679 2885 720 a
2908 663 3030 719 Deo
3076 662 3378 720 retributis
3407 666 3588 736 atque
3613 679 3706 720 re-

2048 749 2380 805 tribuendis
2415 752 2686 820 senserit,
2720 768 2793 808 ex
2829 751 2982 809 libro
3023 751 3297 808 videlicet
3341 751 3471 823 ejus
3500 755 3708 811 contra

2048 837 2460 896 adversarium
2478 838 2626 912 legis
2655 845 2709 898 et
2736 841 3190 914 prophetarum.

2119 925 2370 993 (Contra
2412 927 2646 984 advers.
2702 930 2814 1000 leg.
2848 934 2902 985 et
2953 928 3174 999 proph.
3208 928 3309 984 lib.
3344 944 3383 998 ι,
3429 945 3560 1003 cap.
3600 931 3705 1003 l5.)

2048 1015 2251 1087 [Porro
2317 1019 2520 1072 autem
2574 1016 2671 1073 cui
2719 1017 2996 1089 displicet
3040 1022 3319 1090 peccator
3370 1019 3706 1092 prohibitus

2048 1120 2085 1160 a
2128 1102 2289 1174 ligno
2328 1104 2483 1173 vitze,
2519 1105 2666 1178 quid
2695 1106 2808 1161 nisi
2838 1106 3088 1177 impune
3117 1106 3244 1162 vult
3275 1106 3431 1164 male
3459 1108 3702 1165 vivere?

2049 1197 2162 1250 Nec
2191 1209 2481 1264 magnum
2513 1199 2640 1250 erat
2682 1197 2802 1251 Deo
2848 1197 2904 1250 et
2933 1193 3050 1250 alio
3098 1195 3365 1268 quolibet
3415 1197 3600 1253 modo
3628 1197 3707 1253 vi-

2047 1286 2171 1338 tam
2216 1283 2564 1339 subtrahere
2594 1284 2848 1353 homini,
2897 1300 3079 1356 quem
3127 1284 3323 1340 vivere
3376 1286 3703 1354 noluisset;

2048 1372 2152 1427 sed
2177 1372 2467 1444 quoniam
2491 1373 2809 1430 rationales
2831 1374 3048 1429 animae
3076 1372 3150 1428 de
3179 1374 3469 1446 sapientia
3503 1375 3710 1430 vivunt

2047 1475 2307 1530 quarum
2325 1476 2488 1516 mors
2516 1461 2951 1534 etinsipientia,
2981 1462 3163 1532 hujus
3181 1463 3265 1517 rei
3291 1462 3702 1532 significanda

2048 1548 2238 1620 gratia
2270 1550 2500 1618 lignum
2555 1551 2695 1606 vitm
2724 1550 2891 1616 (Gen.
2926 1565 2986 1615 ιι,
3017 1551 3069 1621 9)
3099 1551 3161 1606 in
3189 1551 3472 1623 paradiso
3513 1554 3707 1607 fructu

1970 1659 2012 1712 Β
2047 1653 2156 1692 suo
2215 1635 2368 1693 mori
2421 1637 2730 1694 hominem
2786 1655 2896 1694 nec
2941 1655 3190 1713 corpore
3246 1639 3479 1696 sineret.
3535 1639 3709 1706 Quod

2046 1741 2188 1795 ergo
2214 1725 2354 1782 inde
2384 1730 2699 1800 separatus
2731 1727 2981 1784 traditus
3024 1732 3114 1784 est
3137 1729 3313 1785 morti
3353 1744 3707 1785 consumen-

2044 1815 2160 1871 dus
2191 1819 2361 1873 aetate
2392 1818 2562 1886 (Gen.
2595 1833 2676 1884 ιιι,
2706 1821 2794 1884 '22,
2843 1820 2957 1888 23),
2989 1817 3156 1890 quod
3197 1833 3586 1890 nequaquam
3623 1817 3706 1873 illi

2047 1904 2380 1974 accidisset,
2415 1905 2460 1960 si
2496 1921 2736 1977 semper
2763 1906 2975 1961 eodem
3008 1906 3142 1962 cibo
3175 1905 3488 1976 frueretur,
3521 1906 3707 1976 signi-

2043 1992 2290 2050 ficatum
2319 1997 2410 2050 est
2425 1993 2593 2066 quod
2613 1994 2777 2067 prius
2810 1994 2888 2050 ab
2916 1994 3165 2067 spiritali
3184 1995 3315 2051 vitze
3346 1995 3510 2065 ligno
3529 2010 3708 2067 prop-

2041 2098 2130 2154 ter
2156 2086 2474 2154 peccatum
2490 2083 2696 2139 anima
2714 2084 2842 2154 ejus
2863 2083 3103 2140 exclusa
3119 2088 3209 2140 est
3237 2087 3292 2139 et
3315 2083 3400 2140 ita
3436 2083 3705 2156 quadam

2046 2187 2155 2227 sua
2185 2170 2458 2227 interiore
2488 2177 2678 2228 morte
2702 2173 2832 2243 jam
2860 2177 3135 2240 mortua;
3177 2189 3321 2229 nam
3351 2172 3426 2228 de
3470 2163 3705 2244 sapien-

2047 2259 2126 2314 tia
2155 2257 2445 2330 scriptum
2476 2262 2566 2316 est
2593 2276 2605 2314 :
2635 2260 2893 2330 Lignum
2933 2261 3070 2316 vitae
3098 2266 3182 2316 est
3212 2260 3704 2330 amplectentibus

2047 2362 2176 2404 eam
2206 2348 2412 2417 (Prov.
2446 2363 2528 2416 ιιι,
2563 2349 2672 2419 18).
2717 2347 2889 2414 Quod
2920 2349 3028 2404 iste
3073 2365 3195 2405 non
3218 2347 3553 2418 intelligens
3585 2347 3702 2414 ait;

2049 2438 2355 2503 Quatenus
2415 2452 2556 2507 ergo
2607 2441 2743 2493 ante
2771 2437 3160 2494 maledictum
3212 2436 3567 2494 immortalis
3595 2437 3706 2493 ho-

2047 2542 2149 2584 mo
2191 2530 2480 2601 perpetuo
2524 2527 2719 2584 vivere
2765 2531 3018 2600 poterat,
3051 2529 3154 2600 qui
3174 2527 3450 2584 nondum
3475 2542 3548 2583 ex
3588 2526 3708 2583 ista

2048 2616 2263 2676 arbore
2291 2616 2492 2672 cibum
2525 2621 2884 2690 sumpserat,
2913 2617 3091 2690 quasi
3121 2617 3338 2690 aliquis
3368 2616 3422 2672 ei
3467 2615 3704 2701 dixerit,

2049 2708 2152 2762 aut
2199 2705 2262 2761 in
2313 2705 2413 2761 illo
2460 2704 2612 2761 libro
2666 2705 2885 2762 alicubi
2942 2705 3167 2778 legerit,
3216 2705 3385 2780 quod
3430 2704 3706 2761 nondum

2048 2794 2242 2851 Adam
2267 2798 2607 2868 sumpserat
2627 2811 2699 2850 ex
2729 2794 2863 2851 cibo
2889 2794 3121 2852 arboris
3145 2795 3302 2862 vitae,
3330 2794 3478 2867 quin
3506 2793 3707 2867 potius

2048 2885 2468 2957 intelligendus
2493 2890 2601 2957 est,
2628 2886 2920 2958 quoniam
2943 2885 3082 2942 inde
3105 2886 3188 2942 illi
3215 2885 3338 2942 vita
3368 2885 3430 2940 in
3458 2900 3707 2958 corpore

2047 2979 2339 3048 perpetua
2385 2972 2762 3046 suppetebat,
2808 2989 2884 3029 ne
2921 2977 3214 3030 vetustate
3259 2976 3711 3029 consumeretur

2049 3064 2257 3121 aetatis.
2286 3063 2379 3118 Ad
2399 3063 2515 3119 hoc
2539 3062 2680 3119 inde
2708 3061 3068 3136 prohibitus,
3087 3066 3156 3118 ut
3180 3077 3253 3117 ex
3276 3059 3506 3134 peccati
3529 3076 3713 3132 pmna

2042 3154 2171 3225 jam
2203 3152 2283 3208 illi
2311 3157 2465 3208 esset
2491 3151 2818 3208 necessitas
2856 3151 3067 3207 mortis
3093 3168 3105 3206 :
3139 3148 3470 3222 quomodo,
3495 3149 3708 3223 inquit,

2047 3258 2118 3298 ex
2160 3242 2260 3298 Dei
2313 3240 2631 3298 maledicto
2673 3240 2828 3296 mori
2896 3239 3159 3312 cmperit,
3213 3255 3352 3295 cum
3408 3238 3524 3295 vita
3577 3238 3711 3311 ipsa

2045 3347 2362 3404 nunquam
2387 3347 2458 3386 ex
2490 3331 2624 3404 ipso
2655 3330 2891 3386 initium
2934 3328 3277 3403 sumpserit,
3327 3328 3502 3402 quasi
3544 3331 3711 3402 opta-

2043 3420 2192 3476 verit
2240 3420 2294 3476 ei
2344 3421 2500 3476 Deus
2548 3426 2827 3491 mortem,
2884 3419 3039 3477 sicut
3085 3419 3273 3477 homo
3327 3418 3581 3488 homini,
3641 3435 3711 3476 ac

2043 3525 2167 3566 non
2202 3510 2302 3567 Dei
2332 3509 2516 3568 verba
2543 3510 2624 3568 ad
2654 3511 3008 3568 sententiam
3047 3510 3385 3584 pertineant
3407 3507 3708 3584 punientis

2043 3615 2168 3657 non
2201 3601 2280 3658 ad
2307 3601 2459 3658 iram
2474 3601 3123 3659 maledicentis.Punire
3149 3605 3351 3658 autem
3373 3603 3565 3658 morte
3584 3615 3708 3656 cor-

2042 3690 2371 3765 porali,fuit
2401 3707 2438 3748 a
2460 3691 2592 3749 vitae
2615 3691 2829 3749 arbore
2871 3707 3317 3764 separare,cum
3342 3691 3470 3763 jam
3496 3689 3705 3746 fuisset

2044 3779 2380 3854 spiritaliter
2401 3785 2696 3847 mortuus,
2721 3781 2924 3836 animo
2948 3780 3147 3853 utique
3177 3784 3488 3852 separatus
3506 3780 3584 3834 ab
3607 3777 3713 3833 ali-

2043 3873 2248 3925 mento
2280 3867 2606 3940 sapientiae:
2630 3870 2784 3923 Deus
2812 3868 3013 3938 itaque
3042 3868 3186 3939 quid
3209 3868 3262 3922 ei
3283 3867 3630 3934 contigisset
3649 3866 3710 3919 in

2045 3957 2250 4014 animo
2277 3957 2616 4026 signiﬁcare
2647 3956 2849 4022 voluit,
2903 3955 3246 4027 separando
3285 3969 3424 4009 eum
3455 3969 3492 4008 a
3545 3953 3709 4021 ligno

2046 4046 2201 4113 vitae,
2231 4061 2354 4118 quo
2377 4043 2834 4115 significabatur
2864 4042 3177 4115 sapientia.
3212 4041 3326 4101 Sed
3351 4041 3466 4098 ista
3494 4040 3708 4113 inquit,

2047 4135 2245 4203 arbor,
2299 4151 2436 4208 quae
2479 4134 2541 4191 in
2587 4133 2874 4207 paradiso
2904 4131 3036 4188 vitae
3071 4132 3302 4190 fructus
3334 4130 3584 4199 ferebat,
3617 4131 3712 4186 cui

2044 4225 2375 4300 proderat?
2406 4224 2553 4283 Cui?
2596 4222 2712 4280 nisi
2742 4224 2909 4298 prius
2947 4221 3062 4278 illis
3106 4222 3316 4296 primis
3362 4221 3712 4279 hominibus

2046 4315 2318 4373 masculo
2347 4318 2404 4373 et
2424 4314 2684 4386 feminae,
2719 4314 2824 4388 qui
2849 4313 3015 4387 prius
3056 4312 3118 4368 in
3161 4311 3449 4385 paradiso
3479 4312 3714 4368 fuerant

2434 4405 2656 4463 Deinde
2694 4405 2821 4462 istis
2878 4404 2952 4461 de
3010 4401 3296 4476 paradiso
3343 4417 3454 4474 pro
3502 4399 3712 4456 merito

2050 4513 2172 4552 suae
2211 4495 2541 4567 iniquitatis
2594 4494 2796 4566 ejectis
2846 4492 3067 4550 mansit
3108 4489 3187 4546 ad
3233 4490 3592 4547 memoriam
3641 4487 3716 4542 si-

2048 4583 2408 4655 gniﬁcandte
2458 4582 2779 4656 spiritualis
2831 4580 3066 4639 arboris
3115 4578 3277 4646 vitae,
3305 4576 3475 4651 quod
3517 4578 3605 4631 est
3649 4577 3716 4633 ut

2048 4672 2337 4741 diximus,
2367 4671 2500 4743 ipsa
2528 4671 2844 4744 sapientia,
2866 4671 3189 4727 beatarum
3221 4666 3393 4724 cibus
3436 4664 3716 4721 immuta-

2043 4759 2180 4817 bilis
2211 4758 2575 4816 animarum.
2606 4759 2818 4814 Utrum
2857 4762 3059 4814 autem
3090 4755 3191 4812 illo
3231 4754 3366 4812 cibo
3394 4767 3559 4810 nunc
3582 4768 3716 4809 ves-

2045 4853 2215 4907 catur
2251 4847 2490 4920 aliquis,
2512 4846 2632 4903 nisi
2668 4845 2816 4904 forte
2849 4846 3092 4903 Henoch
3124 4849 3182 4902 et
3210 4843 3428 4912 Helias,
3466 4858 3591 4900 non
3636 4845 3716 4900 te-

2044 4955 2206 4996 mere
2237 4935 2712 4994 asseverandum
2741 4940 2888 5009 puto
2913 4953 2926 4991 :
2983 4935 3148 5007 ligno
3179 4939 3383 4994 tamen
3411 4932 3512 4991 illo
3549 4931 3712 5001 vitae,

2045 5029 2213 5105 quod
2243 5032 2332 5085 est
2355 5027 2417 5083 in
2436 5026 2728 5100 spirituali
2751 5026 3062 5101 paradiso,
3091 5027 3206 5084 nisi
3260 5026 3562 5083 alerentur
3589 5024 3716 5082 ani-

2044 5137 2161 5176 mre
2190 5118 2531 5185 beatorum,
2563 5133 2708 5185 non,
2735 5132 2848 5190 pro
2891 5132 3139 5174 munere
3190 5116 3426 5191 pietatis
3484 5118 3541 5171 et
3568 5113 3711 5170 iide-

2045 5209 2288 5266 lissimae
2338 5205 2758 5273 confessionis,
2789 5204 3036 5263 latronis
3071 5205 3291 5263 animle
3330 5202 3624 5262 credentis
3650 5200 3714 5256 in

2047 5298 2343 5355 Christum
2374 5296 2710 5368 legeremus
2728 5295 3082 5369 paradisum
3103 5295 3319 5352 eodem
3341 5290 3444 5348 Dei
3460 5302 3710 5344 munere

2046 5386 2230 5443 fuisse
2259 5401 2649 5443 concessum:
2681 5386 2892 5454 Amen,
2941 5384 3156 5457 inquit,
3206 5383 3338 5439 dico
3371 5376 3499 5449 tibi,
3541 5376 3714 5434 hodie

2044 5495 2271 5536 mecum
2303 5479 2418 5535 eris
2451 5477 2511 5533 in
2529 5477 2822 5546 paradiso
2856 5473 3484 5548 (Luc.xxm,43).Esse
3509 5471 3710 5525 autem

2046 5566 2127 5622 ibi
2159 5582 2299 5622 cum
2329 5565 2582 5634 Christo,
2610 5565 2726 5622 hoc
2749 5569 2837 5622 est
2866 5579 2995 5620 esse
3028 5577 3167 5618 cum
3199 5560 3333 5616 vitae
3357 5559 3544 5627 ligno.
3580 5559 3709 5625 Ipso

2049 5659 2138 5713 est
2165 5653 2390 5728 quippe
2430 5653 2745 5726 sapientia,
2778 5652 2852 5710 de
2880 5666 3021 5722 qua,
3051 5655 3116 5707 ut
3139 5646 3414 5720 superius
3445 5655 3708 5702 comme-
