4116 6186
394 137 538 194 116⁸1

1477 141 1534 196 S.
1576 135 1949 198 PRUDENTH
1987 135 2360 192 TRECENSIS
2401 134 2714 192 EPISCOPI

3671 139 3816 193 1148

317 285 322 292 ·
393 261 647 333 moravi,
681 263 970 334 scriptum
997 265 1106 330 est,
1140 263 1370 334 lignum
1402 265 1538 322 vita:
1564 271 1647 322 est
1677 262 2038 332 amplecten-
2067 264 2115 316 Α
2153 257 2346 314 ﬁdelis
2372 257 2558 317 lector
2581 258 2909 315 advertere.
2931 260 3050 314 Hoc
3071 271 3216 326 ergo
3246 255 3429 314 etiam
3454 258 3528 316 de
3549 259 3815 318 diluvio.

397 353 555 410 tibus
582 367 710 409 eam
742 352 943 422 (Prov.
976 368 1057 422 ιιι,
1094 352 1202 420 18).

471 441 630 511 (Cap.
668 439 777 508 16.)
806 440 1232 512 Nunquidnam
1282 445 1340 499 et
1383 443 1498 499 hoc
1535 442 1928 500 refellendum
1957 444 2045 497 est

396 527 561 600 quod
597 526 761 584 velut
797 533 988 596 acute,
1021 532 1086 585 ut
1125 529 1236 586 sibi
1280 531 1534 603 videtur,
1574 532 1814 588 irridet:
1848 530 2043 604 primo

399 619 584 672 Deum
626 631 749 673 non
784 618 1100 690 praescisse
1147 619 1313 692 quod
1355 621 1636 692 contigit;
1668 621 1885 677 deinde
1931 620 2044 676 im-

395 703 557 778 plere
585 721 710 762 non
739 706 1000 763 valuisse
1030 708 1195 780 quod
1215 725 1582 783 magnopere
1603 710 1915 779 cogitavit;
1937 713 2048 765 ter-

396 793 477 849 tio
507 794 585 849 ad
609 793 997 851 maledictum
1024 813 1086 852 se
1117 798 1474 854 convertisse
1497 803 1864 871 superatum.
1882 797 2046 854 Unde

399 880 508 938 scit
553 884 741 944 Deum
787 899 910 940 non
959 886 1267 957 praescisse
1314 887 1481 960 quod
1505 887 1790 957 contigit?
1818 903 1895 943 an
1925 903 2047 958 qua

397 970 688 1041 contigit?
731 973 1007 1045 quinimo
1052 975 1098 1030 si
1146 991 1268 1031 non
1299 977 1666 1046 contigisset,
1694 975 2045 1032 nullomodo

397 1059 458 1114 id
489 1060 825 1132 praescisset
843 1062 1132 1134 futurum,
1151 1065 1296 1136 quia
1324 1081 1448 1140 non
1473 1071 1598 1122 erat
1621 1066 1908 1122 futurum.
1934 1068 2048 1121 Aut

399 1147 450 1204 si
480 1152 650 1220 putat
675 1155 992 1222 propterea
1015 1167 1140 1207 non
1170 1153 1525 1224 prmseisset,
1543 1155 1689 1226 quia
1713 1154 1764 1209 si
1786 1153 2048 1223 praescis-

401 1241 491 1292 set
537 1254 612 1294 ne
671 1241 1039 1310 contingeret
1078 1242 1438 1314 providisset
1468 1246 1598 1314 [al.,
1632 1243 2044 1316 praevidisset],

401 1331 597 1398 potest
619 1328 735 1384 hoc
760 1333 816 1385 et
846 1329 920 1385 de
939 1330 1170 1386 (:hristo
1197 1331 1417 1395 dicere,
1439 1333 1544 1404 qui
1574 1333 1862 1389 talentum
1887 1333 2051 1388 dedit

399 1415 630 1473 homini
655 1419 802 1474 nihil
854 1420 1238 1492 acquisituro,
1272 1421 1439 1494 quod
1481 1428 1797 1496 propterea
1846 1423 2050 1496 utique

400 1504 648 1564 dederat
691 1513 756 1566 ut
801 1509 930 1580 ejus
973 1515 1291 1579 augeretur
1333 1513 1606 1582 pecunia,
1640 1513 1931 1585 quidquid
1961 1517 2049 1569 est

2152 351 2353 420 Neque
2383 348 2544 403 enim
2569 348 2858 404 Dominus
2882 349 3051 403 Jesus
3081 361 3206 402 non
3234 345 3352 402 tale
3382 346 3616 420 aliquid
3643 349 3820 407 futu-

2149 451 2286 491 rum
2342 435 2406 491 in
2462 452 2572 492 suo
2601 434 3023 508 praenuntiavit
3067 434 3354 505 adventu,
3394 437 3647 507 quando
3675 439 3767 495 ait
3803 459 3816 496 :

2152 526 2322 582 Sicut
2351 527 2413 581 in
2446 526 2650 583 diebus
2675 528 2800 583 Noe
2817 525 3267 582 manducabant
3291 530 3348 581 et
3379 525 3679 598 bibebant,
3711 545 3820 585 no-

2153 615 2479 683 vellabant,
2501 617 2732 685 (edi/ica
2740 616 2900 676 bant,
2916 613 3237 682 nubebant,
3252 630 3470 672 uxores
3486 617 3814 687 ducebant,

2154 705 2312 759 venit
2339 705 2636 760 diluvium
2658 711 2710 761 et
2728 704 2993 774 perdidit
3014 719 3236 760 omnes.
3252 705 3354 760 Sic
3368 707 3484 761 erit
3509 711 3567 762 et
3585 707 3816 764 adven—

2155 799 2249 847 tus
2269 794 2420 849 Filii
2437 795 2689 849 hominis
2723 794 3042 865 (Luc.xvn,
3065 795 3175 864 26).
3208 796 3326 849 Hoc
3361 799 3417 850 et
3449 795 3523 850 de
3553 797 3818 854 obdura-

2156 882 2312 938 tione
2341 883 2534 938 cordis
2573 883 2915 939 Pharaonis
2943 897 2963 936 .·
2989 885 3186 954 Neque
3212 881 3374 938 enim
3421 884 3569 939 Novi
3602 885 3816 941 Testa-

2154 971 2340 1026 menti
2371 971 2578 1027 litterae
2605 988 2728 1028 non
2757 972 2964 1028 dicunt
2989 971 3062 1026 de
3089 971 3460 1044 quibusdam
3485 992 3498 1029 :
3537 975 3818 1032 Tradidit

2154 1061 2290 1116 illos
2307 1063 2461 1117 Deus
2485 1063 2545 1116 in
2570 1062 2883 1132 reprobam
2905 1068 3178 1129 mentem,
3196 1067 3258 1116 ut
3279 1061 3519 1131 faciant
3542 1080 3677 1136 quae
3692 1082 3815 1122 non

2156 1153 2513 1208 conveniunt
2562 1152 2747 1224 (Rom.
2778 1169 2815 1220 ι,
2854 1154 2959 1223 18).
2996 1155 3111 1207 Hoc
3159 1151 3232 1206 de
3290 1154 3510 1221 spiritu
3539 1155 3820 1212 mendaci

2157 1257 2340 1312 quem
2361 1241 2534 1312 Deus,
2556 1242 2660 1315 qui
2681 1242 2836 1298 bene
2856 1242 3040 1298 utitur
3060 1240 3241 1296 etiam
3267 1241 3463 1309 malis,
3480 1244 3814 1314 justissimo

2152 1329 2382 1400 judicio
2411 1331 2488 1386 ad
2513 1331 2769 1403 impium
2797 1347 3002 1401 regem
3032 1330 3458 1402 decipiendum
3505 1333 3667 1389 misit
3702 1335 3823 1403 (III

2159 1420 2300 1489 Reg.
2329 1436 2462 1488 xxii,
2495 1421 2604 1492 20).
2641 1421 2798 1477 Sicut
2846 1419 3122 1475 Michaeas
3153 1419 3454 1492 propheta
3482 1421 3597 1477 sibi
3638 1423 3699 1479 in
3729 1423 3816 1479 vi-

2164 1507 2330 1563 sione
2356 1509 2709 1580 prophetica
2738 1509 3218 1566 demonstratum
3248 1525 3379 1565 esse
3413 1515 3688 1567 testatur:
3712 1527 3815 1567 ne-

401 1596 568 1666 quod
614 1597 715 1653 illa
762 1599 1056 1668 signiﬁcat
1110 1600 1352 1671 (Matth.
1386 1618 1526 1672 xxv,
1571 1606 1660 1670 24,
1693 1604 1845 1673 etc.).
1894 1603 2051 1672 Ergo
2079 1617 2122 1670 Β
2161 1613 2278 1669 que
2308 1597 2468 1653 enim
2499 1598 2796 1655 dubitavit
2843 1598 2957 1655 tale
3006 1597 3237 1672 aliquid
3280 1599 3476 1655 dicere
3506 1600 3814 1674 apostolus

402 1685 546 1756 quia
577 1687 820 1756 contigit
848 1692 914 1744 ut
955 1689 1050 1744 ille
1081 1706 1191 1747 sua
1215 1691 1454 1764 pigritia
1500 1692 1647 1747 nihil
1694 1693 2046 1765 acquireret,

400 1773 516 1829 hoc
546 1790 668 1830 non
699 1777 994 1848 praescivit
1013 1778 1108 1835 ille
1138 1781 1240 1852 qui
1270 1780 1482 1837 dedit?
1508 1781 1708 1837 Dicere
1733 1781 1912 1836 etiam
1940 1797 2050 1853 po-

403 1866 514 1919 test
560 1880 684 1922 non
721 1867 1002 1939 implesse
1045 1869 1119 1924 de
1166 1870 1278 1926 hoc
1320 1869 1487 1927 lucro
1531 1871 1829 1927 Christum
1886 1871 2052 1944 quod

402 1968 770 2026 magnopere
815 1957 1112 2024 cogitavit.
1167 1962 1357 2015 Potest
1398 1963 1453 2015 et
1493 1960 1641 2016 illud
1688 1961 1944 2029 tertium,
1973 1961 2052 2017 ad

404 2041 796 2100 maledictum
841 2060 903 2099 se
950 2047 1314 2103 convertisse
1363 2055 1734 2121 superatum,
1761 2052 2051 2124 quoniam

403 2130 551 2187 dixit
582 2150 595 2187 :
625 2134 837 2204 Ligate
859 2135 958 2190 illi
986 2151 1199 2193 manus
1228 2144 1284 2194 et
1302 2140 1504 2210 pedes,
1534 2146 1589 2196 et
1617 2142 1894 2211 projicite
1921 2157 2052 2197 eum

413 2221 477 2276 in
526 2221 797 2278 tenebras
840 2225 1162 2282 exteriores
1196 2228 1432 2298 (Matth.
1464 2244 1598 2296 xxu,
1649 2234 1758 2302 l3),
1791 2230 1941 2286 sicut
1979 2230 2053 2286 de

404 2307 601 2364 Adam
627 2309 856 2368 dictum
884 2316 972 2369 est
1001 2318 1087 2380 ut,
1115 2330 1151 2371 a
1179 2315 1345 2385 ligno
1373 2317 1510 2372 vitae
1542 2325 1856 2391 separatus
1885 2321 2049 2392 (Gen.

405 2413 484 2466 ιιι,
513 2401 583 2454 22
631 2402 688 2454 et
734 2400 844 2471 23),
879 2407 1071 2460 morte
1120 2405 1302 2461 etiam
1358 2408 1627 2479 corporis
1679 2410 2052 2480 plecteretur.

408 2486 548 2544 Huic
607 2487 767 2544 enim
817 2490 1048 2548 homini
1099 2493 1332 2551 deserto
1378 2495 1705 2553 deﬁcientis
1753 2498 1880 2567 [al.,
1913 2498 2056 2554 deﬁ-

404 2575 647 2637 nientis]
674 2578 1062 2638 maledictum
1085 2582 1316 2640 videtur
1341 2585 1685 2659 impotentis
1710 2587 2050 2660 imperium.

407 2664 572 2722 Dicat
593 2681 734 2736 ergo
763 2667 1155 2742 impotentem
1187 2673 1507 2745 Christum,
1539 2678 1831 2748 quoniam
1857 2678 1931 2733 de
1961 2694 2058 2734 ac-

405 2753 703 2825 quirenda
731 2757 979 2830 spiritali
1011 2763 1267 2833 pecunia
1297 2778 1421 2818 non
1449 2765 1645 2838 potuit
1667 2767 1834 2838 quod
1864 2768 2061 2840 cupie-

405 2842 511 2898 bat
534 2843 764 2902 etﬁcere
791 2865 804 2913 ;
837 2847 996 2905 dicat
1040 2851 1328 2907 aemulum
1358 2869 1429 2909 ac
1471 2853 1859 2930 malitiosum,
1890 2857 2056 2929 quod

408 2949 581 3034 servo
604 2952 716 2992 suo
741 2936 1018 2996 inviderit
1036 2939 1233 2998 lucem
1261 2959 1330 2999 ac
1354 2944 1629 3012 salutem,
1644 2962 1827 3019 quem
1848 2948 2061 3020 projici
2090 2978 2130 3035 ρ

401 3023 580 3094 jussit
607 3026 671 3081 in
701 3028 994 3101 tenebras,
1018 3031 1122 3086 ubi
1167 3039 1316 3088 esset
1339 3035 1516 3103 ﬂetus
1571 3041 1626 3090 et
1681 3037 1904 3092 stridor
1922 3038 2060 3093 den-

409 3115 556 3172 tium
584 3116 825 3187 (Matth.
852 3135 988 3188 xm,
1024 3122 1133 3190 13).
1157 3121 1216 3177 Si
1248 3126 1449 3179 autem
1479 3124 1553 3179 de
1576 3126 1802 3182 Christo
1823 3127 1904 3184 ita
1936 3144 2059 3184 non

408 3202 546 3274 dici,
561 3220 635 3260 ne
655 3206 771 3262 hoc
793 3208 977 3265 modo
994 3226 1056 3265 se
1069 3211 1299 3281 judicet
1314 3227 1437 3268 non
1458 3229 1590 3269 esse
1617 3215 2016 3272 Christianum
2044 3236 2056 3287 ;

408 3309 514 3348 cur
543 3296 725 3352 audet
753 3296 948 3353 dicere
977 3299 1052 3356 de
1083 3300 1347 3356 hominis
1376 3303 1704 3369 conditore,
1751 3310 1806 3360 et
1833 3308 2062 3378 peccati

407 3383 620 3440 merito
637 3384 1016 3450 damnatore,
1033 3389 1199 3458 quod
1219 3405 1344 3444 non
1365 3391 1547 3447 audet
1561 3391 1755 3447 dicere
1771 3393 1846 3449 de
1870 3395 2063 3450 homi-

409 3471 502 3526 nis
537 3471 960 3541 redemptore?
985 3476 1049 3529 Et
1070 3475 1118 3528 si
1142 3476 1273 3545 ejus
1284 3484 1587 3550 praecepta
1615 3483 2056 3553 contempserit,

407 3574 592 3632 poena
620 3564 854 3616 aeternae
883 3563 1090 3617 mortis
1118 3564 1426 3636 plectetur,
1459 3568 1647 3623 ultore
1690 3571 1904 3627 eodem
1929 3573 2061 3645 ipso

410 3646 650 3704 scilicet.
676 3651 826 3704 Nam
855 3649 916 3705 in
945 3667 1129 3724 quem
1155 3653 1342 3710 alium
1366 3655 1484 3712 nisi
1511 3657 1573 3713 in
1607 3658 1903 3716 Christum
1933 3661 2060 3718 haec

407 3735 732 3794 maledicta
751 3739 1024 3796 nesciens
1050 3741 1158 3800 iste
1177 3743 1479 3815 jaculatur
1499 3747 1526 3801 ‘I
1557 3749 2061 3824 Quandoquidem

407 3824 503 3881 ille
531 3825 639 3883 ait:
661 3827 730 3883 Si
752 3831 1068 3888 crederetis
1099 3840 1153 3889 et
1181 3834 1398 3906 Moysi,
1426 3838 1741 3895 crederetis
1781 3846 1836 3895 et
1864 3841 2015 3896 mihi
2045 3857 2057 3895 :

285 3936 298 3944 -
407 3915 479 3974 de
507 3932 599 3973 me
621 3919 778 3974 enim
828 3920 934 3976 ille
983 3924 1224 3992 scripsit
1254 3925 1453 3994 (Joan.
1480 3942 1539 3996 v,
1572 3929 1684 3997 46).
1715 3926 1869 3994 Quid
1901 3929 2060 3986 enim

407 4011 578 4066 Pater
610 4008 738 4072 sine
768 4007 930 4083 Filio,
963 4011 1055 4068 vel
1083 4016 1224 4069 tunc
1256 4013 1391 4070 fecit
1434 4015 1530 4071 vel
1577 4033 1849 4090 unquam
1902 4019 2058 4075 facit.

411 4097 468 4154 Si
511 4113 653 4168 ergo
702 4098 1017 4157 salubriter
1063 4118 1186 4158 non
1227 4104 1423 4160 solum
1466 4105 1818 4173 bonitatem,
1850 4117 2060 4164 verum

410 4187 591 4244 etiam
637 4189 1011 4247 severitatem
1059 4192 1159 4248 Dei
1190 4197 1401 4250 sancta
1433 4196 1736 4268 Scriptura
1757 4212 2061 4253 commen-

409 4275 535 4345 dat,
566 4277 856 4348 quoniam
896 4283 952 4335 et
982 4286 1219 4337 amatur
1266 4283 1422 4337 Deus
1465 4283 1683 4340 utiliter
1721 4289 1777 4340 et
1821 4285 2060 4342 timetur

411 4365 595 4434 (unde
609 4367 928 4439 Apostolus
951 4369 1166 4426 eodem
1185 4370 1319 4428 loco
1341 4377 1663 4447 utrumque
1696 4391 2060 4432 commemo-

406 4460 515 4526 rat,
547 4456 752 4512 dicens
787 4474 799 4513 :
849 4459 1014 4516 Vides
1045 4474 1186 4531 ergo
1227 4461 1546 4519 bonitatem
1589 4469 1646 4520 et
1691 4467 2062 4537 severitatem

405 4546 518 4604 Dei
543 4547 730 4618 [Rom
761 4563 835 4617 x1,
877 4549 990 4621 22],
1022 4550 1171 4622 quid
1200 4555 1291 4608 est
1344 4552 1512 4624 quod
1563 4553 1672 4610 iste
1726 4553 1977 4610 insanus
2007 4559 2066 4612 et

406 4651 695 4710 princeps,
730 4654 871 4694 cum
903 4640 1306 4697 Christianum
1337 4657 1466 4698 esse
1509 4643 1712 4715 jactet,
1746 4647 1803 4700 et
1829 4644 1944 4700 hoc
1970 4661 2065 4700 re-

406 4724 723 4794 prehendit
752 4728 814 4783 in
844 4730 965 4786 Deo
989 4731 1443 4802 prophetarum,
1468 4733 1635 4805 quod
1665 4734 1726 4789 in
1757 4736 1876 4790 Deo
1905 4734 2066 4792 inve-

409 4811 495 4866 nit
519 4814 934 4884 apostolorum
954 4818 982 4873 ?
1012 4820 1302 4890 quoniam
1332 4821 1494 4877 idem
1535 4822 1690 4879 Deus
1733 4827 1821 4880 est
1850 4827 1908 4880 et
1935 4823 2065 4881 illo-

408 4913 546 4954 rum
567 4904 623 4954 et
646 4899 922 4959 istorum.
948 4905 1120 4968 Quod
1145 4913 1344 4963 autem
1365 4909 1440 4965 de
1460 4909 1572 4966 isto
1594 4912 2067 4970 commemoravi

410 5001 594 5058 quem
621 4988 865 5059 pigrum
896 5005 1130 5048 servum
1160 4997 1320 5051 misit
1343 4999 1409 5054 in
1441 4999 1713 5057 tenebras
1743 5002 2066 5058 exteriores

407 5074 647 5146 (Matth.
680 5092 820 5147 xxv,
844 5077 955 5150 24),
989 5081 1266 5139 severitas
1296 5089 1387 5142 est
1415 5087 1535 5160 Dei,
1569 5088 1674 5144 ubi
1700 5104 1810 5144 nec
1842 5088 2067 5145 futuro-

409 5179 546 5220 rum
572 5165 947 5239 improvidus
977 5167 1192 5226 dicitur
1218 5175 1364 5244 quia
1392 5177 1494 5232 tali
1537 5178 1859 5250 pecuniam
1890 5193 2066 5234 suam

412 5255 688 5327 credidit;
722 5271 833 5314 nec
862 5257 1188 5330 impotens,
1208 5263 1352 5334 quia
1380 5281 1561 5337 quem
1587 5271 1654 5322 ut
1682 5267 1836 5323 bene
1864 5273 2066 5337 ageret

409 5361 534 5402 non
561 5345 691 5418 ipse
711 5349 880 5417 rexit,
906 5351 1033 5420 ipse
1057 5352 1342 5421 correxit;
1375 5368 1486 5410 nec
1515 5355 1770 5411 aemulus
1799 5371 1868 5413 ac
1899 5357 2060 5414 mali-

411 5435 598 5491 tiosus
652 5436 819 5508 quod
867 5453 905 5494 a
930 5437 1063 5494 luce
1094 5444 1440 5512 separatum
1470 5443 1530 5499 in
1577 5444 1852 5501 tenebras
1883 5446 2062 5503 misit.

409 5523 534 5580 Hoc
561 5523 637 5581 de
657 5525 942 5584 omnibus
964 5528 1160 5602 poenis
1183 5529 1521 5601 hominum,
1541 5549 1677 5606 quae
1705 5533 1984 5606 leguntur
2003 5536 2066 5594 in

409 5613 771 5688 Propheticis
793 5615 962 5678 libris
989 5618 1228 5680 inﬂictae
1244 5619 1430 5681 fuisse
1459 5624 1866 5696 peccantibus,
1886 5627 2066 5687 debet

2161 1685 2403 1754 Paulus,
2437 1705 2574 1746 cum
2627 1705 2691 1744 se
2740 1687 2914 1744 sciret
2947 1687 3258 1745 verissime
3301 1688 3514 1758 dicere,
3544 1690 3646 1746 ubi
3676 1691 3760 1746 ait
3794 1707 3807 1746 :

2157 1777 2352 1834 Mittet
2384 1778 2508 1834 illis
2554 1779 2712 1834 Deus
2741 1779 3144 1847 operationem
3175 1780 3409 1845 erroris,
3443 1784 3507 1833 ut
3551 1779 3807 1834 credant

2159 1866 2486 1929 mendacio,
2503 1873 2558 1923 et
2569 1867 2928 1936 judicentur
2947 1883 3145 1923 omnes
3167 1868 3267 1938 qui
3283 1882 3394 1922 non
3415 1867 3800 1923 crediderunt

2161 1955 2421 2026 veritati,
2464 1956 2569 2010 sed
2613 1961 3039 2012 consenserunt
3067 1956 3369 2028 iniquitati
3393 1956 3479 2020 (II
3511 1955 3706 2012 Thess.
3735 1971 3803 2022 n,

2167 2047 2276 2113 l0).
2303 2046 2422 2100 Hoc
2451 2043 2526 2100 de
2558 2043 2714 2100 facto
2744 2060 2853 2117 per
2881 2047 3143 2117 Moysen,
3173 2044 3268 2100 cui
3304 2046 3454 2099 Deus
3485 2043 3668 2099 dixit:
3693 2044 3813 2099 Ac-

2163 2133 2291 2201 cipe
2343 2148 2541 2190 omnes
2571 2133 2748 2190 duces
2774 2134 3008 2204 populi,
3032 2138 3086 2188 et
3115 2133 3359 2190 victima
3397 2133 3531 2189 illos
3563 2133 3818 2188 Domino

2165 2227 2376 2278 contra
2398 2221 2728 2288 solem,hoc
2747 2227 2834 2279 est
2857 2221 2916 2278 in
2944 2221 3268 2278 manifesto
3292 2236 3400 2294 per
3428 2220 3590 2278 diem
3611 2220 3817 2289 (Num.

2162 2325 2303 2380 xxv,
2322 2312 2398 2382 4).
2436 2309 2541 2366 Vel
2561 2311 2725 2383 quod
2753 2310 2979 2367 factum
3007 2309 3237 2366 idolum
3267 2313 3499 2386 Moyses
3529 2309 3615 2367 ita
3636 2306 3825 2364 vindi-

2164 2399 2322 2456 cavit
2352 2405 2415 2455 ut
2446 2415 2557 2456 nec
2587 2400 2864 2474 proximo
2895 2415 3007 2456 suo
3035 2399 3293 2474 quisque
3340 2402 3636 2472 parceret,
3671 2397 3821 2454 ferro

2164 2488 2467 2561 perimens
2487 2489 2706 2562 impios
2723 2490 2942 2562 (Exod.
2955 2506 3138 2557 xxx",
3151 2492 3218 2545 27
3242 2495 3297 2545 et
3312 2491 3423 2560 28).
3438 2491 3647 2562 Neque
3665 2487 3820 2544 enim

2167 2584 2223 2634 et
2253 2577 2541 2633 Dominus
2573 2581 2740 2634 Jesus
2769 2594 2893 2634 non
2921 2579 3100 2634 dixit:
3125 2579 3242 2636 Eos
3263 2584 3459 2635 autem
3487 2579 3600 2650 qui
3622 2579 3815 2636 nolue—

2166 2672 2314 2724 runt
2340 2682 2430 2724 me
2459 2683 2716 2738 regnare
2761 2669 2894 2740 sibi,
2927 2668 3238 2737 adducite;
3271 2668 3591 2737 interﬁcite
3619 2682 3817 2724 coram

2166 2773 2259 2814 me
2286 2757 2446 2826 (Luc.
2477 2773 2592 2826 xxx,
2621 2759 2712 2829 27)
2745 2774 2758 2812 :
2797 2757 2904 2813 [ibi
2937 2757 3224 2830 profecto,
3255 2756 3404 2828 quia
3450 2762 3699 2814 mortem
3733 2755 3814 2811 si-

2171 2845 2416 2917 gniﬁcat
2445 2846 2806 2914 animarum,
2833 2848 3030 2918 magis
3063 2853 3149 2902 est
3181 2847 3386 2921 utique
3416 2845 3519 2903 illa
3547 2844 3817 2902 ﬁdelibus

2168 2936 2470 2993 horrenda
2490 2941 2546 2992 et
2562 2938 2891 2995 metuenda
2908 2952 3096 3010 quam
3115 2952 3458 3010 corporum.
3482 2936 3650 2992 Unde
3667 2934 3820 2991 idem

2170 3027 2456 3084 Dominus
2489 3027 2656 3083 dicit:
2683 3028 2887 3084 Nolite
2917 3030 3122 3084 timere
3136 3042 3228 3084 eos
3249 3027 3354 3098 qui
3382 3027 3667 3082 occidunt
3699 3040 3824 3081 cor-

2162 3133 2299 3186 pus,
2348 3118 2614 3174 animam
2667 3123 2866 3173 autem
2919 3134 3038 3172 non
3081 3122 3330 3188 possunt
3381 3115 3691 3186 occidere;
3731 3112 3830 3170 sed

2162 3207 2363 3274 potius
2393 3222 2524 3262 eum
2556 3207 2752 3262 timete
2780 3207 2887 3277 qui
2901 3210 3093 3275 potest
3123 3210 3174 3261 et
3206 3206 3494 3270 animam,
3524 3209 3581 3259 et
3610 3218 3829 3272 corpus

2163 3296 2416 3364 perdere
2446 3297 2508 3351 in
2537 3296 2871 3366 gehennam
2895 3295 3136 3365 (Matth.
3167 3295 3350 3366 x,28).
3384 3293 3572 3364 Hujus
3595 3291 3828 3362 generis

2169 3388 2412 3456 mortes,
2440 3400 2546 3457 per
2573 3400 2728 3456 quas
2763 3383 2978 3440 anima
3003 3383 3322 3439 mittuntur
3351 3381 3411 3438 in
3459 3381 3826 3452 gehennam,

2172 3473 2222 3528 si
2251 3473 2386 3545 quis
2416 3472 2576 3528 ﬁdeli
2635 3480 2835 3529 mente
2883 3474 2965 3545 (ut
3013 3473 3266 3542 dignum
3314 3473 3424 3544 est)
3453 3470 3823 3541 cogitaverit,

2168 3562 2344 3618 valde
2369 3562 2560 3618 viliter
2602 3562 2923 3618 aestimabit
2960 3560 3295 3634 quamlibet
3345 3560 3826 3632 ingentissimam

2171 3655 2452 3721 stragem,
2470 3655 2527 3707 et
2544 3651 2854 3720 sanguinis
2873 3650 3091 3706 ﬂuvios
3111 3649 3460 3706 mortalium
3477 3665 3825 3722 corporum,

2171 3744 2228 3796 et
2255 3741 2811 3814 quomodocunque
2840 3740 3332 3813 quandocunque
3360 3739 3826 3807 moriturorum;

2170 3846 2324 3902 quas
2378 3829 2570 3886 caedes
2628 3831 2737 3887 iste
2790 3845 3162 3900 exaggerans
3218 3835 3275 3885 et
3318 3827 3680 3884 scholastica
3723 3841 3830 3883 va—

2170 3918 2354 3975 nitate
2378 3919 2744 3984 describens,
2780 3920 2858 3976 ad
2882 3918 3435 3992 blasphemandum
3482 3921 3692 3986 Deum,
3725 3916 3832 3990 qui

2172 4009 2392 4066 talibus
2423 4010 2718 4067 mortibus
2748 4025 2853 4066 eos
2880 4009 3102 4082 quibus
3130 4007 3483 4080 hujusmodi
3507 4013 3699 4063 terror
3723 4005 3833 4062 uti-

2171 4097 2242 4153 lis
2268 4098 2462 4156 fuerat
2483 4099 2860 4169 ﬂagellabat;
2889 4099 3201 4155 horrorem
3230 4097 3441 4154 incutit
3468 4095 3833 4152 mortalibus

2175 4189 2470 4254 sensibus,
2496 4194 2554 4246 et
2573 4188 2804 4261 aliquid
2825 4206 2887 4245 se
2911 4204 3090 4260 agere
3117 4193 3286 4261 putat
3316 4186 3511 4244 calces
3535 4185 3834 4243 adversus

2177 4277 2489 4334 stimulum
2516 4278 2819 4349 jaciendo,
2844 4283 2928 4349 ut,
2951 4294 3088 4333 cum
3120 4277 3195 4333 de
3218 4281 3410 4333 morte
3434 4277 3630 4345 carnis
3662 4292 3837 4333 accu-

2175 4373 2264 4423 sat
2290 4366 2391 4422 Dei
2416 4367 2879 4439 providentiam,
2902 4367 2964 4422 in
2988 4371 3182 4423 morte
3203 4365 3400 4424 cordis
3419 4366 3678 4423 intratur
3699 4368 3831 4436 (aL,

2172 4457 2460 4528 mittatur)
2518 4457 2580 4512 in
2629 4456 2995 4526 gehennam.
3049 4458 3190 4523 Quis
3241 4461 3444 4514 autem
3490 4456 3833 4512 utriuslibet

2175 4565 2356 4605 sexus
2380 4549 2566 4604 homo
2593 4563 2718 4604 non
2743 4546 2947 4604 mallet
2968 4547 3170 4618 gladio
3196 4547 3500 4617 trucidari,
3522 4547 3704 4603 etiam
3726 4546 3828 4602 illo

2172 4638 2358 4695 modo
2379 4654 2502 4712 quo
2535 4637 2858 4695 trucidavit
2888 4637 3177 4695 Sacerdos
3196 4637 3451 4693 Phinees
3466 4636 3667 4707 (Num.
3684 4651 3824 4706 xxv,

2173 4735 2226 4798 7,
2259 4733 2311 4798 8,
2351 4731 2434 4802 ll)
2467 4727 2819 4786 fornicarios
2849 4728 2912 4785 in
2939 4729 3072 4801 ipso
3097 4726 3417 4800 complexu
3445 4727 3693 4784 nefariae
3721 4742 3830 4783 ’σοί

2171 4818 2439 4892 luptatis,
2480 4817 2740 4875 terribile
2771 4818 3137 4874 constituens
3193 4817 3487 4873 adversus
3515 4831 3834 4873 exsecran-

2173 4908 2285 4966 das
2331 4908 2611 4965 libidines
2659 4907 2903 4964 ultionis
2957 4905 3322 4980 exemplum,
3379 4911 3627 4980 propter
3667 4906 3836 4981 quod

2173 4999 2436 5056 maxime
2485 5001 2604 5053 Deo
2650 4997 2896 5070 placuit,
2942 4997 3099 5070 quis,
3143 4996 3420 5070 inquam,
3465 5012 3591 5052 non
3629 4997 3838 5054 mallet

2175 5088 2274 5144 tali
2319 5103 2551 5157 genere.
2581 5087 2791 5143 mortis
2821 5087 3118 5144 interﬁci?
3165 5086 3308 5153 Quis
3363 5101 3489 5142 non
3526 5090 3836 5159 postremo

2173 5178 2311 5248 igne
2357 5177 2659 5251 consumi,
2710 5177 2803 5233 vel
2845 5177 3049 5235 ferinis
3079 5177 3383 5234 morsibus
3411 5192 3520 5250 per
3564 5177 3700 5250 ipsa
3729 5193 3839 5251 pu-

2174 5267 2376 5326 denda
2399 5269 2632 5338 laniari,
2650 5284 2840 5342 quam
2863 5267 3017 5324 mitti
3037 5268 3100 5324 in
3128 5268 3468 5338 gehennam
3488 5267 3646 5338 ignis
3665 5274 3836 5325 aeter-

2173 5357 2280 5414 ni?
2307 5361 2422 5414 Cur
2450 5359 2631 5430 igitur
2661 5363 2816 5414 Deus
2848 5357 3321 5414 Christianorum
3351 5362 3677 5430 peccantes
3707 5357 3838 5414 tali—

2173 5446 2290 5503 bus
2321 5448 2616 5505 mortibus
2645 5447 2877 5521 puniat,
2911 5451 2995 5517 ut,
3027 5451 3163 5520 post
3209 5448 3477 5519 corporis
3522 5447 3834 5503 interitum

2175 5536 2605 5606 transitorium,
2625 5540 2912 5610 sequatur
2932 5536 2995 5593 in
3017 5537 3356 5607 gehennam
3390 5535 3519 5592 sine
3542 5535 3664 5594 ﬁne
3695 5551 3837 5609 sup—

2177 5626 2422 5701 plicium
2432 5669 2446 5698 ,
2458 5627 2573 5686 nisi
2587 5629 2693 5700 (al.
2704 5670 2718 5699 ,
2730 5627 2974 5699 nonne),
2987 5627 3134 5701 quia
3151 5626 3491 5687 testamenti
3513 5626 3830 5701 utriusque
