4116 6186
326 193 466 248 1149

1281 192 1369 246 DE
1409 185 2075 252 PREDESTINATIONB
2114 188 2391 248 CONTRA
2428 193 2478 250 1.
2517 191 2818 254 BCOTUM.

3616 199 3758 256 1150

323 329 480 370 unus
507 315 600 368 est
621 311 820 368 Deus?
849 314 1261 386 Nampossent
1277 316 1469 374 ,ἰυόωί
1485 318 1679 377 dicere
1699 317 1984 376 adversus
2014 313 2062 368 Α
2103 313 2641 383 signiﬁcationibus
2681 317 3110 377 sacriﬁciorum
3161 319 3429 392 vastique
3471 322 3758 395 nuptialis

317 403 504 475 hujus
548 403 942 476 impietatem,
972 404 1416 476 quantumlibet
1453 413 1771 482 exaggeret
1806 404 1982 474 bella,

320 495 544 561 cedes,
567 493 839 562 vulnera,
871 493 1102 562 funera,
1137 497 1517 569 sanguinem,
1547 500 1724 571 longe
1754 499 1985 555 incom-

320 583 673 657 parabiliter
700 585 819 640 Deo
857 587 1068 640 nostro
1091 585 1279 642 Deum
1313 602 1374 642 se
1399 588 1620 646 habere
1650 589 1981 645 mitiorem:

325 673 506 744 longe
550 673 770 730 scilicet
820 672 1021 730 mitius
1071 674 1420 747 punientem
1468 678 1802 735 transituris
1855 677 1982 746 (al.,

327 763 708 831 transitoriis)
755 763 1051 820 mortibus
1099 780 1441 837 corporum,
1486 783 1674 840 quam
1722 766 1984 823 ﬂammis

330 855 630 926 perpetuis
655 854 1088 924 gehennarum.
1122 857 1193 910 At
1221 855 1380 911 enim
1410 859 1725 929 propterea
1753 856 1987 912 videtur

331 945 469 1000 huic
495 944 648 999 Deus
675 943 823 1013 legis
857 947 913 1000 et
931 944 1386 1016 prophetarum,
1413 947 1519 1018 qui
1543 962 1698 1002 unus
1728 950 1785 1002 et
1809 961 1986 1002 verus

332 1037 418 1088 est
435 1036 607 1102 Deus,
625 1033 870 1089 crimine
893 1033 1255 1090 crudelitatis
1279 1035 1793 1108 arguendus,quia
1807 1053 1986 1108 prop-

332 1125 418 1176 ter
438 1121 770 1178 levissimas
801 1138 1020 1178 causas
1049 1122 1140 1178 vel
1185 1124 1360 1179 etiam
1395 1124 1835 1180 erubescendas
1863 1140 1988 1196 pm-

325 1225 469 1265 nam
496 1211 706 1266 mortis
724 1211 821 1267 vel
843 1211 1170 1284 corporalis
1200 1211 1431 1280 inflixit,
1459 1213 1625 1285 quod
1655 1212 1846 1268 David
1876 1229 1985 1284 po-

326 1298 538 1370 pulum
566 1304 963 1367 numerasset,
995 1300 1162 1373 quod
1200 1300 1478 1370 infantes,
1512 1301 1662 1357 sicut
1684 1302 1791 1357 iste
1821 1301 1981 1369 dicit,

327 1386 434 1442 ﬁlii
462 1388 582 1444 Heli
611 1389 936 1444 sacerdotis
963 1388 1038 1445 de
1067 1389 1198 1445 ollis
1223 1389 1316 1445 vel
1344 1389 1583 1446 cacabis
1605 1392 1723 1446 Deo
1747 1405 1984 1462 praepa-

327 1475 471 1532 ratis
501 1476 727 1548 aliquid
771 1477 1184 1546 degustassent
1213 1496 1224 1533 :
1265 1494 1388 1551 qua
1413 1480 1471 1534 in
1500 1495 1563 1534 re
1590 1494 1710 1534 non
1743 1479 1985 1552 disputo

327 1569 626 1636 quantum
672 1570 730 1621 et
771 1582 957 1639 quam
1007 1567 1414 1639 perniciosum
1465 1568 1736 1624 elationis
1773 1568 1983 1624 vitium

2096 401 2616 466 inconvenientcm
2632 410 2974 468 carnalibus
2994 409 3273 466 sensibus
3287 409 3438 466 velle
3456 409 3757 470 inculcare

2097 498 2487 554 sermonem?
2535 501 2680 554 Ecce
2723 499 2888 572 quod
2945 503 3035 556 est
3079 496 3453 554 manifestius
3499 500 3759 572 profera.

2095 597 2252 638 mus.
2285 586 2675 656 Evangelium
2704 588 2819 658 legi
2849 588 3027 644 veteri
3057 602 3419 662 comparans
3443 589 3754 660 Dominus,

2095 675 2151 727 et
2177 689 2300 729 non
2329 674 2472 731 illud
2496 678 2726 733 malum
2743 678 2909 752 quod
2929 678 3207 734 homines
3230 681 3367 734 ante
3387 678 3754 753 dedicerant,

2095 761 2201 815 sed
2225 763 2394 833 quod
2422 764 2550 836 ipse
2580 767 2856 829 docebat,
2878 766 3198 841 perfectius
3227 783 3356 823 esse
3386 772 3751 826 contestans.

2095 851 2382 920 Audistis,
2413 854 2624 927 inquit,
2649 859 2789 929 quia
2816 857 3040 914 dictum
3057 863 3182 913 est:
3210 858 3346 913 Non
3367 858 3593 914 occides
3614 871 3634 929 ;
3653 860 3763 931 qui

2097 944 2292 997 autem
2326 945 2629 1010 occiderit,
2656 962 2791 1002 reus
2821 949 2933 1003 erit
2943 947 3196 1017 judicio.
3231 947 3357 1016 Ego
3396 951 3593 1004 autem
3624 949 3756 1005 dico

2094 1030 2296 1086 vobis:
2328 1033 2674 1105 Quicunque
2692 1036 2886 1091 iratus
2908 1038 3095 1106 fuerit
3121 1036 3316 1106 fratri
3333 1051 3462 1100 suo,
3484 1052 3622 1094 reus
3643 1040 3758 1094 erit

2083 1120 2318 1191 judicio
2341 1136 2362 1185 ,ο
2391 1125 2495 1193 qui
2514 1128 2711 1179 autem
2742 1125 2966 1180 dixerit
3005 1125 3234 1192 Racha,
3267 1140 3402 1182 reus
3433 1127 3546 1183 erit
3569 1128 3757 1184 consi-

2097 1211 2210 1266 lio:
2248 1212 2354 1282 qui
2393 1217 2592 1268 autem
2643 1213 2867 1270 dixerit
2909 1213 3118 1281 Fatue,
3151 1230 3289 1271 reus
3320 1217 3434 1272 erit
3472 1217 3758 1287 gehennae

2093 1300 2250 1370 ignis
2291 1301 2528 1370 (Matth.
2557 1319 2614 1358 v.
2647 1307 2738 1368 21,
2768 1307 2858 1372 22,
2885 1305 2995 1374 23).
3030 1303 3183 1369 Quid
3232 1308 3355 1360 tam
3405 1321 3662 1378 parvum
3693 1306 3756 1361 in

2093 1390 2376 1460 peccatis,
2407 1408 2592 1463 quam
2625 1392 2788 1448 fratri
2816 1392 3011 1449 dicere
3041 1392 3269 1450 Fatue?
3291 1393 3437 1465 quid
3467 1398 3591 1450 tam
3634 1409 3760 1450 ma-

2095 1492 2281 1546 gnum
2312 1479 2371 1533 in
2390 1480 2722 1552 suppliciis,
2741 1497 2925 1553 quam
2950 1482 3222 1551 gehenna
3250 1483 3407 1552 ignis
3425 1484 3454 1538 ?
3473 1483 3530 1538 Si
3550 1483 3610 1540 in
3626 1483 3756 1551 lege

2093 1567 2186 1622 vel
2217 1569 2524 1640 prophetis
2552 1571 2662 1626 iste
2693 1571 3017 1626 invenisset
3047 1571 3331 1643 aliquem,
3360 1572 3653 1643 quoniam
3674 1572 3761 1627 di-

328 1659 454 1712 tam
485 1659 691 1710 sancto
717 1655 863 1724 viro,
892 1662 956 1712 ut
996 1657 1165 1712 vellle
1208 1659 1309 1713 Dei
1339 1657 1635 1730 populum
1666 1673 1986 1713 numerare
2016 1667 2058 1723 Β
2095 1657 2275 1713 xisset
2304 1657 2466 1714 fratri
2509 1675 2619 1714 suo
2650 1661 2863 1731 Fatue,
2895 1659 3162 1732 lapidare
3188 1661 3427 1732 jussum
3466 1659 3646 1716 fuisse
3675 1659 3761 1715 di-

332 1744 718 1816 subrepserit,
750 1760 1078 1820 eorumque
1108 1748 1402 1803 mortibus
1430 1763 1554 1803 non
1589 1748 1842 1817 aeternis,
1881 1747 1988 1802 sed

323 1835 453 1906 jam
483 1834 752 1891 humana
781 1835 1121 1891 conditione
1150 1836 1436 1905 venturis,
1467 1840 1522 1892 et
1544 1836 1809 1892 celeriter
1830 1840 1990 1891 tran«

329 1924 548 1992 situris,
580 1924 754 1980 fuerit
802 1924 1157 1995 ﬂagellatus,
1188 1943 1448 1998 quorum
1496 1926 1689 1982 fuerat
1728 1926 1989 1981 multitu—

329 2013 468 2070 dine
495 2014 739 2070 inﬂatus
787 2015 856 2082 (ll
889 2016 1029 2086 Reg.
1061 2032 1224 2079 xxxv,
1261 2021 1345 2082 18,
1386 2018 1545 2088 etc.).
1577 2021 1691 2072 Nec
1735 2016 1871 2071 dico
1916 2015 1987 2069 ﬁ-

329 2101 441 2157 lios
470 2103 595 2158 Heli
622 2118 746 2158 non
778 2103 960 2159 fuisse
1004 2103 1284 2171 infantes,
1316 2109 1382 2161 ut
1417 2107 1524 2161 iste
1571 2104 1858 2178 loquitur,
1890 2119 1990 2158 ne-

335 2190 528 2246 sciens
557 2192 700 2262 quid
731 2191 1029 2264 loquatur,
1064 2192 1170 2248 sed
1199 2194 1327 2263 ejus
1352 2195 1539 2250 aetatis
1576 2210 1700 2267 qua
1737 2197 1990 2266 possent

334 2281 393 2334 et
419 2278 723 2344 deberent,
753 2293 863 2352 pro
905 2280 1195 2350 sacrilego
1248 2297 1403 2338 ausu
1451 2299 1575 2355 quo
1624 2299 1688 2338 se
1733 2283 1987 2339 Domino

332 2368 454 2423 Deo
483 2368 544 2423 in
593 2368 895 2424 sacrificiis
946 2369 1360 2442 praeferebant,
1400 2371 1586 2440 digna
1633 2372 1988 2427 coercitione

331 2458 598 2515 cohiberi
630 2459 670 2528 (Ι
699 2461 843 2530 Reg.
887 2476 948 2530 u,
982 2465 1035 2526 2,
1071 2465 1154 2525 12,
1198 2461 1388 2534 seq.);
1435 2462 1601 2534 quod
1649 2462 1986 2532 neglectum

328 2551 505 2615 Deus,
538 2562 662 2603 non
712 2548 825 2604 sibi
868 2549 1210 2616 consulens,
1242 2550 1349 2605 sed
1387 2551 1614 2625 p0pulo
1657 2551 1753 2607 cui
1781 2551 1987 2620 religio

327 2637 639 2709 pietasque
685 2637 1025 2709 profuisset,
1065 2638 1223 2694 bello
1265 2640 1444 2696 etiam
1493 2641 1834 2710 vindicavit,
1884 2640 1987 2695 ubi

328 2727 431 2782 Dei
459 2727 734 2783 timorem
764 2731 1084 2799 potuerunt
1121 2744 1340 2799 augere
1370 2730 1600 2798 victuri,
1628 2745 1736 2804 per
1777 2745 1988 2786 eorum

329 2821 552 2873 mortes
591 2817 696 2890 qui
742 2817 996 2888 fuerant,
1029 2822 1105 2889 et,
1139 2819 1186 2875 si
1233 2837 1292 2876 se
1340 2821 1639 2877 nescirent
1687 2823 1825 2893 post
1864 2835 1988 2876 non

328 2907 511 2980 longa
557 2912 898 2982 temporum
944 2910 1138 2981 spatia
1182 2911 1473 2966 morituri.
1507 2910 1790 2966 Mortibus
1820 2911 1990 2982 quip-

2094 1747 2334 1812 vinitus,
2367 1752 2607 1820 quantae
2642 1751 2827 1804 Deum
2860 1749 3226 1805 crudelitatis
3266 1749 3584 1820 argueret?
3617 1749 3758 1815 Quis

2095 1851 2218 1892 non
2249 1840 2449 1892 autem
2480 1853 2603 1892 non
2633 1838 2768 1893 dico
2798 1838 3076 1910 lapidari,
3103 1840 3209 1894 sed
3232 1855 3340 1912 per
3364 1839 3633 1909 singulos
3666 1855 3759 1895 ar-

2096 1930 2212 1992 tus,
2238 1926 2361 1981 imo
2394 1941 2499 1998 per
2527 1927 2764 1997 singula
2781 1927 3048 2001 corporis
3066 1928 3254 1984 frusta
3269 1927 3557 2000 paulatim
3577 1932 3757 2001 atque

2096 2014 2437 2070 minutatim
2483 2014 2686 2072 vivens
2737 2021 2793 2072 et
2844 2016 3104 2073 sentiens
3145 2015 3423 2072 dilaniari
3451 2017 3756 2073 consumi-

2095 2119 2213 2175 que
2243 2103 2773 2178 maluisset,quam
2797 2107 3083 2176 gehennae
3109 2105 3350 2176 ignibus
3379 2105 3758 2178 nuncupari?

2095 2191 2262 2249 Absit
2291 2197 2491 2248 tamen
2523 2198 2587 2250 ut
2616 2194 3010 2251 crudeliorem
3040 2194 3367 2268 quisquam
3388 2195 3548 2251 dicat
3565 2195 3760 2250 Evan-

2097 2281 2229 2352 gelii
2257 2299 2440 2356 quam
2471 2284 2618 2352 legis
2648 2286 2835 2340 Deum
2864 2284 2876 2341 l
2920 2285 3258 2355 intelligens
3295 2284 3604 2356 utriusque
3630 2298 3757 2340 esse

2096 2387 2288 2427 unum
2318 2376 2375 2428 et
2396 2371 2677 2429 eumdem
2697 2374 2982 2438 Deum,in
3004 2374 3134 2445 lege
3161 2375 3480 2430 terrentem
3510 2371 3759 2429 carnali-

2096 2461 2238 2526 bus,
2270 2460 2331 2517 in
2378 2461 2697 2532 Evangelio
2738 2462 3103 2536 spiritalibus
3132 2463 3349 2536 poenis,
3379 2466 3436 2518 et
3463 2461 3546 2518 ibi
3580 2465 3635 2518 et
3661 2461 3758 2517 hic

2095 2549 2359 2620 ﬁdelem,
2383 2567 2688 2623 nusquam
2711 2552 3035 2608 crudelem.
3057 2550 3211 2618 Quid
3232 2551 3419 2608 illud?
3439 2565 3641 2607 nonne
3663 2549 3760 2605 sia

2097 2640 2324 2696 Christo
2350 2639 2619 2710 linguam
2649 2639 2930 2713 reperiret
2956 2641 3235 2708 alienam,
3255 2641 3318 2696 in
3348 2655 3609 2712 eumque
3634 2637 3759 2695 bla-

2098 2731 2434 2803 sphemam,
2469 2733 2524 2786 et
2567 2731 2785 2804 (qualis
2835 2736 2924 2788 est
2968 2732 3166 2802 hujus)
3200 2731 3387 2804 impia
3417 2729 3760 2800 garrulitate

2097 2819 2528 2883 damnabilem,
2580 2820 2853 2876 acerbius
2908 2825 2964 2876 et
3019 2820 3282 2876 amarius
3340 2819 3758 2890 exagitaretur,

2097 2926 2283 2982 quam
2312 2909 2479 2982 quod
2507 2910 2635 2975 iste,
2668 2909 2742 2964 de
2769 2910 3022 2964 obsonio
3068 2908 3341 2965 sacriﬁcii
3370 2911 3755 2981 praegustato,

330 3013 408 3070 pe
437 3013 758 3070 corporum
781 2998 1037 3067 legimus
1065 2998 1212 3054 alios
1239 2999 1419 3055 etiam
1445 3003 1717 3055 mortuos
1747 3003 1990 3072 propter
2019 3012 2060 3072 ο
2098 2997 2471 3070 corporalem
2503 2997 3018 3069 temporalemque
3049 3012 3294 3068 poenam
3329 2994 3640 3063 sacrilegio
3673 2994 3759 3048 sic

333 3102 457 3143 non
504 3103 635 3157 sua,
682 3087 789 3143 sed
839 3086 1038 3144 aliena
1082 3092 1334 3159 peccata
1377 3089 1421 3158 (Ι
1452 3090 1596 3157 Reg.
1628 3105 1705 3158 ιν,
1741 3089 1847 3159 10).
1885 3089 1990 3144 Ubi

332 3177 528 3246 magis
555 3179 644 3232 est
671 3178 732 3231 in
762 3175 968 3232 dolore
999 3176 1197 3232 cordis
1226 3177 1409 3249 plaga
1435 3177 1778 3247 viventium,
1803 3194 1988 3250 quam

334 3267 397 3321 in
437 3265 799 3320 resolutione
832 3267 1028 3320 carnis
1056 3281 1240 3338 pmna
1269 3265 1684 3335 morientium;
1727 3268 1830 3322 ubi
1868 3268 1992 3323 ani-

337 3371 452 3410 ma).
482 3355 558 3410 de
587 3354 940 3426 corporibus
990 3358 1272 3410 exeuntes
1323 3372 1461 3411 suas
1505 3372 1720 3413 causas
1765 3357 1992 3413 habent

335 3443 430 3499 vel
458 3443 652 3499 malas
681 3443 771 3500 vel
797 3443 1008 3511 bonas,
1041 3459 1163 3499 non
1203 3449 1519 3518 propterea
1548 3449 1808 3516 gravatae
1846 3448 1992 3519 quia

333 3535 527 3589 exutae
552 3551 564 3600 ;
600 3531 940 3588 animarum
967 3547 1110 3588 vero
1140 3538 1326 3589 morte
1350 3533 1500 3589 alius
1522 3551 1632 3607 pro
1653 3528 1772 3590 alio
1791 3535 1992 3607 plecti-

333 3628 428 3680 tur
476 3639 677 3680 nemo.
715 3623 829 3680 Sed
870 3623 984 3679 hoc
1032 3622 1187 3694 dico,
1221 3630 1516 3696 quantum
1560 3625 1855 3682 existimet
1883 3625 1992 3681 iste

332 3713 513 3769 fuisse
538 3717 870 3786 peccatum.
908 3714 1076 3782 Quod
1109 3715 1172 3769 in
1202 3715 1470 3771 convivio
1501 3717 1769 3785 nuptiali
1793 3717 1994 3771 inven«

335 3809 427 3858 tus
451 3807 535 3858 est
562 3803 732 3858 homo
760 3817 880 3858 non
931 3803 1152 3858 habens
1193 3808 1405 3859 vestem
1438 3805 1792 3874 nuptialem.
1825 3806 1989 3872 Puto,

333 3891 384 3947 si
407 3892 678 3947 humana
700 3890 1176 3948 consideratione
1207 3892 1316 3949 ista
1344 3893 1686 3959 metiamur,
1717 3893 1856 3948 huic
1892 3892 1994 3948 ali-

333 3981 691 4053 quantulum
722 3979 990 4036 sufﬁcere
1021 3979 1228 4037 debuit
1257 3981 1631 4046 erubescere,
1665 3987 1739 4048 et,
1769 3987 1834 4037 ut
1867 3982 1994 4054 plu-

329 4071 553 4126 rimum
581 4070 884 4126 invitantis
916 4069 1246 4141 indignatio
1271 4071 1742 4144 protenderetur,
1761 4076 1992 4128 vestem

331 4162 564 4216 mutare
590 4159 882 4232 compelli.
913 4161 981 4216 Et
1009 4164 1210 4216 tamen
1241 4160 1468 4216 dictum
1498 4163 1584 4215 est
1610 4176 1622 4215 :
1651 4161 1862 4231 Ligate
1897 4161 1998 4217 illi

331 4265 547 4305 manus
577 4255 631 4305 et
655 4250 852 4318 pedes,
885 4254 938 4305 et
975 4249 1256 4318 projicite
1302 4265 1434 4306 eum
1486 4251 1546 4304 in
1591 4250 1862 4306 tenebras
1894 4266 1991 4307 etc-

2097 3087 2445 3158 indignatur
2471 3087 2767 3157 ingestam
2786 3089 2814 3143 ?
2841 3085 2946 3141 ubi
2963 3090 3282 3141 venturum
3313 3097 3376 3139 se
3397 3083 3683 3139 Dominus
3705 3083 3762 3138 et

2100 3177 2177 3233 ad
2209 3175 2508 3232 sinistram
2538 3173 2751 3249 positis
2778 3174 3054 3243 gentibus
3102 3172 3367 3229 minatur
3395 3189 3529 3229 esse
3568 3171 3760 3228 dictu-

2097 3279 2233 3319 rum
2255 3281 2267 3318 :
2292 3267 2381 3320 Ite
2399 3265 2462 3318 in
2485 3264 2678 3335 ignem
2703 3269 3011 3327 wternum,
3031 3265 3136 3334 qui
3146 3268 3402 3332 paratus
3418 3267 3502 3317 est
3523 3259 3760 3317 diabolo

2099 3359 2154 3410 et
2185 3355 2416 3426 angelis
2437 3357 2563 3423 ejus
2585 3354 2826 3423 (Matth.
2851 3369 2986 3423 xxv,
3013 3356 3103 3423 41,
3122 3353 3231 3424 42).
3252 3352 3436 3423 Hujus
3453 3351 3599 3408 tanti
3623 3365 3762 3424 sup-

2099 3444 2258 3517 plicii
2288 3460 2489 3518 quaero
2522 3441 2627 3518 [al.
2657 3443 2902 3516 quaeris]
2951 3459 3218 3500 causam.
3248 3441 3510 3512 Esurivi,
3543 3439 3758 3515 inquit,

2100 3541 2156 3591 et
2198 3550 2316 3590 non
2350 3535 2593 3591 dedistis
2635 3533 2786 3590 mihi
2827 3533 3242 3605 manducare;
3280 3547 3416 3588 ecce
3462 3547 3574 3606 pro
3622 3545 3762 3588 esca

2101 3625 2417 3699 temporali
2462 3640 2582 3680 non
2624 3623 2846 3690 ablata,
2883 3622 2986 3679 sed
3040 3639 3162 3678 non
3214 3621 3357 3679 data
3387 3626 3678 3678 aeternum
3705 3622 3763 3676 et

2100 3715 2468 3771 horrendum
2519 3713 2880 3788 supplicium
2929 3714 3350 3784 comminatur,
3383 3716 3440 3768 et
3485 3716 3663 3775 recte,
3709 3709 3760 3765 si

2101 3806 2381 3861 consulas
2397 3804 3061 3875 veritatem.Perparum
3083 3802 3342 3858 estenim
3359 3802 3526 3872 quod
3540 3801 3598 3858 in
3613 3799 3761 3857 elec-

2102 3893 2371 3964 mosynis
2397 3892 2574 3946 datur
2599 3911 2611 3958 ;
2637 3892 2744 3946 sed
2773 3907 2914 3945 cum
2943 3890 3038 3961 pie
3071 3889 3266 3950 datur,
3300 3891 3590 3942 aeternum
3620 3887 3760 3942 inde

2101 3980 2382 4035 meritum
2413 3981 2830 4049 comparatur:
2868 3979 2924 4031 et
2960 3975 3095 4029 ideo
3121 3973 3339 4046 potius,
3369 3972 3512 4044 quia
3541 3988 3758 4046 parum

2102 4073 2190 4125 est
2219 4067 2386 4140 quod
2416 4065 2612 4131 datur,
2642 4077 2867 4134 magna
2887 4062 3191 4134 impietate
3211 4077 3336 4117 non
3363 4060 3561 4116 datur.
3594 4060 3758 4116 Unde

2100 4173 2223 4214 non
2254 4156 2473 4212 mirum
2503 4159 2590 4211 est
2619 4153 2783 4228 quod
2815 4155 2990 4209 tantm
3037 4150 3340 4219 sterilitati,
3374 4150 3537 4206 velut
3571 4147 3758 4206 infru-

2100 4253 2447 4304 ctuosarum
2479 4245 2785 4307 arborum,
2810 4243 2962 4314 ignis
2983 4239 3186 4297 aeterni
3216 4239 3576 4314 supplicium
3605 4253 3759 4312 prte-

332 4339 575 4396 teriores
595 4349 620 4410 ,'
643 4337 727 4393 ibi
754 4338 864 4393 erit
891 4339 1067 4407 ﬂet-us
1099 4343 1154 4393 et
1192 4339 1418 4394 stridor
1447 4338 1712 4395 dentium
1739 4339 1985 4426 (Matth.
2018 4373 2062 4429 ο
2101 4341 2365 4411 paratur.
2398 4336 2454 4391 Si
2486 4339 2684 4392 autem
2719 4332 2999 4390 consulas
3023 4328 3338 4429 hominem
3361 4333 3424 4386 ut
3448 4329 3521 4429 de
3543 4344 3653 4385 suo
3674 4342 3764 4384 re-

330 4445 469 4499 xxu,
503 4431 586 4495 12,
628 4430 730 4495 13).
765 4427 880 4483 Sed
909 4426 1074 4499 quod
1104 4426 1318 4482 dicitur
1344 4428 1472 4500 (al.,
1507 4428 1612 4483 sed
1651 4421 1835 4500 dicit),
1866 4445 1990 4484 non
2018 4420 2056 4429 ”
2103 4425 2416 4501 spondeat,
2450 4426 2556 4481 ubi
2582 4425 2678 4496 [al.
2714 4425 2841 4494 tibi]
2871 4423 3060 4478 omnis
3093 4421 3262 4476 homo
3308 4420 3592 4488 mendax,
3624 4431 3763 4473 con-

332 4517 528 4574 levem
549 4517 788 4588 culpam
817 4516 1114 4587 signiﬁcat
1134 4519 1360 4572 vestem
1389 4532 1512 4573 non
1534 4517 1821 4573 habuisse
1842 4535 1992 4591 nup-

332 4605 535 4663 tialem
564 4606 850 4680 quoniam
878 4605 990 4661 ista
1033 4621 1226 4679 parva
1254 4621 1618 4676 magnarum
1651 4606 1822 4676 signa
1853 4611 1994 4663 sunt

327 4711 554 4754 rerum.
589 4695 678 4753 Sic
722 4711 865 4765 ergo
905 4697 962 4751 et
991 4693 1285 4750 sacriﬁcia
1305 4694 1584 4763 visibilia,
1619 4711 1755 4751 cum
1787 4696 1901 4752 sint
1929 4695 1991 4752 in

331 4785 573 4842 terrenis
616 4785 799 4842 rebus
837 4784 1074 4855 exigua,
1108 4797 1490 4853 magnarum,
1526 4785 1817 4856 quoniam
1858 4787 1989 4859 (al.,

333 4872 406 4945 et)
435 4873 773 4930 divinarum
802 4872 976 4944 signa
1005 4874 1147 4927 sunt
1172 4885 1392 4937 rerum,
1425 4869 1485 4924 in
1517 4871 1738 4942 quibus
1765 4871 1869 4926 ﬁlii
1895 4873 1992 4929 Sa-

330 4962 585 5019 cerdotis
614 4975 676 5018 se
704 4961 870 5034 ipsos
904 4963 1041 5028 Deo,
1069 4960 1242 5030 cujus
1265 4958 1461 5015 honor
1489 4959 1548 5016 in
1583 4959 1884 5017 sacriﬁciis
1909 4964 1991 5018 at-

328 5051 607 5119 tenditur,
638 5049 1050 5125 praeferebant.
1086 5053 1214 5106 Non
1262 5053 1464 5107 autem
1509 5050 1602 5108 ille
1643 5051 1899 5108 conviva
1929 5067 1990 5106 se

324 5141 583 5215 praetulit
629 5156 874 5214 sponso,
916 5139 1022 5195 sed
1062 5143 1294 5196 tantum
1339 5155 1462 5197 non
1511 5142 1804 5212 congruit,
1846 5140 1991 5213 quia

323 5231 675 5305 nuptiarum
704 5231 835 5302 (al.,
865 5229 1216 5304 nuptialem)
1246 5230 1512 5286 tunicam
1551 5246 1674 5286 non
1703 5229 1984 5286 habebat.

324 5324 749 5378 Verumtamen
797 5320 949 5376 inter
972 5319 1136 5392 ipsas
1166 5335 1378 5392 pcenas
1409 5319 1630 5391 quibus
1667 5323 1988 5392 utrumque

324 5410 697 5468 vindicatum
746 5415 853 5481 est,
897 5409 993 5465 ille
1049 5409 1197 5481 quid
1245 5409 1424 5465 distet
1473 5407 1744 5467 advertit.
1777 5423 1988 5480 quam-

326 5517 445 5574 que
498 5498 1048 5573 incomparabiliter
1087 5498 1202 5554 ista
1249 5498 1414 5554 illam
1467 5497 1690 5568 vincat,
1719 5496 1989 5567 intelligit

327 5590 432 5662 qui
461 5588 875 5664 corporalibus
903 5591 959 5645 et
983 5586 1414 5660 temporalibus
1439 5585 1725 5660 spiritalia
1750 5591 1806 5644 et
1837 5603 1988 5643 sem-

328 5677 561 5751 piterna
590 5677 905 5762 praeponit.
937 5677 1160 5736 Verum
1207 5674 1355 5749 quid
1402 5691 1557 5748 opus
1606 5675 1680 5733 de
1719 5674 1988 5750 mysticis

2102 4516 2312 4572 temnit
2337 4515 2579 4588 culpam
2604 4517 2660 4569 et
2687 4515 3009 4580 exaggerat
3045 4523 3312 4583 pcenam,
3343 4507 3506 4563 illam
3537 4505 3761 4577 quippe

2102 4621 2226 4661 non
2250 4604 2414 4659 videt
2443 4607 2640 4658 mente
2672 4601 2918 4664 carnali,
2933 4599 3089 4655 hanc
3110 4594 3386 4653 exhorret
3407 4608 3583 4649 carne
3605 4608 3762 4648 mor-

2101 4691 2383 4749 tali.Talis
2415 4695 2504 4746 est
2526 4691 2636 4746 iste
2666 4689 2727 4744 in
2752 4689 3024 4744 omnium
3047 4683 3363 4741 hominum
3383 4682 3487 4755 qui
3502 4681 3762 4754 puniun-

2100 4787 2196 4836 tur
2209 4779 2305 4835 vel
2326 4778 2727 4850 corripiuntur
2757 4776 2817 4831 in
2840 4775 3027 4831 Veteri
3042 4775 3438 4840 Testamento,
3455 4771 3632 4841 longe
3653 4772 3764 4829 mi-

2099 4869 2350 4925 tioribus
2370 4883 2557 4942 quam
2586 4866 2864 4935 leguntur
2890 4863 2951 4919 in
2979 4861 3322 4935 Evangelio,
3346 4859 3762 4936 corporalibus

2098 4958 2312 5033 pcenis.
2362 4956 2534 5024 Quod
2591 4956 2753 5012 enim
2803 4953 3098 5010 diluvium
3147 4953 3486 5026 comparari
3526 4951 3760 5009 internis

2098 5047 2341 5120 ignibus
2389 5047 2634 5120 potest?
2663 5061 2798 5118 quae
2850 5043 3088 5100 caedes?
3116 5059 3252 5116 quae
3298 5043 3548 5100 vulnera
3567 5042 3596 5099 ?
3625 5057 3761 5115 qum

2098 5153 2420 5212 corporum
2450 5139 2669 5192 mortes
2709 5133 3072 5191 cruciatibus
3108 5133 3523 5206 sempiternis?
3550 5129 3763 5200 Viginti

2096 5233 2357 5302 quatuor
2405 5226 2591 5282 millia
2644 5224 2986 5282 cadentium
3036 5224 3235 5297 (Num.
3285 5240 3421 5291 xxv,
3466 5224 3544 5286 9),
3595 5221 3761 5273 tanto

2095 5319 2428 5375 buccarum
2459 5313 2726 5388 strepidu
2747 5313 2917 5370 inﬂat
2938 5314 3206 5380 insanus,
3231 5308 3406 5383 quasi
3432 5320 3556 5362 non
3582 5303 3762 5360 innu-

2097 5407 2409 5465 merabilia
2425 5405 2612 5462 millia
2629 5405 2896 5479 quotidie
2917 5404 3251 5461 moriantur
3266 5403 3387 5455 toto
3410 5395 3554 5453 orbe
3574 5398 3760 5451 terra-

2095 5513 2252 5565 rum,
2287 5497 2392 5554 sed
2422 5496 2765 5553 transitoria
2811 5495 2924 5551 ista
2971 5491 3236 5565 corporis
3273 5489 3379 5560 [al.
3414 5485 3762 5557 corporum)

2097 5601 2262 5641 mors
2291 5589 2400 5642 est.
2415 5584 2556 5649 Quis
2571 5600 2714 5641 vero
2736 5582 3033 5639 aestimare
3055 5576 3245 5652 possit
3272 5579 3415 5649 quot
3434 5571 3618 5629 millia
3639 5573 3759 5625 sta-

2102 5673 2255 5732 bunt
2274 5673 2355 5734 ad
2378 5673 2680 5734 sinistram
2692 5687 2760 5731 ex
2781 5669 3064 5728 omnibus
3081 5665 3521 5738 gentibus,quae
3537 5657 3760 5731 sempi-
