4116 6186
350 167 502 223 1151

1419 161 1475 213 S.
1518 149 1887 212 PRUDENTII
1927 145 2305 206 TRECENSIS
2345 153 2680 212 EPISCOPI.

3647 156 3786 214 “52

347 287 531 348 ternis
573 283 925 344 damnanda
956 286 1094 338 sunt
1116 281 1400 353 ignibus?
1441 283 1546 338 Eat
1567 279 1676 336 iste
1703 280 1761 333 et
1788 272 2006 330 clamet
2035 277 2081 325 A
2122 274 2444 333 mandatur
2499 277 2598 334 Dei
2651 277 2910 345 bonitas,
2971 281 3029 334 et
3090 277 3425 336 econtrario
3469 277 3546 334 de
3594 281 3789 342 Novo,

348 393 450 436 are
493 379 719 450 aperto,
753 375 810 428 et
852 370 1041 427 oculis
1092 370 1332 437 clausis,
1359 369 1532 443 quasi
1578 367 1888 424 confessus
1936 359 2011 417 sit

351 471 505 525 Deus
527 478 700 519 suam
717 458 1148 528 crudelitatem,
1163 459 1309 532 quia
1328 459 1472 516 dicit
1491 474 1598 532 per
1611 455 1970 530 prophetam
1991 473 2005 510 :

351 558 666 613 Exue-itam
695 549 846 605 sicut
877 548 1100 619 fulgur
1125 549 1402 620 gladium
1449 563 1664 616 meum,
1704 541 2010 600 inebriabo

349 643 600 714 sagittas
631 653 792 696 meas
819 637 1132 708 sanguine,
1156 644 1210 694 et
1233 638 1474 710 gladius
1494 651 1657 694 meus
1687 632 2016 690 manduca-

349 734 430 790 bit
462 744 673 788 carnes
703 728 777 784 de
803 728 1098 798 sanguine
1117 728 1577 785 vulneratorum
1599 727 1802 796 (Deut.
1826 735 2010 789 xxxii,
2051 782 2054 785 _

345 822 438 892 41,
471 818 582 890 42).
609 819 690 873 De
710 816 934 890 quibus
962 815 1158 873 verbis
1184 816 1267 872 sic
1296 815 1405 872 iste
1435 816 1680 872 accusat
1707 812 1894 868 Deum
1914 823 2012 864 ve-

347 911 436 966 lut
499 921 736 979 semper
795 905 1135 962 humanum
1194 904 1553 975 sanguinem
1617 901 2010 972 esurientem;

346 996 521 1072 quasi
548 995 796 1052 dixerit:
851 994 1164 1052 inebriabo
1204 1010 1300 1050 me
1333 992 1647 1062 sanguine,
1679 994 1734 1046 et
1762 985 2016 1044 mandu-

349 1088 500 1147 cabo
518 1101 730 1143 carnes
761 1086 836 1142 de
868 1086 1162 1156 sanguine
1183 1084 1657 1140 vulneratorum.
1684 1079 1798 1138 Sed
1819 1092 2014 1152 quan-

347 1178 623 1238 tumlibet
671 1177 830 1234 hanc
886 1176 1095 1233 utilem
1154 1174 1254 1231 Dei
1299 1173 1838 1230 eomminationem
1883 1173 2012 1224 tan-

349 1284 535 1343 quam
579 1265 860 1322 facinoris
909 1265 1176 1331 avidam,
1210 1267 1286 1331 et,
1319 1266 1384 1318 ut
1421 1261 1581 1329 dicit,
1616 1260 1676 1316 in
1730 1257 1858 1314 sola
1888 1272 2016 1312 cru-

351 1357 589 1415 delitate
629 1354 803 1412 malis
863 1353 1284 1410 tantummodo
1331 1350 1709 1421 gloriantem,
1738 1362 1930 1403 vanus
1961 1349 2019 1402 et

350 1462 608 1504 vesanus
630 1445 961 1501 exhorreat.
978 1442 1132 1508 Quid
1161 1445 1264 1498 aut
1284 1444 1584 1514 quantum
1609 1438 1782 1504 valet,
1816 1434 2015 1492 verbis

353 1540 705 1609 comparata
729 1533 980 1590 dicentis
1007 1551 1018 1589 :
1053 1532 1350 1588 Discedite
1387 1546 1424 1586 a
1454 1545 1563 1596 me,
1598 1526 1922 1593 maledicti,
1953 1526 2015 1580 in

2119 366 2341 439 quibus
2381 369 2466 426 ibi
2494 369 2954 426 commendatur
2979 369 3083 425 Dei
3115 369 3403 426 severitas
3431 389 3444 439 ;
3481 374 3540 427 et
3567 370 3795 429 clamet

2119 456 2451 516 invidiosus
2476 463 2657 534 atque
2685 476 3054 517 venenosus:
3084 463 3227 517 Ecce
3257 461 3363 534 qui
3403 464 3558 518 Deus
3591 462 3794 520 colen-

2119 546 2236 603 dus
2289 552 2396 617 est,
2439 550 2776 606 misericors
2823 555 2878 606 et
2926 550 3267 620 miserator,
3311 551 3675 621 longanimis
3736 559 3794 608 et

2119 638 2325 694 multae
2353 639 2812 696 misericordiae:
2863 640 2968 710 qui
3011 654 3130 694 non
3162 640 3223 694 in
3253 640 3434 708 ﬁnem
3464 641 3795 711 irascetur,

2121 741 2228 783 nec
2251 728 2314 783 in
2345 733 2629 784 azternum
2660 727 3117 799 indignabitur:
3168 729 3273 800 qui
3308 744 3430 785 non
3459 730 3796 787 secundum

2114 821 2366 884 peccata
2412 822 2620 873 nostra
2670 818 2824 886 facit
2873 816 3060 886 nobis,
3092 831 3280 888 neque
3319 819 3649 875 secundum
3678 821 3800 876 ini-

2123 906 2379 976 quitates
2409 912 2646 962 nostras
2680 905 2957 963 retribuit
2987 905 3153 961 nobis
3177 921 3199 976 ,·
3237 906 3340 962 sed
3368 914 3666 979 quantum
3696 911 3796 965 di-

2122 998 2239 1050 stat
2267 995 2462 1050 oriens
2511 995 2587 1051 ab
2633 995 2953 1065 occidente,
2985 995 3158 1066 longe
3197 995 3353 1064 facit
3392 996 3526 1065 [at.,
3557 998 3729 1069 fecit]
3755 1013 3794 1055 a

2124 1083 2289 1139 nobis
2317 1090 2563 1154 peccata
2591 1091 2817 1147 nostra,
2849 1085 2954 1156 qui
2976 1086 3127 1140 sicut
3156 1086 3482 1141 miseratur
3501 1093 3685 1156 pater
3714 1091 3792 1157 ﬁ-

2127 1172 2255 1239 lios,
2287 1175 2372 1229 sic
2401 1175 2714 1230 miseratus
2743 1174 3009 1230 timentes
3038 1189 3098 1229 se
3117 1173 3307 1244 (Psal.
3341 1189 3435 1244 cu,
3471 1175 3642 1246 8-18).
3677 1178 3792 1241 Qui

2124 1261 2299 1318 dicit:
2333 1262 2488 1318 Nolo
2537 1267 2783 1318 mortem
2831 1263 3002 1332 impii
3046 1262 3167 1333 [al.,
3192 1264 3574 1335 peccatoris],
3603 1281 3791 1336 quan-

2126 1357 2249 1408 tum
2298 1358 2363 1407 ut
2411 1358 2750 1409 revertatur
2776 1351 2900 1422 [al.,
2932 1357 3164 1408 tantum
3196 1359 3262 1408 ut
3293 1356 3704 1426 convertatur]
3735 1363 3790 1412 et

2126 1442 2284 1498 vivat
2317 1442 2553 1512 (Ezech.
2585 1457 2748 1512 xvm,
2775 1444 2887 1513 23).
2924 1445 3050 1498 Non
3074 1441 3169 1497 ille
3186 1442 3291 1514 qui
3321 1448 3573 1518 propter
3599 1445 3792 1501 lucro-

2125 1548 2260 1588 rum
2291 1532 2605 1588 avaritiam
2635 1531 2816 1588 etiam
2847 1548 2983 1588 eum
3016 1548 3261 1588 servum
3299 1533 3410 1606 qui
3439 1551 3562 1591 non
3593 1535 3792 1607 perdi-

351 1629 549 1698 ignem
579 1631 869 1681 (eternum
894 1623 998 1694 qui
1023 1627 1276 1692 paratus
1322 1628 1403 1676 est
1436 1618 1674 1674 diabolo
1705 1623 1759 1674 et
1785 1615 2016 1686 angelis
2047 1627 2086 1682 Β
2124 1621 2212 1678 dit
2241 1621 2528 1678 talentum
2557 1621 2722 1695 quod
2752 1627 3086 1695 acceperat,
3106 1623 3212 1678 sed
3236 1626 3472 1680 tantum
3501 1627 3645 1696 quia
3663 1641 3787 1680 non

355 1717 484 1784 ejus
512 1713 758 1782 (Matth.
789 1728 930 1782 xxv,
963 1712 1074 1782 41).
1108 1709 1194 1765 Ibi
1250 1724 1372 1765 non
1426 1706 1717 1778 sanguine
1769 1703 2018 1760 inebria-

2127 1709 2386 1782 amplius
2415 1710 2752 1783 acquisivit,
2775 1710 2972 1781 ligatis
2991 1710 3274 1767 manibus
3303 1715 3360 1768 et
3377 1712 3633 1786 pedibus
3651 1729 3788 1785 pro-

353 1803 582 1862 buntur
646 1801 894 1871 sagittae,
955 1801 1056 1856 sed
1116 1815 1236 1854 non
1295 1797 1672 1854 satiabuntur
1728 1793 2018 1850 membris
2120 1799 2388 1870 jecturus
2421 1799 2493 1854 sit
2518 1799 2879 1870 [al.,projici
2903 1799 3106 1870 jussit]
3138 1799 3200 1856 in
3231 1800 3499 1856 tenebras
3531 1803 3776 1856 exterio-

355 1891 640 1949 omnibus
675 1890 972 1956 ﬂammae;
1024 1904 1135 1944 nec
1175 1903 1388 1943 carnes
1421 1885 1655 1956 gladius
1684 1883 2020 1940 manduca-

354 1981 458 2049 bit,
492 1995 741 2036 sensum
771 1977 997 2033 doloris
1039 1976 1208 2032 citius
1239 1975 1517 2032 auferens
1548 1972 1801 2030 mortuis
1832 1987 2019 2044 quam

355 2068 614 2125 inferens
643 2066 1002 2134 vulneratis;
1049 2065 1155 2121 sed
1203 2080 1383 2120 nemo
1415 2062 1776 2119 cruciatibus
1808 2059 2022 2116 saltem

355 2156 671 2214 moriendo
703 2156 1092 2222 subtrahitur,
1123 2170 1198 2211 ne
1227 2154 1290 2210 in
1320 2153 1611 2209 moriente
1642 2149 1821 2206 simul
1841 2148 2020 2205 etiam

354 2247 489 2320 ipsa
514 2260 697 2318 pmna
719 2243 1029 2302 moriatur.
1061 2244 1176 2299 Cur
1205 2258 1328 2299 non
1358 2241 1456 2298 hic
1486 2239 1664 2297 dicit:
1701 2237 2024 2295 colendum

356 2351 431 2392 ne
473 2335 676 2403 istum,
710 2350 789 2391 an
816 2333 1017 2408 potius
1070 2331 1506 2390 exsecrandum
1549 2328 2025 2399 fugiendumque

360 2440 492 2481 esse
525 2423 840 2480 dicemus?
868 2427 959 2478 An
1001 2421 1166 2478 timet
1202 2421 1277 2476 de
1303 2420 1532 2476 Christo
1561 2419 1673 2474 ista
1701 2417 1918 2486 dicere,
1949 2431 2025 2471 ne

357 2512 546 2586 ipsius
598 2511 752 2576 ignis
809 2509 1013 2566 aeterni
1066 2509 1436 2582 supplicium
1477 2523 1601 2563 non
1631 2505 1867 2575 evadat,
1899 2520 2022 2578 quo

356 2601 453 2657 ille
508 2600 728 2670 impios
770 2601 1073 2671 praeparat
1123 2598 1400 2653 mittere?
1442 2599 1508 2652 Et
1552 2596 1790 2666 ignorat
1845 2593 2027 2650 miser

358 2689 487 2746 haec
529 2686 786 2743 dicendo
815 2687 890 2742 de
921 2689 1040 2743 Deo
1072 2686 1529 2760 prophetarum,
1561 2685 1638 2740 de
1676 2684 1807 2757 ipso
1853 2700 1917 2739 se
1946 2682 2029 2739 di-

360 2793 491 2833 cere
513 2774 687 2846 cujus
718 2779 841 2832 tam
868 2772 1243 2831 tremendam
1275 2772 1645 2830 severitatem
1669 2771 1730 2828 in
1756 2774 2024 2844 Evange-

360 2867 441 2924 lio
465 2863 750 2923 formidat
780 2863 1103 2921 offendere.

433 2954 835 3028 Reprehendit
857 2954 1036 3011 etiam
1056 2953 1223 3028 quod
1239 2969 1454 3026 poenas
1483 2951 1830 3025 impiorum,
1849 2951 2026 3023 signi-
2051 2978 2093 3034 ο

359 3047 570 3104 ﬁcatas
589 3060 697 3119 per
717 3060 894 3103 uvam
919 3045 1110 3116 fellis,
1142 3049 1198 3102 et
1227 3043 1461 3100 botrum
1491 3042 1938 3110 amaritudinis,
1969 3048 2022 3098 et

357 3137 626 3207 furorem
649 3135 982 3193 draconum
995 3140 1175 3206 atque
1190 3133 1773 3204 aspidum,collectas
1789 3131 1930 3188 dicit
1945 3146 2026 3188 es-

366 3241 426 3282 se
449 3226 606 3282 Deus
631 3224 798 3293 apud
825 3239 903 3293 se,
923 3229 980 3281 et
1003 3224 1274 3294 signatas
1306 3223 1368 3278 in
1403 3222 1700 3278 thesauris
1729 3222 1872 3288 suis,
1894 3220 2028 3277 red-

363 3312 587 3369 dendas
617 3315 680 3369 in
713 3319 994 3384 tempore,
1027 3328 1162 3368 cum
1207 3312 1409 3381 lapsus
1456 3310 1644 3380 fuerit
1689 3325 1792 3380 pes
1823 3325 2027 3366 eorum

363 3405 534 3459 Deut.
577 3417 763 3470 xxxu,
809 3405 897 3468 32,
931 3405 1020 3467 33,
1053 3403 1184 3468 3i);
1230 3399 1519 3470 ignorans
1569 3400 1881 3457 thesauros
1931 3397 2028 3454 hic

364 3489 696 3562 appellatos
725 3487 991 3543 occultas
1041 3487 1468 3558 dispositiones
1500 3487 1600 3542 Dei
1629 3487 1734 3559 qui
1765 3486 2029 3560 disponit

364 3578 614 3636 reddere
635 3576 955 3646 unicuique
981 3575 1306 3631 secundum
1336 3591 1516 3644 opera
1540 3579 1668 3645 ejus
1694 3577 1827 3646 (1b.,
1843 3593 1894 3632 c.
1918 3577 2026 3648 t7).

367 3668 534 3724 Unde
577 3663 900 3736 Apostolus
943 3663 1086 3718 dicit
1113 3681 1125 3719 :
1163 3666 1248 3719 Tu
1278 3667 1475 3720 autem
1505 3664 1836 3721 secundum
1865 3665 2032 3721 duri-

367 3756 513 3812 tiam
553 3753 748 3810 cordis
779 3753 872 3808 tui
895 3759 949 3809 et
991 3768 1096 3810 cor
1119 3753 1495 3824 impaznitens
1523 3754 1896 3811 thesaurizas
1923 3753 2035 3810 tibi

365 3847 519 3902 iram
543 3846 605 3901 in
635 3844 730 3901 die
749 3844 859 3900 irae
880 3848 936 3900 et
953 3843 1334 3900 reuelationis
1353 3845 1515 3914 justi
1529 3845 1757 3914 jzulzcii
1773 3845 1904 3916 Dei,
1925 3843 2036 3916 qui

365 3934 569 3992 reddet
617 3934 937 4006 unicuique
974 3934 1301 3990 secundum
1349 3949 1533 4004 opera
1579 3936 1711 4004 ejus
1740 3934 1928 4004 (Rom.
1965 3949 2025 3996 ιι,

368 4029 420 4094 5,
453 4025 527 4096 6).
558 4023 735 4097 Apud
763 4039 947 4097 quem
989 4022 1148 4080 enim
1199 4023 1311 4080 sibi
1355 4024 1720 4081 thesaurizat
1745 4023 1898 4082 iram
1927 4040 2031 4081 cor

365 4113 766 4186 impmnitens,
797 4113 911 4168 nisi
939 4113 1103 4186 apud
1134 4129 1273 4169 eum
1320 4112 1424 4185 qui
1474 4113 1639 4168 vivos
1671 4117 1760 4170 est
1801 4114 2032 4186 judica-

366 4205 535 4260 turus
565 4203 624 4256 et
644 4203 914 4258 mortuos
935 4202 962 4257 ?
994 4205 1192 4274 Neque
1221 4200 1381 4257 enim
1429 4201 1706 4258 nesciunt
1735 4201 1915 4258 etiam
1946 4201 2030 4258 illi

2127 1905 2242 1955 res,
2270 1889 2376 1944 ubi
2413 1893 2575 1945 esset
2621 1890 2672 1943 ei
2722 1888 2896 1946 ﬂetus
2927 1892 2984 1946 et
3007 1889 3226 1946 stridor
3249 1889 3504 1946 dentium
3529 1890 3767 1960 (Matth.

2132 1994 2267 2044 χχιι,
2304 1979 2412 2049 12),
2446 1981 2502 2034 et
2529 1977 2634 2050 qui
2665 1977 2976 2035 hominem
3029 1993 3152 2034 non
3206 1977 3524 2034 habentem
3548 1983 3779 2034 vestem

2133 2066 2463 2139 nuptialem
2492 2065 2567 2121 de
2599 2065 2872 2123 convivio
2921 2081 3031 2122 suo
3071 2065 3222 2138 tollit
3249 2069 3305 2122 et
3346 2065 3610 2121 similiter
3657 2066 3787 2121 alli-

2132 2161 2340 2226 gatum
2369 2154 2548 2211 simili
2603 2155 2903 2228 supplicio
2933 2155 3142 2227 punit;
3195 2159 3251 2212 et
3281 2155 3385 2228 qui
3414 2155 3797 2211 venientibus

2132 2243 2211 2301 ad
2241 2260 2304 2299 se
2333 2248 2391 2300 et
2417 2244 2800 2317 pulsantibus
2827 2247 2885 2300 et
2908 2243 3282 2300 dicentibus:
3315 2245 3586 2312 Domine,
3628 2246 3801 2314 aperi

2132 2332 2297 2390 nobis
2320 2349 2341 2388 :
2369 2333 2728 2407 respondet:
2763 2333 2897 2390 Non
2929 2347 3030 2388 vos
3061 2334 3202 2389 novi
3227 2333 3468 2404 (Matth.
3503 2349 3650 2398 xxv,
3683 2335 3798 2401 t2);

2133 2425 2365 2480 tantum
2401 2423 2548 2495 quia
2577 2421 2778 2479 oleum
2805 2437 3012 2479 secum
3041 2421 3210 2495 quod
3254 2421 3646 2479 infunderent
3675 2423 3798 2478 suis

2132 2511 2540 2584 lampadibus,
2570 2526 2694 2568 non
2724 2511 3022 2580 tulerunt;
3071 2515 3129 2568 et
3177 2511 3281 2584 qui
3329 2515 3578 2584 propter
3608 2526 3802 2568 unum

2133 2599 2635 2657 contumeliosum
2658 2599 2912 2656 verbum
2939 2600 3116 2657 mittit
3136 2601 3197 2656 in
3220 2600 3585 2670 gehennam,
3621 2604 3679 2658 et
3699 2601 3800 2673 qui

2133 2704 2244 2762 pro
2265 2689 2579 2762 temporali
2601 2685 2737 2745 cibo
2758 2704 2883 2746 non
2909 2693 3176 2762 accepto,
3200 2689 3337 2759 igne
3365 2688 3620 2747 damnat
3639 2694 3800 2746 teter-

2134 2795 2214 2836 no
2243 2778 2482 2850 (Matth.
2517 2795 2575 2847 v,
2608 2783 2696 2846 22,
2730 2783 2888 2848 etc.).
2937 2781 3072 2834 Haec
3115 2783 3295 2852 atque
3346 2778 3698 2849 hujusmodi
3740 2780 3791 2834 si

2133 2868 2270 2942 quis
2317 2883 2546 2924 vesana
2601 2871 2803 2925 mente
2850 2867 3178 2938 sacrilegus
3235 2865 3376 2923 inde
3431 2866 3614 2938 lenia,
3653 2867 3791 2923 hinc

2137 2972 2352 3030 aspera
2381 2955 2637 3027 colligat,
2671 2972 2741 3013 ac
2771 2957 2822 3012 si
2842 2956 3122 3014 homines
3160 2959 3555 3030 utrarumque
3585 2956 3798 3012 littera-

2135 3061 2272 3102 rum
2296 3045 2604 3118 imperitos
2632 3061 2668 3102 a
2699 3044 2928 3103 Christo
2953 3049 3246 3118 tanquam
3276 3060 3437 3102 saevo
3484 3048 3540 3101 et
3570 3044 3799 3102 crudeli

2136 3133 2383 3186 conetur
2413 3133 2698 3198 avertere,
2732 3133 2789 3186 et
2817 3129 2897 3186 ad
2943 3132 3132 3186 Deum
3161 3129 3599 3202 prophetarum
3628 3130 3804 3185 mise-

2133 3217 2432 3275 ricordem
2460 3218 2787 3291 mitemque
2815 3222 3181 3287 convertere,
3213 3234 3415 3275 nonne
3446 3222 3504 3274 et
3524 3218 3668 3274 huic
3689 3218 3802 3292 ipsi

2134 3307 2240 3380 qui
2267 3307 2382 3364 hoc
2415 3306 2570 3374 facit,
2604 3307 2794 3363 Veteri
2822 3311 3219 3375 Testamento,
3251 3306 3418 3380 quod
3446 3306 3525 3362 ab
3550 3307 3801 3363 homine

2136 3395 2402 3454 similiter
2425 3396 2715 3468 sacrilego
2745 3401 2948 3470 posset
2970 3395 3098 3453 ﬁeri
3119 3399 3305 3465 Novo,
3326 3396 3604 3469 impurus
3622 3400 3804 3470 atque

2136 3484 2360 3558 impius
2389 3485 2747 3559 apparebit?
2791 3484 2904 3552 Qui
2955 3488 3158 3541 autem
3213 3489 3372 3542 recte
3420 3484 3560 3541 colit
3590 3485 3802 3553 Deum,

2137 3578 2194 3631 et
2237 3574 2502 3648 profecto
2552 3575 2866 3649 utriusque
2917 3575 3277 3632 Testamenti
3333 3574 3561 3631 invenit
3607 3591 3803 3630 unum

2139 3667 2345 3732 Deum,
2379 3668 2436 3720 et
2485 3663 2757 3736 ejusdem
2805 3665 2985 3721 unius
3043 3663 3143 3720 Dei
3197 3665 3258 3720 in
3315 3667 3570 3737 utroque
3611 3663 3809 3734 diligit

2134 3751 2486 3822 bonitatem,
2512 3753 2573 3808 in
2604 3756 2858 3827 utroque
2905 3753 3116 3810 metuit
3153 3753 3554 3822 severitatem,
3589 3753 3652 3809 in
3703 3752 3807 3810 illo

2136 3841 2469 3912 intelligens
2497 3842 2869 3915 promissum
2901 3841 3218 3912 Christum,
3250 3841 3313 3898 in
3351 3841 3464 3898 isto
3496 3841 3806 3916 accipiens

2135 3929 2438 3987 redditum
2483 3931 2802 3988 Christum.
2834 3934 3041 3988 Nonne
3094 3931 3177 3987 ibi
3227 3930 3396 4003 prius
3436 3930 3498 3986 in
3547 3929 3666 3987 illis
3708 3948 3810 3987 ve-

2135 4019 2360 4076 teribus
2388 4019 2554 4076 libris
2595 4019 2816 4077 lectum
2865 4024 2957 4075 est
3002 4034 3126 4076 non
3145 4017 3530 4076 reddendum
3572 4019 3806 4078 malum

2134 4124 2244 4181 pro
2275 4109 2456 4177 malo,
2486 4109 2588 4165 ubi
2629 4109 2991 4183 praecipitur,
3022 4113 3086 4165 ut
3115 4109 3164 4164 si
3188 4109 3535 4180 jumentum
3565 4109 3802 4165 inimici

2137 4196 2229 4251 sui
2259 4212 2456 4253 errare
2486 4196 2744 4270 quisque
2773 4197 3085 4265 invenerit,
3108 4202 3349 4254 revocet
3370 4196 3624 4254 Domino
3644 4198 3800 4269 ejus,

366 4293 594 4347 veteres
629 4288 766 4346 libri
794 4289 1142 4346 thesaurum
1171 4288 1633 4346 desiderabilem
1667 4290 1869 4357 (Prov.
1897 4305 2024 4361 xxi,
2054 4329 2099 4385 Β
2138 4289 2196 4341 et
2223 4284 2272 4340 si
2318 4284 2627 4341 cecidisset
2671 4285 2733 4342 in
2775 4286 2896 4354 via,
2929 4301 3052 4342 non
3083 4289 3477 4360 pertranseat,
3512 4285 3619 4341 sed
3648 4286 3806 4342 levet

366 4378 479 4450 20),
506 4377 582 4434 de
624 4393 748 4450 quo
793 4377 878 4434 ibi
917 4378 1208 4450 scriptum
1248 4382 1356 4444 est,
1387 4377 1548 4448 quod
1584 4379 1913 4449 requiescat
1962 4379 2026 4434 in

368 4482 470 4526 ore
496 4468 816 4543 sapientis:
866 4469 927 4525 Et
958 4466 1020 4523 in
1061 4465 1394 4523 Proverbiis
1437 4465 1666 4537 legitur,
1702 4467 1846 4539 quia
1877 4472 2026 4524 Deus

369 4558 733 4616 thesaurizat
763 4555 1150 4630 diligentibus
1174 4570 1237 4612 se
1268 4556 1542 4613 salutem.
1579 4558 1646 4612 Et
1676 4555 1860 4612 Isaias
1890 4571 2026 4629 pro-

365 4649 547 4722 pheta
572 4648 750 4706 dicit:
784 4651 856 4705 In
889 4647 1184 4706 thesauris
1229 4651 1313 4703 est
1360 4646 1526 4704 salus
1557 4653 1786 4717 nostra,
1824 4647 1910 4704 ibi
1936 4663 2029 4705 sa-

360 4739 594 4808 pientia
631 4744 686 4796 et
735 4738 1058 4816 disciplina
1089 4742 1142 4794 et
1180 4736 1374 4806 pictas
1405 4735 1486 4792 ad
1524 4736 1847 4794 Dominum
1885 4737 2026 4810 (Isa.

366 4841 576 4894 χχχιιι,
608 4829 682 4898 ϐ).
718 4827 787 4882 Hi
817 4831 957 4884 sunt
1002 4825 1266 4883 thesauri
1291 4825 1554 4897 justitiue,
1587 4825 1693 4882 sed
1717 4825 2029 4900 vaniloqui

371 4917 428 4970 et
472 4915 689 4970 mentis
735 4914 1078 4971 seductores
1134 4914 1519 4971 adversantes
1567 4914 1774 4970 litteris
1821 4916 2026 4988 sacris,

369 5017 526 5074 quas
555 5000 878 5070 intelligere
903 5001 1117 5075 nolunt
1145 5019 1157 5058 :
1189 5003 1417 5073 eligunt
1439 5019 1512 5058 ex
1541 5003 1626 5059 eis
1647 5019 1863 5077 aspera
1891 5020 2027 5076 quae

370 5088 454 5145 ibi
516 5087 815 5159 leguntur,
876 5089 957 5145 ad
1034 5091 1586 5147 commendandam
1657 5093 2029 5148 severitatem

371 5178 494 5251 Dei,
526 5177 680 5235 etde
706 5176 913 5234 litteris
946 5177 1315 5249 Evangelicis
1372 5184 1553 5252 atque
1578 5179 1922 5253 apostolicis
1946 5179 2029 5236 le-

368 5267 470 5325 via
496 5285 634 5342 quae
679 5266 762 5324 ibi
788 5265 1068 5338 leguntur
1097 5265 1174 5322 ad
1216 5268 1766 5324 commendandam
1797 5267 2032 5325 bonita-

371 5361 492 5416 tem
524 5358 645 5426 Dei,
674 5360 732 5414 et
780 5356 946 5428 apud
993 5353 1272 5411 homines
1319 5356 1627 5428 imperitos
1674 5356 1814 5412 hinc
1864 5356 2031 5426 inge-

369 5449 512 5504 runt
536 5443 1016 5516 horrorem,inde
1037 5447 1313 5517 quaerunt
1341 5442 1640 5509 favorem;
1673 5445 1847 5516 quasi
1875 5444 2032 5501 difﬁ-

372 5535 480 5594 cile
521 5535 596 5592 sit
637 5537 704 5592 ut
746 5533 1071 5608 quisquam
1118 5530 1384 5588 similiter
1427 5531 1821 5606 blasphemus
1851 5538 2030 5608 atque

368 5626 591 5701 impius
639 5640 712 5684 eo
765 5623 951 5683 modo
999 5622 1343 5684 adversetur
1399 5626 1563 5680 Novo
1629 5626 2022 5694 Testamento,

373 5731 494 5787 quo
525 5717 630 5774 iste
653 5716 866 5787 Veteri,
900 5730 1154 5790 carpens
1187 5714 1260 5770 de
1291 5715 1479 5773 Veteri
1508 5715 1729 5788 quibus
1758 5715 1838 5774 ibi
1861 5733 2025 5776 com-

2136 4391 2276 4432 cum
2324 4374 2468 4442 illo?
2497 4375 2714 4444 (Exod.
2745 4392 2914 4445 χχιιι,
2942 4380 2998 4444 5)
3028 4379 3235 4433 Nonne
3282 4375 3361 4432 ibi
3410 4376 3580 4448 prius
3614 4376 3802 4449 scrip-

2135 4467 2264 4522 tum
2295 4468 2385 4521 est
2409 4463 2576 4537 quod
2602 4463 2919 4538 Apostolus
2950 4464 3156 4537 ponit:
3204 4466 3272 4522 Si
3307 4466 3496 4522 esurit
3525 4466 3802 4522 inimicus

2136 4559 2297 4624 tuus,
2329 4555 2460 4611 ciba
2490 4555 2666 4610 illum
2696 4565 2715 4623 ;
2745 4555 2797 4610 si
2818 4555 2963 4624 sitit,
2985 4560 3193 4626 potum
3221 4556 3300 4612 da
3320 4555 3464 4611 illi?
3485 4556 3674 4624 (Rom.
3698 4571 3797 4622 xu,

2134 4645 2204 4700 20
2229 4662 2241 4713 ;
2273 4645 2456 4701 Prov.
2489 4661 2619 4713 xxv,
2649 4644 2765 4717 21.)
2794 4647 3000 4702 Nonne
3024 4644 3105 4701 ibi
3134 4643 3302 4718 prius
3331 4645 3519 4701 homo
3550 4645 3651 4701 Dei
3680 4647 3794 4699 Deo

2135 4751 2246 4792 suo
2293 4734 2459 4808 quod
2513 4733 2566 4791 ci
2608 4735 2814 4808 utique
2861 4734 2970 4792 scit
3023 4733 3260 4808 placere
3307 4734 3484 4791 dicit:
3554 4734 3799 4791 Domine

2133 4826 2292 4882 Deus
2316 4840 2501 4896 meus,
2532 4825 2584 4881 si
2605 4825 2731 4895 feci
2753 4824 2936 4895 istud,
2975 4825 3028 4880 si
3072 4829 3157 4879 est
3183 4824 3472 4896 iniquitas
3513 4825 3575 4880 in
3609 4824 3802 4880 mani-

2139 4914 2242 4970 bus
2286 4915 2448 4982 meis,
2497 4916 2551 4969 si
2595 4913 2834 4972 reddidi
2879 4913 3348 4970 retribuentibus
3399 4913 3550 4970 mihi
3591 4914 3806 4970 mala?

2137 5002 2322 5075 (Psal.
2357 5019 2456 5073 vu,
2486 5002 2566 5073 4.)
2599 5005 2804 5058 Nonne
2849 5001 2935 5058 ibi
2971 5001 3137 5076 prius
3173 5003 3462 5059 Jeremias
3505 5002 3810 5076 propheta

2137 5089 2419 5148 describit
2461 5091 2650 5147 sancti
2702 5091 3054 5164 patientiam
3100 5091 3425 5164 prtebentis
3470 5093 3809 5166 percutien-

2137 5181 2180 5237 ti
2227 5197 2288 5236 se
2337 5178 2690 5237 maxillam?
2737 5182 2986 5249 (Thren.
3021 5197 3101 5248 ιιι,
3135 5182 3249 5254 30.)
3281 5185 3488 5238 Nonne
3521 5180 3604 5236 ibi
3635 5182 3807 5254 prius

2138 5285 2244 5342 per
2309 5268 2495 5326 alium
2561 5269 2919 5343 prophetam
3002 5269 3348 5343 praecipitur
3416 5273 3479 5327 ut
3556 5269 3804 5326 malitire

2139 5359 2560 5433 unusquisque
2613 5358 2808 5415 fratris
2861 5358 2955 5415 sui
2984 5374 3108 5415 non
3150 5359 3801 5428 reminiscatur?(Lev.

2139 5465 2252 5516 χιιι,
2308 5451 2416 5520 18.)
2467 5449 2622 5515 Quid
2673 5452 2762 5506 est
2815 5463 2958 5519 ergo
3014 5448 3184 5522 quod
3244 5449 3350 5506 iste
3405 5448 3805 5522 blasphemus

2139 5537 2270 5593 haec
2335 5541 2625 5610 tanquam
2683 5538 2983 5595 contraria
3038 5539 3222 5595 Veteri
3279 5541 3658 5595 Testamento
3725 5538 3802 5594 de

2143 5630 2304 5683 Novo
2371 5625 2625 5698 colligit,
2693 5630 2797 5685 aut
2855 5631 3140 5700 utrasque
3206 5627 3426 5685 litteras
3492 5627 3799 5698 nesciens,

2139 5721 2241 5773 aut
2271 5719 2334 5772 ut
2362 5715 2620 5789 decipiat
2648 5716 2954 5788 imperitos
2986 5733 3046 5772 se
3092 5718 3240 5776 scire
3287 5715 3676 5774 dissimulans
3696 5719 3724 5771 '?
3752 5723 3801 5772 A
