4128 6200
308 191 444 246 M53

301 417 412 473 pro
442 400 628 470 malo,
651 401 754 474 qui
781 418 890 474 pro
917 401 1052 458 cibo
1072 418 1197 458 non
1220 409 1466 478 accepto
1485 406 1546 461 in
1569 406 1765 476 ignem
1789 402 1966 460 mittit

301 492 595 546 aeternum
635 491 870 562 (Matth.
903 507 1043 559 xxv,
1090 491 1202 563 42),
1247 493 1514 565 profecto
1545 493 1881 551 turbabitur
1909 495 1965 548 et

301 576 730 634 admonebitur
757 577 1308 651 incomparabiliter
1338 597 1466 638 esse
1498 582 1697 642 mitius
1723 581 1962 638 oculum

294 677 413 732 pro
445 663 638 729 oculo,
670 661 903 720 dentem
945 679 1058 734 pro
1088 664 1263 721 dente
1314 667 1533 724 (Exod.
1574 683 1695 736 2m,
1739 669 1831 734 24)
1859 665 1964 720 ho-

301 749 451 806 mini
479 749 732 823 auferre,
775 749 878 807 ubi
901 767 1186 810 mensura
1213 751 1491 810 vindictae
1533 754 1788 811 modum
1839 763 1964 810 non

303 839 512 895 transit
558 839 792 911 injuriae
840 841 996 911 (Lev.
1047 858 1207 907 xxxv,
1269 843 1353 911 l9,
1411 846 1504 914 20)
1555 860 1744 916 quam
1797 842 1963 916 quod

301 932 550 1002 propter
607 928 938 986 exhibitam
990 929 1430 988 humanitatem
1487 937 1716 989 tantam
1774 947 1966 1006 repre-

300 1016 567 1074 hendere
610 1017 979 1091 [rependere]
1029 1020 1427 1089 severitatem,
1482 1021 1587 1078 ubi
1628 1020 1965 1078 transitoria

303 1111 396 1164 est
424 1107 623 1180 culpa,
657 1111 716 1164 et
759 1107 947 1165 ﬁnem
996 1125 1120 1165 non
1173 1109 1359 1167 habet
1409 1127 1593 1184 paena
1626 1129 1638 1166 :
1673 1116 1852 1184 atque
1880 1111 1964 1167 ita

304 1197 512 1266 discet,
548 1197 596 1252 si
625 1196 908 1270 pervicax
951 1213 1074 1253 non
1123 1202 1231 1266 est,
1262 1199 1324 1255 in
1355 1204 1608 1274 utroque
1657 1201 1758 1257 Dei
1786 1201 1963 1256 unius

301 1289 698 1354 Testamento,
731 1289 788 1342 et
817 1286 1146 1344 amandam
1176 1287 1507 1346 bonitatem
1545 1293 1603 1346 et
1631 1289 1962 1346 timendam

305 1375 704 1432 severitatem.
765 1375 1052 1441 Quamvis
1083 1376 1244 1433 enim
1273 1377 1335 1434 in
1367 1378 1562 1435 Veteri
1588 1382 1961 1436 Testamento

303 1470 549 1540 propter
571 1466 997 1539 temporalium
1021 1466 1322 1525 bonorum
1350 1469 1814 1541 promissionem
1837 1486 1963 1527 ma-

301 1554 622 1628 lorumque
685 1554 1215 1614 comminationem
1264 1573 1464 1614 servos
1493 1558 1688 1631 pariat
1735 1563 1963 1632 tempo-

1247 194 1334 246 DE
1377 187 2036 249 PRAEDESTINATIONE
2077 189 2164 244 C0

305 327 424 385 quo
445 316 669 380 tamen,
702 313 751 368 si
779 316 1080 386 quaeratur
1107 317 1306 370 utrum
1340 330 1462 372 non
1491 315 1704 373 reddat
1732 314 1960 371 malum
1991 316 2038 369 Δ

2307 191 2352 243 Α
2391 191 2436 245 J.
2484 190 2702 248 SCOTII
2766 231 2780 249 .

2723 315 2948 373 CAPUT
2989 315 3072 370 XI.

2078 401 2243 469 Quod
2285 404 2492 460 divina
2537 403 3325 476 humanaqueiauctoritate
3353 407 3734 475 comprobari

2139 476 2327 543 possit
2353 491 2472 530 non
2493 490 2614 533 csse
2640 477 2753 533 Dei
2768 475 3379 546 praedestinationem,
3404 477 3522 532 nisi
3538 479 3611 534 de
3637 479 3731 536 his

2143 547 2250 616 qui
2267 548 2606 616 praeparati
2633 552 2775 602 sunt
2803 547 2884 602 ad
2909 551 3195 602 aeternam
3217 546 3594 615 felicitatem.

2143 635 2185 702 +
2219 633 2545 692 Undecimo
2574 638 2992 708 portentorum
3022 638 3264 692 tuorum
3293 639 3566 694 monstro
3597 635 3686 694 ais
3713 656 3726 694 :

2631 752 2883 794 JOANNES
2937 752 3162 793 SCOTUS.

2141 821 2310 894 (Cap.
2348 827 2427 891 Η,
2463 839 2632 880 num.
2672 825 2722 895 l,
2754 828 2895 882 sect.
2953 824 3025 892 1.)
3058 829 3097 878 9
3145 825 3313 892 Quod
3357 826 3568 884 divina
3623 827 3732 883 hu-

2072 924 2370 982 manaque
2397 914 2759 970 auctoritate
2789 913 3171 984 comprobari
3201 915 3387 983 possit
3439 931 3557 972 non
3612 931 3734 973 esse

2072 998 2183 1054 Dei
2225 1000 2832 1072 pi'wdestinationem,
2865 1003 2982 1059 nisi
3028 1003 3100 1060 de
3140 1003 3230 1060 his
3260 1003 3366 1076 qui
3394 1006 3736 1076 praeparati

2073 1092 2213 1143 sunt
2242 1088 2324 1144 ad
2351 1095 2635 1147 aeternam
2657 1090 3034 1160 felicitatem.

2751 1204 3059 1246 COIRECTIO

2144 1277 2184 1344 τ
2214 1275 2278 1331 In
2326 1291 2448 1348 quo
2499 1292 2638 1332 cum
2681 1276 2840 1336 dicta
2884 1276 3162 1350 replicas,
3210 1281 3376 1336 tuam
3425 1280 3724 1338 insaniam

2065 1363 2426 1422 manifestas
2455 1365 2543 1422 ais
2572 1366 2734 1422 enim
2768 1383 2779 1421 :

2641 1483 2878 1525 ιοΛΝΝεε
2933 1484 3154 1526 SCOTUS.

2142 1555 2343 1626 (Num.
2373 1557 2454 1627 2.)
2485 1561 2523 1609 Θ
2547 1557 2673 1612 Aut
2699 1557 2988 1628 quomodo
3023 1573 3061 1614 a
3091 1559 3344 1616 veritate
3381 1561 3728 1628 abhorreat,

3589 194 3727 253 1154

302 1643 449 1700 ralis
483 1642 886 1700 Hierusalem:
922 1643 983 1700 in
1015 1647 1178 1700 Novo
1209 1649 1432 1708 autem,
1464 1646 1570 1702 ubi
1597 1645 1747 1702 ﬁdes
1777 1647 1963 1720 impc-
1993 1671 2034 1726 Β
2073 1645 2126 1700 si
2170 1644 2412 1701 dicatur
2464 1661 2502 1702 a
2548 1647 2753 1716 simili,
2801 1648 3105 1717 praesciuit
3147 1649 3306 1704 Deus
3354 1651 3554 1706 omnia
3601 1665 3733 1720 quae

304 1737 400 1790 rat
427 1733 799 1800 charitatem,
831 1749 955 1806 qua
982 1732 1076 1790 lex
1105 1733 1297 1807 possit
1325 1733 1580 1807 impleri,
1611 1751 1736 1791 non
1766 1733 1962 1804 magis

303 1823 520 1880 timore
567 1837 764 1895 poenae
809 1838 993 1895 quam
1045 1821 1435 1880 delectatione
1465 1823 1593 1895 [al.,
1623 1823 1961 1894 dilectione]

295 1912 543 1985 justitite
571 1911 794 1968 liberos
823 1911 1018 1984 pariat
1045 1915 1270 1969 aeterna
1307 1913 1677 1971 Hierusalem
1717 1935 1728 1969 :
1758 1916 1960 1970 tamen

303 2006 364 2059 et
390 2001 504 2058 illis
533 2001 908 2074 temporibus
930 2001 1148 2058 fuerint
1161 2001 1306 2073 justi
1329 2002 1640 2075 spiritales,
1663 2019 1818 2076 quos
1838 2017 1961 2058 non

301 2089 618 2148 occidebat
657 2089 848 2147 littera
887 2090 1132 2162 jubens,
1185 2090 1292 2146 sed
1329 2090 1676 2148 viviﬁcabat
1721 2091 1961 2164 spiritus

297 2182 544 2253 juvans.
579 2182 744 2236 Unde
793 2183 850 2236 et
895 2179 1048 2236 ﬁdes
1096 2181 1330 2236 venturi
1379 2180 1594 2237 Christi
1647 2180 1964 2238 habitabat

301 2271 511 2344 utique
563 2271 625 2325 in
673 2269 1002 2342 prophetis,
1050 2273 1370 2326 venturum
1427 2269 1958 2342 pronuntiantibus

303 2359 644 2428 Christum;
677 2363 734 2415 et
763 2375 925 2415 nunc
955 2363 1095 2415 sunt
1121 2358 1365 2432 plurimi
1395 2359 1686 2426 carnales,
1717 2359 1822 2432 qui
1868 2359 1962 2415 vel

300 2449 561 2505 haereses
609 2447 855 2517 faciunt,
886 2463 1012 2504 non
1071 2446 1453 2519 intelligendo
1484 2447 1837 2521 Scripturas,
1868 2447 1962 2505 vel

302 2537 366 2592 in
395 2536 529 2609 ipsa
551 2535 859 2593 Catholica
887 2539 990 2592 aut
1020 2535 1219 2591 adhuc
1248 2535 1482 2609 parvuli
1511 2535 1662 2592 lacte
1692 2535 1962 2592 nutriun-

303 2630 424 2697 tur,
456 2631 560 2682 aut
590 2630 880 2698 tanquam
910 2624 1088 2698 palea
1116 2641 1511 2697 perseverans
1569 2625 1783 2681 futuris
1811 2625 1961 2697 igni-

305 2717 424 2772 bus
455 2719 887 2789 prseparantur.
911 2714 1070 2772 Sicut
1098 2718 1301 2772 autem
1332 2717 1486 2771 Deus
1515 2730 1672 2772 unus
1702 2721 1758 2772 et
1787 2731 1960 2772 verus

308 2811 540 2863 creator
565 2806 869 2862 bonorum
899 2809 1004 2874 est,
1037 2809 1094 2862 et
1137 2805 1558 2878 temporalium
1612 2810 1667 2863 et
1716 2809 1961 2863 aeterno-

303 2909 466 2962 rum,
500 2894 582 2951 ita
629 2894 789 2951 idem
836 2893 967 2967 ipse
1017 2898 1222 2951 auctor
1272 2899 1360 2952 est
1407 2893 1728 2952 amborum
1761 2894 1964 2952 Testa-

305 2987 675 3051 mentorum,
707 2982 848 3056 quia
895 2987 953 3040 et
1004 2986 1234 3040 Novum
1283 2985 1344 3040 in
1393 2985 1579 3040 Veteri
1629 2989 1718 3041 est
1745 2983 1963 3055 ﬁgura-

307 3077 461 3145 tum,
493 3078 550 3128 et
581 3075 756 3128 Vetus
783 3073 844 3129 in
875 3076 1040 3130 Novo
1086 3078 1173 3130 est
1219 3072 1568 3130 revelatum.
1609 3073 1962 3144 lgnoscendi

304 3167 512 3220 autem
541 3161 879 3220 misericors
908 3162 1336 3231 mansuetudo,
1371 3166 1613 3236 propter
1658 3178 1847 3235 quam
1876 3162 1965 3218 di-

307 3257 475 3308 ctum
502 3258 623 3309 est:
649 3256 778 3309 Non
809 3253 1006 3310 solum
1037 3253 1275 3326 septies,
1295 3251 1401 3309 sed
1423 3252 1602 3309 etiam
1623 3253 1965 3325 septuagies

311 3340 531 3413 septies
559 3341 721 3398 fratri
749 3341 1109 3400 remittenda
1128 3358 1257 3398 esse
1275 3345 1526 3416 peccata
1543 3341 1781 3414 (Matth.
1806 3358 1962 3412 xvm,

311 3431 405 3497 22)
437 3447 452 3486 :
483 3446 604 3487 non
633 3431 715 3488 ad
739 3431 858 3488 hoc
885 3430 1064 3501 valet,
1097 3434 1162 3488 ut
1193 3431 1268 3488 sit
1313 3430 1600 3503 iniquitas
1645 3430 1962 3504 impunita,

307 3526 414 3578 aut
445 3527 686 3594 torpens
735 3525 790 3578 et
837 3520 1146 3578 dormiens
1177 3519 1514 3594 disciplina,
1540 3519 1708 3594 quod
1763 3521 1964 3592 potius

307 3611 472 3668 obsit
499 3628 689 3685 quam
719 3610 974 3682 diligens
1021 3610 1398 3684 vigilansque
1438 3609 1724 3666 vindicta.
1759 3609 1967 3666 Claves

303 3701 535 3775 quippe
563 3700 732 3771 regni
762 3699 1050 3757 caelorum
1081 3699 1164 3756 sic
1193 3699 1360 3756 dedit
1380 3700 1648 3756 Christus
1670 3699 1964 3769 Ecclesiae,

305 3796 374 3847 ut
403 3807 528 3848 non
581 3791 778 3848 solum
821 3790 1080 3848 diceret:
1117 3792 1255 3859 Quae
1297 3791 1596 3846 solveritis
1645 3806 1825 3860 super
1853 3797 1967 3846 ter-

305 3898 462 3950 ram,
512 3883 710 3938 soluta
758 3887 934 3937 erunt
977 3889 1028 3937 et
1080 3881 1141 3936 in
1181 3882 1342 3936 caelis
1390 3879 1634 3948 (Matth.
1673 3896 1790 3941 xv1,
1842 3879 1964 3950 l9);

307 3972 417 4028 ubi
460 3971 833 4045 apertissime
879 3971 1134 4036 bonum,
1185 3986 1307 4026 non
1359 3968 1590 4025 malum
1639 3985 1749 4042 pro
1805 3967 1968 4024 malo

309 4060 506 4118 reddit
535 4059 828 4128 Ecclesia;
860 4075 1068 4116 verum
1097 4064 1153 4116 et
1183 4058 1540 4130 adjungeret
1575 4077 1586 4114 :
1624 4063 1767 4125 Quae
1821 4059 1967 4129 liga~

310 4152 518 4209 veritis
548 4152 612 4207 in
638 4157 824 4219 terra,
843 4158 1017 4208 erunt
1044 4150 1234 4221 ligata
1266 4156 1319 4206 et
1342 4150 1403 4204 in
1435 4149 1604 4220 coelo,
1634 4145 1778 4220 quia
1805 4148 1971 4204 bona

315 4246 408 4299 est
435 4245 494 4298 et
520 4240 870 4297 vindicandi
895 4240 1145 4312 justitia.
1180 4239 1331 4295 Illud
1362 4237 1521 4295 enim
1552 4236 1720 4311 quod
1750 4236 1831 4294 ait
1863 4253 1876 4292 ι
1908 4237 1975 4293 Si

315 4346 426 4388 nec
454 4331 786 4387 Ecclesiam
836 4330 1116 4391 audierit.
1143 4330 1216 4386 sit
1250 4330 1358 4385 tibi
1383 4335 1672 4400 tanquam
1703 4326 1972 4384 ethnicus

2067 1734 2349 1802 facturus
2378 1740 2542 1797 esset,
2576 1735 2819 1791 dicatur
2845 1752 2884 1792 a
2920 1739 3226 1793 contrario
3269 1738 3572 1807 prwscivit
3597 1753 3734 1810 quw

2070 1826 2349 1894 facturus
2375 1841 2494 1880 non
2524 1831 2667 1880 esset
2692 1841 2805 1894 pro
2850 1826 3096 1881 nescivit
3127 1841 3149 1881 :
3177 1828 3456 1883 similiter
3483 1828 3558 1884 de
3580 1842 3735 1898 pra:-

2072 1915 2467 1970 destinatione
2514 1915 2976 1984 intelligendum
3025 1930 3062 1971 a
3113 1916 3316 1983 simili,
3341 1917 3734 1984 praedestina-

2075 2003 2155 2060 vit
2178 2004 2358 2074 Deus,
2385 2018 2530 2074 quos
2553 2005 2924 2073 praeparavit
2954 2004 3037 2060 ad
3059 2019 3229 2060 suam
3259 2007 3591 2076 gratuitam
3634 2021 3733 2062 ac-

2073 2093 2433 2164 cipiendam,
2465 2108 2503 2148 a
2534 2093 2840 2149 contrario
2874 2094 3332 2163 prwdestinavit
3383 2095 3595 2165 impios
3651 2095 3735 2151 ad

2072 2183 2381 2239 interitum
2429 2184 2522 2239 vel
2570 2182 2934 2252 supplicium
2983 2189 3292 2254 aeternum,
3344 2200 3488 2257 quos
3531 2189 3731 2241 tamen

2072 2289 2191 2330 non
2213 2273 2690 2344 praedestinavit.

2738 2376 3058 2419 CORRECTIO.

2143 2453 2184 2522 -ι-
2216 2452 2259 2508 0
2291 2450 2604 2522 ingenium
2632 2450 2878 2508 venenis
2907 2449 3270 2523 infectum,o
3301 2466 3545 2508 sensum
3577 2467 3734 2508 erro-

2071 2556 2211 2596 rum
2240 2539 2503 2596 tenebris
2533 2538 3084 2613 incomparabiliter
3129 2539 3542 2612 obscuratum,
3574 2555 3731 2597 nun-

2075 2645 2265 2701 quam
2295 2629 2521 2701 quippe
2551 2628 2732 2684 etiam
2761 2627 3178 2684 haereticorum
3207 2628 3489 2700 quislibet
3517 2632 3654 2684 ante
3673 2633 3732 2684 te

2077 2717 2239 2774 hunc
2259 2716 2560 2774 nefarium
2579 2715 2942 2773 intellectum
2959 2716 3208 2772 admisit
3230 2735 3243 2772 :
3267 2715 3469 2774 nullus
3491 2715 3734 2774 catholi-

2081 2821 2290 2862 corum
2309 2805 2521 2862 saltem
2539 2809 2736 2862 mente
2757 2804 3050 2878 concepit,
3065 2809 3130 2862 ut
3153 2807 3342 2862 Deum
3367 2805 3519 2862 scire
3534 2821 3644 2879 pro
3660 2820 3732 2861 eo

2077 2894 2245 2968 quod
2273 2899 2362 2950 est
2390 2894 2638 2962 nescire,
2671 2898 2727 2949 et
2756 2893 3181 2965 praedestinare
3208 2910 3320 2966 pro
3350 2910 3421 2950 eo
3449 2894 3616 2966 quod
3644 2897 3734 2950 est

2078 2999 2203 3039 non
2234 2981 2680 3055 preedestinare,
2705 2985 2808 3037 aut
2834 2979 3246 3052 intelligerent,
3279 2987 3382 3038 aut
3408 2982 3734 3052 intelligen-

2079 3071 2227 3128 dum
2259 3070 2602 3127 suaderent.
2623 3072 2847 3142 Nempe
2878 3085 3089 3125 omnes
3111 3073 3454 3126 sanctarum
3473 3069 3733 3142 Scriptu-

2077 3177 2283 3217 rarum
2326 3157 2658 3215 ﬁdelissimi
2704 3161 2760 3214 et
2802 3157 3133 3213 doctissimi
3181 3161 3528 3215 tractatores
3580 3174 3732 3215 nun-

2079 3265 2263 3322 quam
2295 3265 2331 3305 a
2378 3250 2677 3304 contrario
2723 3249 2911 3302 Deum
2960 3246 3130 3319 scire,
3161 3246 3256 3303 vel
3303 3248 3732 3322 praedestinare

2076 3338 2239 3396 mala
2267 3335 2556 3410 quaelibet
2581 3336 2947 3393 docuerunt:
2974 3335 3080 3391 sed
3111 3335 3261 3392 sicut
3283 3352 3345 3392 se
3373 3335 3558 3393 habet
3584 3336 3734 3392 veri-

2076 3431 2168 3484 tas
2195 3425 2487 3497 lectionis,
2518 3426 2600 3482 ita
2629 3429 2694 3481 ut
2724 3428 2902 3482 sonat
2921 3424 3182 3497 seposito
3211 3425 3378 3481 omni
3407 3425 3734 3483 obscurita-

2077 3516 2149 3573 tis
2202 3514 2411 3571 nubilo
2464 3512 2916 3584 intelligendam
2970 3513 3262 3570 veraciter
3307 3512 3730 3587 praedicarunt.

2078 3607 2285 3678 Itaque
2317 3605 2366 3661 si
2396 3604 2732 3661 secundum
2765 3608 2888 3660 tam
2918 3603 3277 3676 pravitatem
3311 3603 3498 3676 (quod
3555 3602 3735 3670 absit)

2079 3694 2371 3768 accipitur
2400 3698 2466 3750 ut
2495 3694 2641 3749 scire
2672 3710 2780 3766 pro
2812 3693 3063 3763 nescire,
3087 3697 3144 3748 et
3171 3691 3601 3766 praedestinare
3625 3708 3735 3765 pro

2078 3801 2200 3840 non
2230 3783 2661 3856 praedestinare
2682 3781 3064 3852 intelligatur,
3083 3781 3232 3854 quid
3254 3781 3596 3846 absurdius,
3613 3781 3735 3838 imo

2077 3871 2435 3946 perversius,
2468 3871 2585 3926 dici
2631 3875 2815 3942 queat
2860 3885 2984 3925 non
3041 3869 3262 3924 video:
3296 3870 3505 3924 omnia
3551 3870 3735 3939 enim,

2079 3975 2454 4034 quiscunque
2505 3959 2565 4013 in
2608 3958 2847 4022 divinis,
2877 3957 2970 4012 vel
3012 3961 3251 4029 patrum
3282 3956 3487 4012 litteris
3518 3957 3739 4015 similia

2078 4049 2483 4124 proferuntur,
2503 4046 2700 4104 eidem
2728 4045 2981 4101 insaniae
3013 4044 3432 4116 subjacebunt.
3459 4045 3740 4103 Videlicet

2081 4144 2146 4195 ut
2166 4137 2642 4212 quotiescunque
2663 4134 2896 4205 legitur,
2912 4137 3066 4190 Deus
3095 4127 3310 4204 facere,
3325 4151 3545 4203 creare,
3565 4135 3736 4205 scire,

2082 4227 2378 4302 praescire,
2412 4224 2731 4293 destinare,
2763 4223 3214 4297 praedestinare,
3255 4224 3556 4296 ordinare,
3587 4241 3737 4298 prte-

2085 4317 2387 4386 ordinare,
2420 4315 2760 4388 disponere,
2793 4313 3104 4386 deputare,
3137 4312 3738 4383 delegare,decerne-

315 4425 369 4475 et
397 4419 763 4489 publicanus
795 4418 1037 4488 (Matth.
1060 4422 1222 4490 XVlll,
1261 4418 1364 4488 1'7),
1399 4380 1641 4487 grajvius
1671 4419 1760 4472 est
1785 4431 1973 4489 quam
2001 4380 2047 4435 Β
2084 4423 2168 4475 ΓΘ,
2203 4411 2482 4478 statuere,
2514 4404 2896 4475 constituere,
2926 4402 3434 4475 tradere,punire,
3461 4403 3735 4465 excitare,

322 4507 375 4562 si
398 4506 594 4576 gladio
623 4508 916 4578 feriretur,
937 4509 988 4564 si
1009 4508 1273 4564 ﬂammis
1292 4507 1735 4572 absumeretur,
1758 4505 1807 4560 si
1836 4504 1974 4561 feris

317 4595 723 4666 subrigeretur
770 4596 876 4672 [αι.
928 4597 1362 4669 subjiceretur].
1414 4599 1563 4652 Nam
1609 4594 1693 4650 ibi
1730 4609 1975 4667 quoque

312 4685 634 4758 subjunxit
666 4705 678 4743 :
711 4689 902 4745 Amen
951 4688 1083 4744 dico
1133 4687 1313 4754 vobis,
1363 4701 1498 4759 qua:
1541 4685 1870 4757 ligaveritis
1913 4685 1975 4740 in

315 4785 483 4835 terra
532 4785 708 4836 erunt
759 4780 948 4850 ligata
995 4783 1048 4835 et
1092 4778 1155 4833 in
1203 4777 1388 4835 caelis.
1439 4777 1507 4831 Ut
1551 4773 1978 4844 intelligeretur

314 4881 504 4940 quam
554 4867 797 4938 gravius
843 4866 918 4923 sit
965 4865 1234 4939 punitus,
1267 4864 1372 4939 qui
1412 4862 1575 4920 velut
1620 4861 1860 4920 relictus
1890 4866 1979 4920 est

311 4957 672 5030 impunitus.
707 4956 809 5013 Hic
851 4956 1012 5015 dicat
1052 4957 1161 5014 iste
1209 4955 1258 5012 si
1305 4954 1520 5028 placet,
1551 4951 1778 5010 Siccine
1806 4968 1977 5010 man-

313 5045 465 5103 data
492 5045 822 5104 Salvatoris
852 5046 1186 5120 accipimus
1211 5043 1480 5118 jubentis
1506 5043 1535 5100 ?
1564 5042 1796 5101 Nemini
1851 5042 1981 5099 red-

313 5134 589 5192 dideritis
643 5134 879 5193 malum
924 5151 1037 5210 pro
1067 5135 1270 5205 malo;
1304 5133 1429 5204 sed,
1463 5133 1516 5190 si
1545 5131 1682 5207 quis
1711 5148 1820 5190 vos
1850 5146 1978 5205 per-

311 5224 571 5282 cusserit
613 5225 677 5281 in
728 5239 914 5283 unam
959 5225 1282 5296 maxillam,
1313 5223 1572 5298 praebete
1601 5226 1659 5280 et
1687 5222 1975 5290 alteram;

313 5317 420 5371 et:
456 5313 738 5372 Dimittite
789 5313 1042 5386 injurias
1085 5313 1368 5372 fratribus
1423 5311 1654 5368 vestris.
1701 5311 1850 5366 Ecce
1898 5308 1978 5367 ab

313 5402 671 5461 hominibus
700 5418 826 5461 non
852 5403 1246 5462 reddentibus
1270 5401 1502 5460 malum
1525 5415 1636 5473 pro
1664 5397 1828 5455 malo
1856 5396 1980 5455 alli-

315 5496 498 5564 gatur
541 5493 728 5551 homo
774 5493 1042 5552 amarius
1073 5495 1131 5550 et
1157 5490 1450 5550 infelicius
1502 5486 1774 5545 Ecclesiae
1803 5485 1979 5544 clavi-

314 5579 438 5637 bus
485 5597 674 5655 quam
722 5580 1093 5655 quibuslibet
1140 5577 1510 5652 gravissimis
1539 5582 1597 5636 et
1640 5574 1976 5635 durissimis

319 5668 530 5731 ferreis
560 5670 655 5732 vel
685 5669 1092 5734 adamantinis
1119 5668 1393 5729 nexibus.

2085 4499 2392 4566 suscitare,
2425 4499 2792 4564 convertere,
2823 4495 3135 4562 damnare,
3188 4493 3614 4563 condemnare,
3649 4493 3742 4564 ju-

2085 4588 2306 4658 dicare,
2339 4585 2611 4659 perdere,
2642 4583 3012 4657 disperdere,
3045 4582 3285 4652 ducere,
3317 4581 3624 4650 inducere,
3655 4581 3743 4636 in-

2085 4675 2322 4745 durare,
2356 4673 2647 4739 occidere,
2691 4688 2928 4746 parare,
2959 4685 3319 4744 praeparare,
3357 4685 3394 4726 a
3443 4670 3741 4726 contrario

2084 4764 2452 4835 intelligatur
2483 4782 2494 4818 :
2529 4761 2803 4818 videlicet
2831 4775 2958 4816 non
2986 4761 3200 4830 facere,
3234 4775 3357 4815 non
3389 4773 3610 4828 creare,
3642 4775 3743 4816 ne-

2088 4853 2257 4922 scire,
2289 4868 2413 4910 non
2441 4850 2736 4925 praescire,
2766 4865 2890 4907 non
2919 4849 3240 4921 destinare,
3272 4864 3397 4905 non
3443 4848 3747 4921 praedesti-

2085 4959 2253 5012 nare,
2285 4957 2409 5000 non
2447 4941 2747 5009 ordinare,
2779 4955 2904 4997 non
2931 4938 3360 5013 praeordinare,
3391 4953 3518 4995 non
3546 4937 3746 5013 dispo-

2086 5049 2247 5104 nere,
2278 5047 2403 5089 non
2450 5031 2762 5104 deputare,
2793 5045 2918 5088 non
2972 5029 3270 5102 delegare,
3299 5045 3425 5087 non
3467 5028 3744 5088 decerne-

2085 5140 2170 5196 re,
2213 5138 2338 5180 non
2387 5124 2665 5190 statuere,
2717 5135 2842 5178 non
2890 5121 3270 5190 constituere,
3316 5136 3442 5178 non
3486 5120 3742 5189 tradere,

2085 5229 2210 5271 non
2242 5212 2475 5287 punire,
2505 5225 2632 5268 non
2662 5209 2942 5280 excitare,
2959 5224 3086 5267 non
3115 5211 3421 5273 suscitare,
3444 5225 3571 5266 non
3604 5225 3746 5266 con-

2085 5308 2334 5372 vertere,
2365 5317 2491 5359 non
2518 5300 2832 5370 damnare,
2863 5317 2988 5359 non
3019 5301 3450 5369 condemnare,
3481 5315 3607 5356 non
3649 5299 3747 5371 ju-

2086 5393 2308 5463 dicare,
2331 5407 2455 5450 non
2483 5389 2756 5466 perdere,
2787 5407 2912 5448 non
2943 5391 3314 5465 disperdere,
3346 5405 3472 5448 non
3496 5388 3739 5461 ducere,

2084 5499 2208 5541 non
2258 5482 2565 5554 inducere,
2595 5497 2720 5539 non
2769 5481 3071 5554 indurare,
3115 5497 3240 5540 non
3285 5481 3576 5550 occidere,
3623 5493 3747 5537 non

2085 5587 2322 5646 parare,
2349 5588 2474 5629 non
2501 5587 2843 5646 praeparare
2875 5591 2888 5639 ;
2918 5571 3085 5644 quod
3118 5571 3169 5626 si
3201 5569 3552 5637 admittitur,
3584 5583 3752 5641 pror.

2089 5677 2193 5719 sus
2261 5661 2460 5721 omnis
2513 5661 2884 5734 judiciorum
2951 5659 3053 5718 Dei
3108 5658 3326 5718 veritas
3395 5658 3743 5728 abrogatur.
