  <div class='ocr_page' id='page_1' title='image "/cluster/home/n/w/nwhite01/storage/ocr_20150623/115/hvd.32044054759790/583.png"; bbox 0 0 4116 6186; ppageno 0'>
   <div class='ocr_carea' id='block_1_1' title="bbox 379 174 512 231">
    <p class='ocr_par' dir='ltr' id='par_1_1' title="bbox 379 174 512 231">
     <span class='ocr_line' id='line_1_1' title="bbox 379 174 512 231; baseline -0.015 -1"><span class='ocrx_word' id='word_1_1' title='bbox 379 174 512 231; x_wconf 64' lang='grc'>1185</span> 
     </span>
    </p>
   </div>
   <div class='ocr_carea' id='block_1_2' title="bbox 1462 154 2705 218">
    <p class='ocr_par' dir='ltr' id='par_1_2' title="bbox 1462 154 2705 218">
     <span class='ocr_line' id='line_1_2' title="bbox 1462 154 2705 218; baseline -0.002 -2"><span class='ocrx_word' id='word_1_2' title='bbox 1462 163 1520 218; x_wconf 82' lang='grc'>8.</span> <span class='ocrx_word' id='word_1_3' title='bbox 1561 155 1941 216; x_wconf 79' lang='lat' dir='ltr'>PRUDENTII</span> <span class='ocrx_word' id='word_1_4' title='bbox 1979 155 2356 213; x_wconf 69' lang='lat' dir='ltr'>TRECENSIS</span> <span class='ocrx_word' id='word_1_5' title='bbox 2395 154 2705 214; x_wconf 78' lang='lat' dir='ltr'>EPISCOH</span> 
     </span>
    </p>
   </div>
   <div class='ocr_carea' id='block_1_3' title="bbox 3666 159 3804 216">
    <p class='ocr_par' dir='ltr' id='par_1_3' title="bbox 3666 159 3804 216">
     <span class='ocr_line' id='line_1_3' title="bbox 3666 159 3804 216; baseline 0.029 -3"><span class='ocrx_word' id='word_1_6' title='bbox 3666 159 3804 216; x_wconf 72' lang='lat'>1156</span> 
     </span>
    </p>
   </div>
   <div class='ocr_carea' id='block_1_4' title="bbox 447 281 3790 362">
    <p class='ocr_par' dir='ltr' id='par_1_4' title="bbox 447 281 3790 362">
     <span class='ocr_line' id='line_1_4' title="bbox 447 281 3790 362; baseline -0.004 -9"><span class='ocrx_word' id='word_1_7' title='bbox 447 301 598 353; x_wconf 86' lang='lat' dir='ltr'>Nam</span> <span class='ocrx_word' id='word_1_8' title='bbox 628 292 676 349; x_wconf 91' lang='lat' dir='ltr'>si</span> <span class='ocrx_word' id='word_1_9' title='bbox 700 306 772 347; x_wconf 88' lang='lat' dir='ltr'>ea</span> <span class='ocrx_word' id='word_1_10' title='bbox 796 304 932 362; x_wconf 69' lang='lat' dir='ltr'>quae</span> <span class='ocrx_word' id='word_1_11' title='bbox 980 287 1245 343; x_wconf 83' lang='lat' dir='ltr'>diximus</span> <span class='ocrx_word' id='word_1_12' title='bbox 1288 290 1346 342; x_wconf 85' lang='lat' dir='ltr'>et</span> <span class='ocrx_word' id='word_1_13' title='bbox 1373 285 1563 342; x_wconf 86' lang='lat' dir='ltr'>multa</span> <span class='ocrx_word' id='word_1_14' title='bbox 1612 285 1730 340; x_wconf 89' lang='lat' dir='ltr'>alia</span> <span class='ocrx_word' id='word_1_15' title='bbox 1785 281 2035 338; x_wconf 90' lang='lat' dir='ltr'>ubicun-</span> <span class='ocrx_word' id='word_1_16' title='bbox 2069 284 2117 338; x_wconf 80' lang='grc' dir='ltr'><strong>Α</strong></span> <span class='ocrx_word' id='word_1_17' title='bbox 2149 283 2256 339; x_wconf 86' lang='lat' dir='ltr'>ubi</span> <span class='ocrx_word' id='word_1_18' title='bbox 2279 285 2394 340; x_wconf 78' lang='lat' dir='ltr'>erit</span> <span class='ocrx_word' id='word_1_19' title='bbox 2423 285 2501 340; x_wconf 81' lang='lat' dir='ltr'>eis</span> <span class='ocrx_word' id='word_1_20' title='bbox 2530 286 2703 353; x_wconf 82' lang='lat' dir='ltr'>ﬂetus</span> <span class='ocrx_word' id='word_1_21' title='bbox 2727 289 2780 340; x_wconf 88' lang='lat' dir='ltr'>et</span> <span class='ocrx_word' id='word_1_22' title='bbox 2812 282 3037 337; x_wconf 80' lang='lat' dir='ltr'>stridor</span> <span class='ocrx_word' id='word_1_23' title='bbox 3064 282 3331 338; x_wconf 78' lang='lat' dir='ltr'>dentium</span> <span class='ocrx_word' id='word_1_24' title='bbox 3377 282 3620 353; x_wconf 81' lang='lat' dir='ltr'>(Matth.</span> <span class='ocrx_word' id='word_1_25' title='bbox 3664 301 3790 341; x_wconf 84' lang='lat' dir='ltr'>xxv</span> 
     </span>
    </p>
   </div>
   <div class='ocr_carea' id='block_1_5' title="bbox 377 371 2034 460">
    <p class='ocr_par' dir='ltr' id='par_1_5' title="bbox 377 371 2034 460">
     <span class='ocr_line' id='line_1_5' title="bbox 377 371 2034 460; baseline -0.01 -17"><span class='ocrx_word' id='word_1_26' title='bbox 377 401 498 460; x_wconf 90' lang='lat' dir='ltr'>que</span> <span class='ocrx_word' id='word_1_27' title='bbox 525 384 600 440; x_wconf 90' lang='lat' dir='ltr'>de</span> <span class='ocrx_word' id='word_1_28' title='bbox 625 386 742 437; x_wconf 91' lang='lat' dir='ltr'>Deo</span> <span class='ocrx_word' id='word_1_29' title='bbox 767 375 1284 445; x_wconf 87' lang='lat' dir='ltr'>dicuntur,addita</span> <span class='ocrx_word' id='word_1_30' title='bbox 1310 375 1587 445; x_wconf 86' lang='lat' dir='ltr'>negativa</span> <span class='ocrx_word' id='word_1_31' title='bbox 1612 371 1910 446; x_wconf 90' lang='lat' dir='ltr'>particula</span> <span class='ocrx_word' id='word_1_32' title='bbox 1937 387 2034 427; x_wconf 91' lang='lat' dir='ltr'>ac-</span> 
     </span>
    </p>
   </div>
   <div class='ocr_carea' id='block_1_6' title="bbox 2145 371 3813 446">
    <p class='ocr_par' dir='ltr' id='par_1_6' title="bbox 2145 371 3813 446">
     <span class='ocr_line' id='line_1_6' title="bbox 2145 371 3813 446; baseline 0.002 -18"><span class='ocrx_word' id='word_1_33' title='bbox 2145 375 2257 443; x_wconf 90' lang='lat'>30),</span> <span class='ocrx_word' id='word_1_34' title='bbox 2289 377 2580 446; x_wconf 88' lang='lat' dir='ltr'>tanquam</span> <span class='ocrx_word' id='word_1_35' title='bbox 2608 371 2836 445; x_wconf 91' lang='lat' dir='ltr'>populo</span> <span class='ocrx_word' id='word_1_36' title='bbox 2895 371 3188 438; x_wconf 84' lang='lat' dir='ltr'>maeroris,</span> <span class='ocrx_word' id='word_1_37' title='bbox 3221 386 3582 444; x_wconf 81' lang='lat' dir='ltr'>quanquam</span> <span class='ocrx_word' id='word_1_38' title='bbox 3609 389 3813 446; x_wconf 87' lang='lat' dir='ltr'>popu-</span> 
     </span>
    </p>
   </div>
   <div class='ocr_carea' id='block_1_7' title="bbox 379 459 3818 548">
    <p class='ocr_par' dir='ltr' id='par_1_7' title="bbox 379 459 3818 548">
     <span class='ocr_line' id='line_1_7' title="bbox 379 459 3818 548; baseline -0.004 -17"><span class='ocrx_word' id='word_1_39' title='bbox 379 459 693 548; x_wconf 75' lang='lat' dir='ltr'>cipiantur,</span> <span class='ocrx_word' id='word_1_40' title='bbox 727 466 995 540; x_wconf 85' lang='lat' dir='ltr'>sequitur</span> <span class='ocrx_word' id='word_1_41' title='bbox 1040 469 1106 521; x_wconf 91' lang='lat' dir='ltr'>ut</span> <span class='ocrx_word' id='word_1_42' title='bbox 1155 468 1342 521; x_wconf 90' lang='lat' dir='ltr'>Deum</span> <span class='ocrx_word' id='word_1_43' title='bbox 1391 478 1782 537; x_wconf 80' lang='lat' dir='ltr'>nequaquam</span> <span class='ocrx_word' id='word_1_44' title='bbox 1827 475 2036 516; x_wconf 87' lang='lat' dir='ltr'>curare</span> <span class='ocrx_word' id='word_1_45' title='bbox 2144 461 2239 517; x_wconf 87' lang='lat' dir='ltr'>lus</span> <span class='ocrx_word' id='word_1_46' title='bbox 2273 463 2548 518; x_wconf 64' lang='lat' dir='ltr'>maeroris</span> <span class='ocrx_word' id='word_1_47' title='bbox 2597 463 2776 517; x_wconf 92' lang='lat' dir='ltr'>etiam</span> <span class='ocrx_word' id='word_1_48' title='bbox 2824 459 3104 517; x_wconf 80' lang='lat' dir='ltr'>diabolus</span> <span class='ocrx_word' id='word_1_49' title='bbox 3146 465 3203 516; x_wconf 92' lang='lat' dir='ltr'>et</span> <span class='ocrx_word' id='word_1_50' title='bbox 3247 460 3446 530; x_wconf 84' lang='lat' dir='ltr'>angeli</span> <span class='ocrx_word' id='word_1_51' title='bbox 3496 462 3650 533; x_wconf 87' lang='lat' dir='ltr'>ejus,</span> <span class='ocrx_word' id='word_1_52' title='bbox 3685 478 3818 518; x_wconf 91' lang='lat' dir='ltr'>non</span> 
     </span>
    </p>
   </div>
   <div class='ocr_carea' id='block_1_8' title="bbox 378 548 3819 624">
    <p class='ocr_par' dir='ltr' id='par_1_8' title="bbox 378 548 3819 624">
     <span class='ocr_line' id='line_1_8' title="bbox 378 548 3819 624; baseline -0.003 -5"><span class='ocrx_word' id='word_1_53' title='bbox 378 559 654 620; x_wconf 83' lang='lat' dir='ltr'>mortalia</span> <span class='ocrx_word' id='word_1_54' title='bbox 685 558 960 623; x_wconf 84' lang='lat' dir='ltr'>fateatur,</span> <span class='ocrx_word' id='word_1_55' title='bbox 985 558 1042 611; x_wconf 88' lang='lat' dir='ltr'>et</span> <span class='ocrx_word' id='word_1_56' title='bbox 1071 555 1375 611; x_wconf 85' lang='lat' dir='ltr'>auferatur</span> <span class='ocrx_word' id='word_1_57' title='bbox 1405 553 1505 609; x_wconf 91' lang='lat' dir='ltr'>Dei</span> <span class='ocrx_word' id='word_1_58' title='bbox 1529 551 1848 624; x_wconf 90' lang='lat' dir='ltr'>judicium,</span> <span class='ocrx_word' id='word_1_59' title='bbox 1871 548 2038 622; x_wconf 86' lang='lat' dir='ltr'>quod</span> <span class='ocrx_word' id='word_1_60' title='bbox 2146 551 2630 608; x_wconf 85' lang='lat' dir='ltr'>inconvenienter</span> <span class='ocrx_word' id='word_1_61' title='bbox 2683 549 3110 618; x_wconf 90' lang='lat' dir='ltr'>intelliguntur,</span> <span class='ocrx_word' id='word_1_62' title='bbox 3140 549 3265 605; x_wconf 90' lang='lat' dir='ltr'>sive</span> <span class='ocrx_word' id='word_1_63' title='bbox 3320 549 3465 622; x_wconf 79' lang='lat' dir='ltr'>quia</span> <span class='ocrx_word' id='word_1_64' title='bbox 3519 556 3819 608; x_wconf 65' lang='lat' dir='ltr'>aeternam</span> 
     </span>
    </p>
   </div>
   <div class='ocr_carea' id='block_1_9' title="bbox 376 637 2031 716">
    <p class='ocr_par' dir='ltr' id='par_1_9' title="bbox 376 637 2031 716">
     <span class='ocr_line' id='line_1_9' title="bbox 376 637 2031 716; baseline -0.01 -7"><span class='ocrx_word' id='word_1_65' title='bbox 376 651 512 708; x_wconf 90' lang='lat' dir='ltr'>ideo</span> <span class='ocrx_word' id='word_1_66' title='bbox 544 647 930 704; x_wconf 90' lang='lat' dir='ltr'>constitutum</span> <span class='ocrx_word' id='word_1_67' title='bbox 975 644 1287 716; x_wconf 55' lang='lat' dir='ltr'>Scriptura;</span> <span class='ocrx_word' id='word_1_68' title='bbox 1320 642 1647 709; x_wconf 88' lang='lat' dir='ltr'>clamitant,</span> <span class='ocrx_word' id='word_1_69' title='bbox 1675 644 1740 697; x_wconf 93' lang='lat' dir='ltr'>ut</span> <span class='ocrx_word' id='word_1_70' title='bbox 1770 640 1829 695; x_wconf 93' lang='lat' dir='ltr'>in</span> <span class='ocrx_word' id='word_1_71' title='bbox 1855 655 1927 695; x_wconf 95' lang='lat' dir='ltr'>eo</span> <span class='ocrx_word' id='word_1_72' title='bbox 1957 637 2031 692; x_wconf 92' lang='lat' dir='ltr'>de</span> 
     </span>
    </p>
   </div>
   <div class='ocr_carea' id='block_1_10' title="bbox 374 727 2040 814">
    <p class='ocr_par' dir='ltr' id='par_1_10' title="bbox 374 727 2040 814">
     <span class='ocr_line' id='line_1_10' title="bbox 374 727 2040 814; baseline -0.01 -16"><span class='ocrx_word' id='word_1_73' title='bbox 374 741 550 814; x_wconf 89' lang='lat' dir='ltr'>justis</span> <span class='ocrx_word' id='word_1_74' title='bbox 580 735 999 811; x_wconf 83' lang='lat' dir='ltr'>peccatoribus</span> <span class='ocrx_word' id='word_1_75' title='bbox 1022 733 1342 806; x_wconf 88' lang='lat' dir='ltr'>judicetur,</span> <span class='ocrx_word' id='word_1_76' title='bbox 1377 732 1787 805; x_wconf 88' lang='lat' dir='ltr'>separatisque</span> <span class='ocrx_word' id='word_1_77' title='bbox 1841 727 2040 800; x_wconf 90' lang='lat' dir='ltr'>impiis</span> 
     </span>
    </p>
   </div>
   <div class='ocr_carea' id='block_1_11' title="bbox 379 825 2038 898">
    <p class='ocr_par' dir='ltr' id='par_1_11' title="bbox 379 825 2038 898">
     <span class='ocr_line' id='line_1_11' title="bbox 379 825 2038 898; baseline -0.01 -11"><span class='ocrx_word' id='word_1_78' title='bbox 379 847 417 887; x_wconf 91' lang='lat' dir='ltr'>a</span> <span class='ocrx_word' id='word_1_79' title='bbox 446 828 727 886; x_wconf 83' lang='lat' dir='ltr'>societate</span> <span class='ocrx_word' id='word_1_80' title='bbox 751 827 1075 898; x_wconf 88' lang='lat' dir='ltr'>justorum,</span> <span class='ocrx_word' id='word_1_81' title='bbox 1101 827 1388 896; x_wconf 85' lang='lat' dir='ltr'>sequatur</span> <span class='ocrx_word' id='word_1_82' title='bbox 1430 825 1714 894; x_wconf 90' lang='lat' dir='ltr'>utrosque</span> <span class='ocrx_word' id='word_1_83' title='bbox 1760 832 2038 874; x_wconf 88' lang='lat' dir='ltr'>remune-</span> 
     </span>
    </p>
   </div>
   <div class='ocr_carea' id='block_1_12' title="bbox 376 910 2041 985">
    <p class='ocr_par' dir='ltr' id='par_1_12' title="bbox 376 910 2041 985">
     <span class='ocr_line' id='line_1_12' title="bbox 376 910 2041 985; baseline -0.01 -8"><span class='ocrx_word' id='word_1_84' title='bbox 376 920 531 978; x_wconf 86' lang='lat' dir='ltr'>ratio</span> <span class='ocrx_word' id='word_1_85' title='bbox 562 919 792 985; x_wconf 88' lang='lat' dir='ltr'>merita,</span> <span class='ocrx_word' id='word_1_86' title='bbox 826 921 894 971; x_wconf 90' lang='lat' dir='ltr'>ut</span> <span class='ocrx_word' id='word_1_87' title='bbox 941 914 1275 971; x_wconf 91' lang='lat' dir='ltr'>secundum</span> <span class='ocrx_word' id='word_1_88' title='bbox 1305 912 1540 970; x_wconf 88' lang='lat' dir='ltr'>Domini</span> <span class='ocrx_word' id='word_1_89' title='bbox 1587 911 1848 966; x_wconf 89' lang='lat' dir='ltr'>dictum:</span> <span class='ocrx_word' id='word_1_90' title='bbox 1895 910 2041 962; x_wconf 85' lang='lat' dir='ltr'>Eant</span> 
     </span>
    </p>
   </div>
   <div class='ocr_carea' id='block_1_13' title="bbox 381 1001 2038 1079">
    <p class='ocr_par' dir='ltr' id='par_1_13' title="bbox 381 1001 2038 1079">
     <span class='ocr_line' id='line_1_13' title="bbox 381 1001 2038 1079; baseline -0.01 -11"><span class='ocrx_word' id='word_1_91' title='bbox 381 1010 447 1068; x_wconf 87' lang='lat' dir='ltr'>hi</span> <span class='ocrx_word' id='word_1_92' title='bbox 473 1011 536 1066; x_wconf 90' lang='lat' dir='ltr'>in</span> <span class='ocrx_word' id='word_1_93' title='bbox 578 1008 940 1079; x_wconf 80' lang='lat' dir='ltr'>supplicium</span> <span class='ocrx_word' id='word_1_94' title='bbox 993 1010 1301 1073; x_wconf 61' lang='lat' dir='ltr'>aeternum,</span> <span class='ocrx_word' id='word_1_95' title='bbox 1324 1004 1481 1074; x_wconf 80' lang='lat' dir='ltr'>justi</span> <span class='ocrx_word' id='word_1_96' title='bbox 1509 1007 1707 1058; x_wconf 86' lang='lat' dir='ltr'>autem</span> <span class='ocrx_word' id='word_1_97' title='bbox 1753 1001 1814 1054; x_wconf 88' lang='lat' dir='ltr'>in</span> <span class='ocrx_word' id='word_1_98' title='bbox 1855 1001 2038 1054; x_wconf 84' lang='lat' dir='ltr'>vitam</span> 
     </span>
    </p>
   </div>
   <div class='ocr_carea' id='block_1_14' title="bbox 382 1089 2040 1169">
    <p class='ocr_par' dir='ltr' id='par_1_14' title="bbox 382 1089 2040 1169">
     <span class='ocr_line' id='line_1_14' title="bbox 382 1089 2040 1169; baseline -0.011 -11"><span class='ocrx_word' id='word_1_99' title='bbox 382 1106 668 1158; x_wconf 61' lang='lat' dir='ltr'>aeternam</span> <span class='ocrx_word' id='word_1_100' title='bbox 715 1097 956 1169; x_wconf 82' lang='lat' dir='ltr'>(Matth.</span> <span class='ocrx_word' id='word_1_101' title='bbox 989 1111 1129 1164; x_wconf 87' lang='lat' dir='ltr'>xxv,</span> <span class='ocrx_word' id='word_1_102' title='bbox 1166 1095 1276 1164; x_wconf 82' lang='grc'>46).</span> <span class='ocrx_word' id='word_1_103' title='bbox 1337 1096 1487 1162; x_wconf 88' lang='lat' dir='ltr'>Ergo</span> <span class='ocrx_word' id='word_1_104' title='bbox 1539 1091 1588 1146; x_wconf 92' lang='lat' dir='ltr'>si</span> <span class='ocrx_word' id='word_1_105' title='bbox 1639 1089 1827 1146; x_wconf 88' lang='lat' dir='ltr'>nescit</span> <span class='ocrx_word' id='word_1_106' title='bbox 1887 1090 2040 1142; x_wconf 91' lang='lat' dir='ltr'>Deus</span> 
     </span>
    </p>
   </div>
   <div class='ocr_carea' id='block_1_15' title="bbox 380 1177 2041 1263">
    <p class='ocr_par' dir='ltr' id='par_1_15' title="bbox 380 1177 2041 1263">
     <span class='ocr_line' id='line_1_15' title="bbox 380 1177 2041 1263; baseline -0.011 -16"><span class='ocrx_word' id='word_1_107' title='bbox 380 1194 747 1263; x_wconf 89' lang='lat' dir='ltr'>peccatores,</span> <span class='ocrx_word' id='word_1_108' title='bbox 798 1199 1130 1256; x_wconf 90' lang='lat' dir='ltr'>eorumque</span> <span class='ocrx_word' id='word_1_109' title='bbox 1174 1186 1441 1256; x_wconf 88' lang='lat' dir='ltr'>peccata,</span> <span class='ocrx_word' id='word_1_110' title='bbox 1503 1195 1610 1235; x_wconf 92' lang='lat' dir='ltr'>nec</span> <span class='ocrx_word' id='word_1_111' title='bbox 1663 1177 2041 1248; x_wconf 86' lang='lat' dir='ltr'>judicaturus</span> 
     </span>
    </p>
   </div>
   <div class='ocr_carea' id='block_1_16' title="bbox 381 1264 2043 1346">
    <p class='ocr_par' dir='ltr' id='par_1_16' title="bbox 381 1264 2043 1346">
     <span class='ocr_line' id='line_1_16' title="bbox 381 1264 2043 1346; baseline -0.01 -10"><span class='ocrx_word' id='word_1_112' title='bbox 381 1278 717 1336; x_wconf 87' lang='lat' dir='ltr'>credendus</span> <span class='ocrx_word' id='word_1_113' title='bbox 743 1280 852 1331; x_wconf 91' lang='lat' dir='ltr'>est.</span> <span class='ocrx_word' id='word_1_114' title='bbox 883 1272 1186 1346; x_wconf 88' lang='lat' dir='ltr'>Quidquid</span> <span class='ocrx_word' id='word_1_115' title='bbox 1208 1273 1368 1327; x_wconf 92' lang='lat' dir='ltr'>enim</span> <span class='ocrx_word' id='word_1_116' title='bbox 1399 1273 1502 1326; x_wconf 87' lang='lat' dir='ltr'>aut</span> <span class='ocrx_word' id='word_1_117' title='bbox 1530 1285 1693 1325; x_wconf 91' lang='lat' dir='ltr'>nunc</span> <span class='ocrx_word' id='word_1_118' title='bbox 1721 1264 2043 1340; x_wconf 85' lang='lat' dir='ltr'>particula-</span> 
     </span>
    </p>
   </div>
   <div class='ocr_carea' id='block_1_17' title="bbox 381 1361 2043 1440">
    <p class='ocr_par' dir='ltr' id='par_1_17' title="bbox 381 1361 2043 1440">
     <span class='ocr_line' id='line_1_17' title="bbox 381 1361 2043 1440; baseline -0.01 -14"><span class='ocrx_word' id='word_1_119' title='bbox 381 1371 522 1426; x_wconf 91' lang='lat' dir='ltr'>riter</span> <span class='ocrx_word' id='word_1_120' title='bbox 551 1369 612 1424; x_wconf 88' lang='lat' dir='ltr'>in</span> <span class='ocrx_word' id='word_1_121' title='bbox 643 1369 990 1440; x_wconf 88' lang='lat' dir='ltr'>peccatores</span> <span class='ocrx_word' id='word_1_122' title='bbox 1017 1363 1158 1434; x_wconf 83' lang='lat' dir='ltr'>agit,</span> <span class='ocrx_word' id='word_1_123' title='bbox 1183 1367 1286 1418; x_wconf 89' lang='lat' dir='ltr'>aut</span> <span class='ocrx_word' id='word_1_124' title='bbox 1315 1361 1393 1418; x_wconf 89' lang='lat' dir='ltr'>ad</span> <span class='ocrx_word' id='word_1_125' title='bbox 1420 1365 1754 1416; x_wconf 85' lang='lat' dir='ltr'>extremum</span> <span class='ocrx_word' id='word_1_126' title='bbox 1803 1371 2043 1426; x_wconf 56' lang='lat' dir='ltr'>genera</span> 
     </span>
    </p>
   </div>
   <div class='ocr_carea' id='block_1_18' title="bbox 383 1444 2043 1522">
    <p class='ocr_par' dir='ltr' id='par_1_18' title="bbox 383 1444 2043 1522">
     <span class='ocr_line' id='line_1_18' title="bbox 383 1444 2043 1522; baseline -0.01 -7"><span class='ocrx_word' id='word_1_127' title='bbox 383 1459 514 1515; x_wconf 85' lang='lat' dir='ltr'>liter</span> <span class='ocrx_word' id='word_1_128' title='bbox 543 1462 784 1514; x_wconf 85' lang='lat' dir='ltr'>acturus</span> <span class='ocrx_word' id='word_1_129' title='bbox 816 1453 1094 1520; x_wconf 86' lang='lat' dir='ltr'>creditur,</span> <span class='ocrx_word' id='word_1_130' title='bbox 1129 1456 1276 1507; x_wconf 86' lang='lat' dir='ltr'>teste</span> <span class='ocrx_word' id='word_1_131' title='bbox 1321 1451 1623 1522; x_wconf 88' lang='lat' dir='ltr'>Scriptura</span> <span class='ocrx_word' id='word_1_132' title='bbox 1648 1464 1790 1503; x_wconf 74' lang='lat' dir='ltr'>vero</span> <span class='ocrx_word' id='word_1_133' title='bbox 1815 1444 2043 1517; x_wconf 91' lang='lat' dir='ltr'>judicio</span> 
     </span>
    </p>
   </div>
   <div class='ocr_carea' id='block_1_19' title="bbox 384 1536 2043 1618">
    <p class='ocr_par' dir='ltr' id='par_1_19' title="bbox 384 1536 2043 1618">
     <span class='ocr_line' id='line_1_19' title="bbox 384 1536 2043 1618; baseline -0.01 -14"><span class='ocrx_word' id='word_1_134' title='bbox 384 1563 583 1618; x_wconf 86' lang='lat' dir='ltr'>agere,</span> <span class='ocrx_word' id='word_1_135' title='bbox 615 1550 979 1614; x_wconf 87' lang='lat' dir='ltr'>acturusque</span> <span class='ocrx_word' id='word_1_136' title='bbox 1031 1541 1160 1596; x_wconf 87' lang='lat' dir='ltr'>sine</span> <span class='ocrx_word' id='word_1_137' title='bbox 1208 1539 1394 1595; x_wconf 90' lang='lat' dir='ltr'>dubio</span> <span class='ocrx_word' id='word_1_138' title='bbox 1448 1537 1828 1611; x_wconf 74' lang='lat' dir='ltr'>praedicatur.</span> <span class='ocrx_word' id='word_1_139' title='bbox 1861 1536 2043 1589; x_wconf 82' lang='lat' dir='ltr'>Porro</span> 
     </span>
    </p>
   </div>
   <div class='ocr_carea' id='block_1_20' title="bbox 2149 639 3822 714">
    <p class='ocr_par' dir='ltr' id='par_1_20' title="bbox 2149 639 3822 714">
     <span class='ocr_line' id='line_1_20' title="bbox 2149 639 3822 714; baseline 0.002 -18"><span class='ocrx_word' id='word_1_140' title='bbox 2149 641 2453 698; x_wconf 90' lang='lat' dir='ltr'>miseriam</span> <span class='ocrx_word' id='word_1_141' title='bbox 2482 641 2590 706; x_wconf 92' lang='lat' dir='ltr'>eis,</span> <span class='ocrx_word' id='word_1_142' title='bbox 2623 656 2778 712; x_wconf 68' lang='lat' dir='ltr'>quos</span> <span class='ocrx_word' id='word_1_143' title='bbox 2803 639 3127 712; x_wconf 90' lang='lat' dir='ltr'>decipiunt,</span> <span class='ocrx_word' id='word_1_144' title='bbox 3148 641 3488 712; x_wconf 87' lang='lat' dir='ltr'>acquirunt,</span> <span class='ocrx_word' id='word_1_145' title='bbox 3521 641 3646 698; x_wconf 88' lang='lat' dir='ltr'>sive</span> <span class='ocrx_word' id='word_1_146' title='bbox 3665 642 3822 714; x_wconf 87' lang='lat' dir='ltr'>quia</span> 
     </span>
    </p>
   </div>
   <div class='ocr_carea' id='block_1_21' title="bbox 2151 729 3422 802">
    <p class='ocr_par' dir='ltr' id='par_1_21' title="bbox 2151 729 3422 802">
     <span class='ocr_line' id='line_1_21' title="bbox 2151 729 3422 802; baseline -0.004 -15"><span class='ocrx_word' id='word_1_147' title='bbox 2151 735 2209 787; x_wconf 94' lang='lat' dir='ltr'>et</span> <span class='ocrx_word' id='word_1_148' title='bbox 2234 730 2346 802; x_wconf 91' lang='lat' dir='ltr'>ipsi</span> <span class='ocrx_word' id='word_1_149' title='bbox 2377 735 2612 786; x_wconf 66' lang='lat' dir='ltr'>aeternae</span> <span class='ocrx_word' id='word_1_150' title='bbox 2649 730 2904 785; x_wconf 61' lang='lat' dir='ltr'>miserim</span> <span class='ocrx_word' id='word_1_151' title='bbox 2933 729 3205 801; x_wconf 88' lang='lat' dir='ltr'>deputati</span> <span class='ocrx_word' id='word_1_152' title='bbox 3236 730 3422 801; x_wconf 90' lang='lat' dir='ltr'>sunt.]</span> 
     </span>
    </p>
   </div>
   <div class='ocr_carea' id='block_1_22' title="bbox 2220 819 3814 892">
    <p class='ocr_par' dir='ltr' id='par_1_22' title="bbox 2220 819 3814 892">
     <span class='ocr_line' id='line_1_22' title="bbox 2220 819 3814 892; baseline 0.001 -17"><span class='ocrx_word' id='word_1_153' title='bbox 2220 823 2261 889; x_wconf 65' lang='grc' dir='ltr'>οὶ-</span> <span class='ocrx_word' id='word_1_154' title='bbox 2289 821 2473 890; x_wconf 87' lang='lat' dir='ltr'>Hujus</span> <span class='ocrx_word' id='word_1_155' title='bbox 2494 820 2577 875; x_wconf 91' lang='lat' dir='ltr'>rei</span> <span class='ocrx_word' id='word_1_156' title='bbox 2603 819 2764 876; x_wconf 88' lang='lat' dir='ltr'>testis</span> <span class='ocrx_word' id='word_1_157' title='bbox 2787 823 2874 874; x_wconf 87' lang='lat' dir='ltr'>est</span> <span class='ocrx_word' id='word_1_158' title='bbox 2902 823 3146 874; x_wconf 89' lang='lat' dir='ltr'>sanctus</span> <span class='ocrx_word' id='word_1_159' title='bbox 3171 819 3417 875; x_wconf 86' lang='lat' dir='ltr'>antistes</span> <span class='ocrx_word' id='word_1_160' title='bbox 3441 820 3814 892; x_wconf 80' lang='lat' dir='ltr'>Fulgentius,</span> 
     </span>
    </p>
   </div>
   <div class='ocr_carea' id='block_1_23' title="bbox 2149 907 3818 982">
    <p class='ocr_par' dir='ltr' id='par_1_23' title="bbox 2149 907 3818 982">
     <span class='ocr_line' id='line_1_23' title="bbox 2149 907 3818 982; baseline 0.002 -19"><span class='ocrx_word' id='word_1_161' title='bbox 2149 909 2253 981; x_wconf 91' lang='lat' dir='ltr'>qui</span> <span class='ocrx_word' id='word_1_162' title='bbox 2281 925 2463 981; x_wconf 87' lang='lat' dir='ltr'>super</span> <span class='ocrx_word' id='word_1_163' title='bbox 2487 909 2600 964; x_wconf 89' lang='lat' dir='ltr'>hoc</span> <span class='ocrx_word' id='word_1_164' title='bbox 2629 924 2908 964; x_wconf 84' lang='lat' dir='ltr'>sermone</span> <span class='ocrx_word' id='word_1_165' title='bbox 2939 907 3282 964; x_wconf 84' lang='lat' dir='ltr'>sciscitandi</span> <span class='ocrx_word' id='word_1_166' title='bbox 3313 909 3571 966; x_wconf 85' lang='lat' dir='ltr'>Monimo</span> <span class='ocrx_word' id='word_1_167' title='bbox 3593 911 3818 982; x_wconf 90' lang='lat' dir='ltr'>plenis-</span> 
     </span>
    </p>
   </div>
   <div class='ocr_carea' id='block_1_24' title="bbox 2150 997 3812 1071">
    <p class='ocr_par' dir='ltr' id='par_1_24' title="bbox 2150 997 3812 1071">
     <span class='ocr_line' id='line_1_24' title="bbox 2150 997 3812 1071; baseline 0.003 -19"><span class='ocrx_word' id='word_1_168' title='bbox 2150 998 2298 1053; x_wconf 91' lang='lat' dir='ltr'>sime</span> <span class='ocrx_word' id='word_1_169' title='bbox 2318 998 2788 1071; x_wconf 88' lang='lat' dir='ltr'>planissimeque</span> <span class='ocrx_word' id='word_1_170' title='bbox 2814 998 3188 1071; x_wconf 87' lang='lat' dir='ltr'>respondens</span> <span class='ocrx_word' id='word_1_171' title='bbox 3203 997 3681 1071; x_wconf 89' lang='lat' dir='ltr'>pulcherrimum</span> <span class='ocrx_word' id='word_1_172' title='bbox 3706 1018 3812 1057; x_wconf 91' lang='lat' dir='ltr'>vo-</span> 
     </span>
    </p>
   </div>
   <div class='ocr_carea' id='block_1_25' title="bbox 2151 1087 3811 1160">
    <p class='ocr_par' dir='ltr' id='par_1_25' title="bbox 2151 1087 3811 1160">
     <span class='ocr_line' id='line_1_25' title="bbox 2151 1087 3811 1160; baseline 0.002 -18"><span class='ocrx_word' id='word_1_173' title='bbox 2151 1087 2353 1143; x_wconf 91' lang='lat' dir='ltr'>lumen</span> <span class='ocrx_word' id='word_1_174' title='bbox 2403 1088 2606 1150; x_wconf 83' lang='lat' dir='ltr'>edidit,</span> <span class='ocrx_word' id='word_1_175' title='bbox 2640 1089 2698 1143; x_wconf 93' lang='lat' dir='ltr'>in</span> <span class='ocrx_word' id='word_1_176' title='bbox 2755 1105 2880 1160; x_wconf 88' lang='lat' dir='ltr'>quo</span> <span class='ocrx_word' id='word_1_177' title='bbox 2909 1088 3055 1143; x_wconf 89' lang='lat' dir='ltr'>nihil</span> <span class='ocrx_word' id='word_1_178' title='bbox 3107 1093 3350 1144; x_wconf 89' lang='lat' dir='ltr'>tuorum</span> <span class='ocrx_word' id='word_1_179' title='bbox 3380 1089 3811 1159; x_wconf 86' lang='lat' dir='ltr'>ﬁgmentorum</span> 
     </span>
    </p>
   </div>
   <div class='ocr_carea' id='block_1_26' title="bbox 2150 1177 3809 1252">
    <p class='ocr_par' dir='ltr' id='par_1_26' title="bbox 2150 1177 3809 1252">
     <span class='ocr_line' id='line_1_26' title="bbox 2150 1177 3809 1252; baseline 0.003 -21"><span class='ocrx_word' id='word_1_180' title='bbox 2150 1182 2389 1232; x_wconf 88' lang='lat' dir='ltr'>secutus</span> <span class='ocrx_word' id='word_1_181' title='bbox 2439 1184 2548 1246; x_wconf 90' lang='lat' dir='ltr'>est,</span> <span class='ocrx_word' id='word_1_182' title='bbox 2583 1179 2687 1233; x_wconf 92' lang='lat' dir='ltr'>sed</span> <span class='ocrx_word' id='word_1_183' title='bbox 2731 1179 2914 1250; x_wconf 90' lang='lat' dir='ltr'>plana</span> <span class='ocrx_word' id='word_1_184' title='bbox 2957 1177 3297 1250; x_wconf 82' lang='lat' dir='ltr'>eloquentia</span> <span class='ocrx_word' id='word_1_185' title='bbox 3349 1180 3809 1252; x_wconf 66' lang='lat' dir='ltr'>praedestinasse</span> 
     </span>
    </p>
   </div>
   <div class='ocr_carea' id='block_1_27' title="bbox 2151 1267 3812 1339">
    <p class='ocr_par' dir='ltr' id='par_1_27' title="bbox 2151 1267 3812 1339">
     <span class='ocr_line' id='line_1_27' title="bbox 2151 1267 3812 1339; baseline 0.004 -19"><span class='ocrx_word' id='word_1_186' title='bbox 2151 1269 2336 1322; x_wconf 89' lang='lat' dir='ltr'>Deum</span> <span class='ocrx_word' id='word_1_187' title='bbox 2367 1267 2584 1339; x_wconf 89' lang='lat' dir='ltr'>impios</span> <span class='ocrx_word' id='word_1_188' title='bbox 2633 1267 2712 1324; x_wconf 90' lang='lat' dir='ltr'>ad</span> <span class='ocrx_word' id='word_1_189' title='bbox 2762 1267 3063 1323; x_wconf 90' lang='lat' dir='ltr'>interitum</span> <span class='ocrx_word' id='word_1_190' title='bbox 3089 1269 3334 1324; x_wconf 83' lang='lat' dir='ltr'>veritate</span> <span class='ocrx_word' id='word_1_191' title='bbox 3370 1268 3669 1326; x_wconf 87' lang='lat' dir='ltr'>catholica</span> <span class='ocrx_word' id='word_1_192' title='bbox 3697 1269 3812 1326; x_wconf 88' lang='lat' dir='ltr'>do-</span> 
     </span>
    </p>
   </div>
   <div class='ocr_carea' id='block_1_28' title="bbox 2153 1355 3809 1430">
    <p class='ocr_par' dir='ltr' id='par_1_28' title="bbox 2153 1355 3809 1430">
     <span class='ocr_line' id='line_1_28' title="bbox 2153 1355 3809 1430; baseline 0.002 -20"><span class='ocrx_word' id='word_1_193' title='bbox 2153 1355 2273 1411; x_wconf 85' lang='lat' dir='ltr'>cuit</span> <span class='ocrx_word' id='word_1_194' title='bbox 2301 1361 2357 1412; x_wconf 88' lang='lat' dir='ltr'>et</span> <span class='ocrx_word' id='word_1_195' title='bbox 2381 1356 2676 1429; x_wconf 88' lang='lat' dir='ltr'>probavit.</span> <span class='ocrx_word' id='word_1_196' title='bbox 2710 1358 2826 1412; x_wconf 88' lang='lat' dir='ltr'>Aut</span> <span class='ocrx_word' id='word_1_197' title='bbox 2851 1357 3028 1426; x_wconf 84' lang='lat' dir='ltr'>igitur</span> <span class='ocrx_word' id='word_1_198' title='bbox 3056 1373 3199 1412; x_wconf 87' lang='lat' dir='ltr'>vera</span> <span class='ocrx_word' id='word_1_199' title='bbox 3231 1362 3371 1412; x_wconf 90' lang='lat' dir='ltr'>sunt</span> <span class='ocrx_word' id='word_1_200' title='bbox 3403 1374 3541 1430; x_wconf 74' lang='lat' dir='ltr'>quae</span> <span class='ocrx_word' id='word_1_201' title='bbox 3569 1359 3809 1426; x_wconf 87' lang='lat' dir='ltr'>astruis,</span> 
     </span>
    </p>
   </div>
   <div class='ocr_carea' id='block_1_29' title="bbox 2155 1445 3818 1519">
    <p class='ocr_par' dir='ltr' id='par_1_29' title="bbox 2155 1445 3818 1519">
     <span class='ocr_line' id='line_1_29' title="bbox 2155 1445 3818 1519; baseline 0.002 -17"><span class='ocrx_word' id='word_1_202' title='bbox 2155 1451 2212 1502; x_wconf 91' lang='lat' dir='ltr'>et</span> <span class='ocrx_word' id='word_1_203' title='bbox 2242 1445 2393 1502; x_wconf 89' lang='lat' dir='ltr'>falsa</span> <span class='ocrx_word' id='word_1_204' title='bbox 2430 1462 2566 1519; x_wconf 76' lang='lat' dir='ltr'>quae</span> <span class='ocrx_word' id='word_1_205' title='bbox 2591 1451 2792 1502; x_wconf 90' lang='lat' dir='ltr'>tantus</span> <span class='ocrx_word' id='word_1_206' title='bbox 2817 1446 3026 1502; x_wconf 90' lang='lat' dir='ltr'>doctor</span> <span class='ocrx_word' id='word_1_207' title='bbox 3064 1446 3314 1502; x_wconf 86' lang='lat' dir='ltr'>ﬁdeliter</span> <span class='ocrx_word' id='word_1_208' title='bbox 3373 1449 3639 1505; x_wconf 83' lang='lat' dir='ltr'>exaravit</span> <span class='ocrx_word' id='word_1_209' title='bbox 3671 1466 3684 1504; x_wconf 93' lang='lat'>:</span> <span class='ocrx_word' id='word_1_210' title='bbox 3713 1453 3818 1505; x_wconf 87' lang='lat' dir='ltr'>aut</span> 
     </span>
    </p>
   </div>
   <div class='ocr_carea' id='block_1_30' title="bbox 2155 1535 3814 1610">
    <p class='ocr_par' dir='ltr' id='par_1_30' title="bbox 2155 1535 3814 1610">
     <span class='ocr_line' id='line_1_30' title="bbox 2155 1535 3814 1610; baseline 0.002 -19"><span class='ocrx_word' id='word_1_211' title='bbox 2155 1536 2300 1609; x_wconf 89' lang='lat' dir='ltr'>quia</span> <span class='ocrx_word' id='word_1_212' title='bbox 2329 1537 2443 1592; x_wconf 89' lang='lat' dir='ltr'>hoc</span> <span class='ocrx_word' id='word_1_213' title='bbox 2468 1536 2543 1592; x_wconf 92' lang='lat' dir='ltr'>de</span> <span class='ocrx_word' id='word_1_214' title='bbox 2576 1541 2740 1592; x_wconf 88' lang='lat' dir='ltr'>tanto</span> <span class='ocrx_word' id='word_1_215' title='bbox 2763 1536 2985 1610; x_wconf 90' lang='lat' dir='ltr'>talique</span> <span class='ocrx_word' id='word_1_216' title='bbox 3012 1535 3256 1592; x_wconf 91' lang='lat' dir='ltr'>doctore</span> <span class='ocrx_word' id='word_1_217' title='bbox 3283 1537 3456 1593; x_wconf 84' lang='lat' dir='ltr'>nefas</span> <span class='ocrx_word' id='word_1_218' title='bbox 3496 1543 3584 1595; x_wconf 92' lang='lat' dir='ltr'>est</span> <span class='ocrx_word' id='word_1_219' title='bbox 3611 1539 3814 1594; x_wconf 89' lang='lat' dir='ltr'>crede-</span> 
     </span>
    </p>
   </div>
   <div class='ocr_carea' id='block_1_31' title="bbox 389 1623 3815 1702">
    <p class='ocr_par' dir='ltr' id='par_1_31' title="bbox 389 1623 3815 1702">
     <span class='ocr_line' id='line_1_31' title="bbox 389 1623 3815 1702; baseline -0.003 -10"><span class='ocrx_word' id='word_1_220' title='bbox 389 1652 529 1692; x_wconf 92' lang='lat' dir='ltr'>cum</span> <span class='ocrx_word' id='word_1_221' title='bbox 557 1634 652 1689; x_wconf 91' lang='lat' dir='ltr'>vel</span> <span class='ocrx_word' id='word_1_222' title='bbox 679 1634 742 1689; x_wconf 94' lang='lat' dir='ltr'>in</span> <span class='ocrx_word' id='word_1_223' title='bbox 793 1630 1012 1686; x_wconf 86' lang='lat' dir='ltr'>divinis</span> <span class='ocrx_word' id='word_1_224' title='bbox 1057 1628 1330 1702; x_wconf 89' lang='lat' dir='ltr'>eloquiis,</span> <span class='ocrx_word' id='word_1_225' title='bbox 1363 1627 1456 1683; x_wconf 90' lang='lat' dir='ltr'>vel</span> <span class='ocrx_word' id='word_1_226' title='bbox 1482 1628 1543 1682; x_wconf 88' lang='lat' dir='ltr'>in</span> <span class='ocrx_word' id='word_1_227' title='bbox 1573 1631 1813 1699; x_wconf 79' lang='lat' dir='ltr'>patrum</span> <span class='ocrx_word' id='word_1_228' title='bbox 1843 1623 2044 1680; x_wconf 89' lang='lat' dir='ltr'>litteris</span> <span class='ocrx_word' id='word_1_229' title='bbox 2083 1641 2122 1696; x_wconf 70' lang='grc' dir='ltr'><strong>Β</strong></span> <span class='ocrx_word' id='word_1_230' title='bbox 2152 1642 2237 1697; x_wconf 89' lang='lat' dir='ltr'>re,</span> <span class='ocrx_word' id='word_1_231' title='bbox 2273 1625 2423 1681; x_wconf 89' lang='lat' dir='ltr'>falsa</span> <span class='ocrx_word' id='word_1_232' title='bbox 2455 1630 2596 1682; x_wconf 88' lang='lat' dir='ltr'>sunt</span> <span class='ocrx_word' id='word_1_233' title='bbox 2647 1625 3015 1682; x_wconf 87' lang='lat' dir='ltr'>omnimodis</span> <span class='ocrx_word' id='word_1_234' title='bbox 3069 1641 3206 1697; x_wconf 64' lang='lat' dir='ltr'>quin</span> <span class='ocrx_word' id='word_1_235' title='bbox 3262 1626 3632 1683; x_wconf 89' lang='lat' dir='ltr'>mendaciter</span> <span class='ocrx_word' id='word_1_236' title='bbox 3676 1644 3815 1683; x_wconf 90' lang='lat' dir='ltr'>con-</span> 
     </span>
    </p>
   </div>
   <div class='ocr_carea' id='block_1_32' title="bbox 388 1716 2048 1783">
    <p class='ocr_par' dir='ltr' id='par_1_32' title="bbox 388 1716 2048 1783">
     <span class='ocr_line' id='line_1_32' title="bbox 388 1716 2048 1783; baseline -0.008 -1"><span class='ocrx_word' id='word_1_237' title='bbox 388 1725 464 1782; x_wconf 90' lang='lat' dir='ltr'>de</span> <span class='ocrx_word' id='word_1_238' title='bbox 493 1726 614 1780; x_wconf 89' lang='lat' dir='ltr'>Deo</span> <span class='ocrx_word' id='word_1_239' title='bbox 644 1721 784 1779; x_wconf 89' lang='lat' dir='ltr'>talia</span> <span class='ocrx_word' id='word_1_240' title='bbox 807 1721 1163 1783; x_wconf 91' lang='lat' dir='ltr'>referuntur,</span> <span class='ocrx_word' id='word_1_241' title='bbox 1193 1718 1270 1773; x_wconf 91' lang='lat' dir='ltr'>ab</span> <span class='ocrx_word' id='word_1_242' title='bbox 1297 1717 1599 1783; x_wconf 88' lang='lat' dir='ltr'>omnibus,</span> <span class='ocrx_word' id='word_1_243' title='bbox 1623 1716 1704 1772; x_wconf 89' lang='lat' dir='ltr'>ita</span> <span class='ocrx_word' id='word_1_244' title='bbox 1736 1721 1801 1770; x_wconf 91' lang='lat' dir='ltr'>ut</span> <span class='ocrx_word' id='word_1_245' title='bbox 1831 1717 2048 1770; x_wconf 91' lang='lat' dir='ltr'>sonant</span> 
     </span>
    </p>
   </div>
   <div class='ocr_carea' id='block_1_33' title="bbox 389 1803 2046 1881">
    <p class='ocr_par' dir='ltr' id='par_1_33' title="bbox 389 1803 2046 1881">
     <span class='ocr_line' id='line_1_33' title="bbox 389 1803 2046 1881; baseline -0.008 -11"><span class='ocrx_word' id='word_1_246' title='bbox 389 1812 685 1870; x_wconf 85' lang='lat' dir='ltr'>intellecta</span> <span class='ocrx_word' id='word_1_247' title='bbox 736 1815 918 1881; x_wconf 88' lang='lat' dir='ltr'>atque</span> <span class='ocrx_word' id='word_1_248' title='bbox 962 1807 1234 1879; x_wconf 87' lang='lat' dir='ltr'>exposita</span> <span class='ocrx_word' id='word_1_249' title='bbox 1282 1807 1665 1862; x_wconf 89' lang='lat' dir='ltr'>invenimus:</span> <span class='ocrx_word' id='word_1_250' title='bbox 1710 1803 1848 1876; x_wconf 90' lang='lat' dir='ltr'>quis</span> <span class='ocrx_word' id='word_1_251' title='bbox 1905 1817 2046 1859; x_wconf 88' lang='lat' dir='ltr'>vero</span> 
     </span>
    </p>
   </div>
   <div class='ocr_carea' id='block_1_34' title="bbox 388 1894 2047 1968">
    <p class='ocr_par' dir='ltr' id='par_1_34' title="bbox 388 1894 2047 1968">
     <span class='ocr_line' id='line_1_34' title="bbox 388 1894 2047 1968; baseline -0.008 -8"><span class='ocrx_word' id='word_1_252' title='bbox 388 1917 514 1960; x_wconf 88' lang='lat' dir='ltr'>non</span> <span class='ocrx_word' id='word_1_253' title='bbox 567 1901 808 1956; x_wconf 87' lang='lat' dir='ltr'>horreat</span> <span class='ocrx_word' id='word_1_254' title='bbox 830 1899 990 1954; x_wconf 87' lang='lat' dir='ltr'>hanc</span> <span class='ocrx_word' id='word_1_255' title='bbox 1019 1901 1134 1952; x_wconf 78' lang='lat' dir='ltr'>tuae</span> <span class='ocrx_word' id='word_1_256' title='bbox 1183 1895 1585 1968; x_wconf 82' lang='lat' dir='ltr'>perversitatis</span> <span class='ocrx_word' id='word_1_257' title='bbox 1614 1894 1962 1960; x_wconf 86' lang='lat' dir='ltr'>amentiam,</span> <span class='ocrx_word' id='word_1_258' title='bbox 1987 1895 2047 1946; x_wconf 81' lang='lat' dir='ltr'>ut</span> 
     </span>
    </p>
   </div>
   <div class='ocr_carea' id='block_1_35' title="bbox 389 1981 2044 2054">
    <p class='ocr_par' dir='ltr' id='par_1_35' title="bbox 389 1981 2044 2054">
     <span class='ocr_line' id='line_1_35' title="bbox 389 1981 2044 2054; baseline -0.008 -7"><span class='ocrx_word' id='word_1_259' title='bbox 389 1988 762 2048; x_wconf 77' lang='lat' dir='ltr'>orthodoxos</span> <span class='ocrx_word' id='word_1_260' title='bbox 842 1989 1190 2042; x_wconf 87' lang='lat' dir='ltr'>tractatores</span> <span class='ocrx_word' id='word_1_261' title='bbox 1253 1989 1597 2040; x_wconf 83' lang='lat' dir='ltr'>sanctarum</span> <span class='ocrx_word' id='word_1_262' title='bbox 1662 1981 2044 2054; x_wconf 88' lang='lat' dir='ltr'>paginarum,</span> 
     </span>
    </p>
   </div>
   <div class='ocr_carea' id='block_1_36' title="bbox 389 2069 2050 2152">
    <p class='ocr_par' dir='ltr' id='par_1_36' title="bbox 389 2069 2050 2152">
     <span class='ocr_line' id='line_1_36' title="bbox 389 2069 2050 2152; baseline -0.007 -17"><span class='ocrx_word' id='word_1_263' title='bbox 389 2079 612 2152; x_wconf 89' lang='lat' dir='ltr'>quibus</span> <span class='ocrx_word' id='word_1_264' title='bbox 641 2075 890 2133; x_wconf 91' lang='lat' dir='ltr'>omnino</span> <span class='ocrx_word' id='word_1_265' title='bbox 919 2073 1098 2131; x_wconf 88' lang='lat' dir='ltr'>studii</span> <span class='ocrx_word' id='word_1_266' title='bbox 1120 2073 1228 2130; x_wconf 88' lang='lat' dir='ltr'>fuit</span> <span class='ocrx_word' id='word_1_267' title='bbox 1259 2073 1537 2129; x_wconf 89' lang='lat' dir='ltr'>abstrusa</span> <span class='ocrx_word' id='word_1_268' title='bbox 1567 2071 1818 2144; x_wconf 88' lang='lat' dir='ltr'>aperire,</span> <span class='ocrx_word' id='word_1_269' title='bbox 1844 2069 2050 2126; x_wconf 89' lang='lat' dir='ltr'>clausa</span> 
     </span>
    </p>
   </div>
   <div class='ocr_carea' id='block_1_37' title="bbox 387 2159 2047 2235">
    <p class='ocr_par' dir='ltr' id='par_1_37' title="bbox 387 2159 2047 2235">
     <span class='ocr_line' id='line_1_37' title="bbox 387 2159 2047 2235; baseline -0.007 -11"><span class='ocrx_word' id='word_1_270' title='bbox 387 2182 676 2231; x_wconf 87' lang='lat' dir='ltr'>reserare,</span> <span class='ocrx_word' id='word_1_271' title='bbox 731 2166 990 2234; x_wconf 86' lang='lat' dir='ltr'>ﬁgurata</span> <span class='ocrx_word' id='word_1_272' title='bbox 1039 2163 1382 2235; x_wconf 87' lang='lat' dir='ltr'>explanare,</span> <span class='ocrx_word' id='word_1_273' title='bbox 1418 2162 1677 2216; x_wconf 89' lang='lat' dir='ltr'>obscura</span> <span class='ocrx_word' id='word_1_274' title='bbox 1729 2159 2047 2226; x_wconf 89' lang='lat' dir='ltr'>elucidarc,</span> 
     </span>
    </p>
   </div>
   <div class='ocr_carea' id='block_1_38' title="bbox 390 2249 2047 2322">
    <p class='ocr_par' dir='ltr' id='par_1_38' title="bbox 390 2249 2047 2322">
     <span class='ocr_line' id='line_1_38' title="bbox 390 2249 2047 2322; baseline -0.008 -8"><span class='ocrx_word' id='word_1_275' title='bbox 390 2258 552 2314; x_wconf 88' lang='lat' dir='ltr'>dicat</span> <span class='ocrx_word' id='word_1_276' title='bbox 577 2256 672 2312; x_wconf 86' lang='lat' dir='ltr'>vel</span> <span class='ocrx_word' id='word_1_277' title='bbox 700 2271 772 2311; x_wconf 91' lang='lat' dir='ltr'>ea</span> <span class='ocrx_word' id='word_1_278' title='bbox 821 2269 942 2310; x_wconf 93' lang='lat' dir='ltr'>non</span> <span class='ocrx_word' id='word_1_279' title='bbox 990 2252 1370 2318; x_wconf 83' lang='lat' dir='ltr'>intellexisse,</span> <span class='ocrx_word' id='word_1_280' title='bbox 1402 2250 1497 2306; x_wconf 90' lang='lat' dir='ltr'>vel</span> <span class='ocrx_word' id='word_1_281' title='bbox 1537 2249 1738 2305; x_wconf 90' lang='lat' dir='ltr'>invide</span> <span class='ocrx_word' id='word_1_282' title='bbox 1769 2263 2047 2322; x_wconf 89' lang='lat' dir='ltr'>suppres-</span> 
     </span>
    </p>
   </div>
   <div class='ocr_carea' id='block_1_39' title="bbox 391 2339 2052 2414">
    <p class='ocr_par' dir='ltr' id='par_1_39' title="bbox 391 2339 2052 2414">
     <span class='ocr_line' id='line_1_39' title="bbox 391 2339 2052 2414; baseline -0.007 -11"><span class='ocrx_word' id='word_1_283' title='bbox 391 2348 578 2404; x_wconf 86' lang='lat' dir='ltr'>sisse:</span> <span class='ocrx_word' id='word_1_284' title='bbox 627 2345 828 2400; x_wconf 91' lang='lat' dir='ltr'>nullus</span> <span class='ocrx_word' id='word_1_285' title='bbox 882 2359 1026 2399; x_wconf 91' lang='lat' dir='ltr'>sane</span> <span class='ocrx_word' id='word_1_286' title='bbox 1083 2342 1323 2398; x_wconf 92' lang='lat' dir='ltr'>illorum</span> <span class='ocrx_word' id='word_1_287' title='bbox 1377 2340 1687 2414; x_wconf 89' lang='lat' dir='ltr'>reperitur,</span> <span class='ocrx_word' id='word_1_288' title='bbox 1736 2339 1841 2411; x_wconf 90' lang='lat' dir='ltr'>qui</span> <span class='ocrx_word' id='word_1_289' title='bbox 1880 2339 2052 2408; x_wconf 80' lang='lat' dir='ltr'>juxta</span> 
     </span>
    </p>
   </div>
   <div class='ocr_carea' id='block_1_40' title="bbox 391 2428 2050 2508">
    <p class='ocr_par' dir='ltr' id='par_1_40' title="bbox 391 2428 2050 2508">
     <span class='ocr_line' id='line_1_40' title="bbox 391 2428 2050 2508; baseline -0.007 -14"><span class='ocrx_word' id='word_1_290' title='bbox 391 2441 562 2494; x_wconf 90' lang='lat' dir='ltr'>tuam</span> <span class='ocrx_word' id='word_1_291' title='bbox 614 2435 972 2508; x_wconf 85' lang='lat' dir='ltr'>pravitatem</span> <span class='ocrx_word' id='word_1_292' title='bbox 1000 2448 1072 2489; x_wconf 92' lang='lat' dir='ltr'>ea</span> <span class='ocrx_word' id='word_1_293' title='bbox 1098 2431 1194 2487; x_wconf 89' lang='lat' dir='ltr'>vel</span> <span class='ocrx_word' id='word_1_294' title='bbox 1245 2429 1612 2496; x_wconf 83' lang='lat' dir='ltr'>intellexerit,</span> <span class='ocrx_word' id='word_1_295' title='bbox 1642 2428 1734 2484; x_wconf 89' lang='lat' dir='ltr'>vel</span> <span class='ocrx_word' id='word_1_296' title='bbox 1760 2431 2050 2484; x_wconf 85' lang='lat' dir='ltr'>tractave-</span> 
     </span>
    </p>
   </div>
   <div class='ocr_carea' id='block_1_41' title="bbox 392 2516 2052 2597">
    <p class='ocr_par' dir='ltr' id='par_1_41' title="bbox 392 2516 2052 2597">
     <span class='ocr_line' id='line_1_41' title="bbox 392 2516 2052 2597; baseline -0.008 -14"><span class='ocrx_word' id='word_1_297' title='bbox 392 2527 486 2597; x_wconf 87' lang='lat' dir='ltr'>rit,</span> <span class='ocrx_word' id='word_1_298' title='bbox 517 2525 615 2582; x_wconf 90' lang='lat' dir='ltr'>vel</span> <span class='ocrx_word' id='word_1_299' title='bbox 639 2523 927 2580; x_wconf 87' lang='lat' dir='ltr'>docuerit.</span> <span class='ocrx_word' id='word_1_300' title='bbox 957 2539 969 2578; x_wconf 93' lang='lat'>:</span> <span class='ocrx_word' id='word_1_301' title='bbox 999 2537 1122 2595; x_wconf 92' lang='lat' dir='ltr'>quo</span> <span class='ocrx_word' id='word_1_302' title='bbox 1147 2521 1366 2577; x_wconf 88' lang='lat' dir='ltr'>etenim</span> <span class='ocrx_word' id='word_1_303' title='bbox 1397 2523 1575 2592; x_wconf 87' lang='lat' dir='ltr'>pacto</span> <span class='ocrx_word' id='word_1_304' title='bbox 1607 2516 1891 2574; x_wconf 90' lang='lat' dir='ltr'>credendi</span> <span class='ocrx_word' id='word_1_305' title='bbox 1912 2519 2052 2571; x_wconf 90' lang='lat' dir='ltr'>sunt</span> 
     </span>
    </p>
   </div>
   <div class='ocr_carea' id='block_1_42' title="bbox 395 2609 2052 2683">
    <p class='ocr_par' dir='ltr' id='par_1_42' title="bbox 395 2609 2052 2683">
     <span class='ocr_line' id='line_1_42' title="bbox 395 2609 2052 2683; baseline -0.007 -10"><span class='ocrx_word' id='word_1_306' title='bbox 395 2633 434 2674; x_wconf 88' lang='lat' dir='ltr'>a</span> <span class='ocrx_word' id='word_1_307' title='bbox 462 2614 760 2672; x_wconf 81' lang='lat' dir='ltr'>contrario</span> <span class='ocrx_word' id='word_1_308' title='bbox 792 2614 933 2670; x_wconf 90' lang='lat' dir='ltr'>talia</span> <span class='ocrx_word' id='word_1_309' title='bbox 982 2611 1358 2681; x_wconf 84' lang='lat' dir='ltr'>intellexisse,</span> <span class='ocrx_word' id='word_1_310' title='bbox 1390 2611 1494 2683; x_wconf 87' lang='lat' dir='ltr'>qui</span> <span class='ocrx_word' id='word_1_311' title='bbox 1551 2609 1897 2681; x_wconf 91' lang='lat' dir='ltr'>ubicunque</span> <span class='ocrx_word' id='word_1_312' title='bbox 1950 2620 2052 2662; x_wconf 91' lang='lat' dir='ltr'>ne-</span> 
     </span>
    </p>
   </div>
   <div class='ocr_carea' id='block_1_43' title="bbox 395 2697 2052 2763">
    <p class='ocr_par' dir='ltr' id='par_1_43' title="bbox 395 2697 2052 2763">
     <span class='ocr_line' id='line_1_43' title="bbox 395 2697 2052 2763; baseline -0.007 -1"><span class='ocrx_word' id='word_1_313' title='bbox 395 2704 723 2763; x_wconf 88' lang='lat' dir='ltr'>cessarium</span> <span class='ocrx_word' id='word_1_314' title='bbox 754 2703 863 2758; x_wconf 83' lang='lat' dir='ltr'>fuit</span> <span class='ocrx_word' id='word_1_315' title='bbox 901 2702 977 2757; x_wconf 92' lang='lat' dir='ltr'>de</span> <span class='ocrx_word' id='word_1_316' title='bbox 1003 2700 1230 2757; x_wconf 91' lang='lat' dir='ltr'>eisdem</span> <span class='ocrx_word' id='word_1_317' title='bbox 1261 2698 1575 2755; x_wconf 76' lang='lat' dir='ltr'>contrariis</span> <span class='ocrx_word' id='word_1_318' title='bbox 1599 2697 1938 2752; x_wconf 87' lang='lat' dir='ltr'>nullatenus</span> <span class='ocrx_word' id='word_1_319' title='bbox 1967 2698 2052 2750; x_wconf 89' lang='lat' dir='ltr'>ta-</span> 
     </span>
    </p>
   </div>
   <div class='ocr_carea' id='block_1_44' title="bbox 395 2783 2050 2864">
    <p class='ocr_par' dir='ltr' id='par_1_44' title="bbox 395 2783 2050 2864">
     <span class='ocr_line' id='line_1_44' title="bbox 395 2783 2050 2864; baseline -0.008 -11"><span class='ocrx_word' id='word_1_320' title='bbox 395 2798 653 2853; x_wconf 89' lang='lat' dir='ltr'>cuerunt</span> <span class='ocrx_word' id='word_1_321' title='bbox 678 2797 782 2850; x_wconf 90' lang='lat' dir='ltr'>aut</span> <span class='ocrx_word' id='word_1_322' title='bbox 811 2790 1122 2864; x_wconf 91' lang='lat' dir='ltr'>quomodo</span> <span class='ocrx_word' id='word_1_323' title='bbox 1152 2789 1214 2846; x_wconf 91' lang='lat' dir='ltr'>in</span> <span class='ocrx_word' id='word_1_324' title='bbox 1244 2789 1366 2845; x_wconf 90' lang='lat' dir='ltr'>suis</span> <span class='ocrx_word' id='word_1_325' title='bbox 1391 2787 1596 2844; x_wconf 89' lang='lat' dir='ltr'>litteris</span> <span class='ocrx_word' id='word_1_326' title='bbox 1627 2791 1806 2859; x_wconf 87' lang='lat' dir='ltr'>atque</span> <span class='ocrx_word' id='word_1_327' title='bbox 1846 2783 2050 2856; x_wconf 83' lang='lat' dir='ltr'>expla-</span> 
     </span>
    </p>
   </div>
   <div class='ocr_carea' id='block_1_45' title="bbox 394 2877 2048 2952">
    <p class='ocr_par' dir='ltr' id='par_1_45' title="bbox 394 2877 2048 2952">
     <span class='ocr_line' id='line_1_45' title="bbox 394 2877 2048 2952; baseline -0.007 -10"><span class='ocrx_word' id='word_1_328' title='bbox 394 2885 742 2942; x_wconf 89' lang='lat' dir='ltr'>nationibus</span> <span class='ocrx_word' id='word_1_329' title='bbox 796 2883 1068 2952; x_wconf 71' lang='lat' dir='ltr'>ﬁguratae</span> <span class='ocrx_word' id='word_1_330' title='bbox 1123 2878 1438 2936; x_wconf 92' lang='lat' dir='ltr'>locutionis</span> <span class='ocrx_word' id='word_1_331' title='bbox 1486 2877 1670 2934; x_wconf 93' lang='lat' dir='ltr'>modo</span> <span class='ocrx_word' id='word_1_332' title='bbox 1728 2880 2048 2944; x_wconf 86' lang='lat' dir='ltr'>uterentur,</span> 
     </span>
    </p>
   </div>
   <div class='ocr_carea' id='block_1_46' title="bbox 396 2969 2128 3054">
    <p class='ocr_par' dir='ltr' id='par_1_46' title="bbox 396 2969 2128 3054">
     <span class='ocr_line' id='line_1_46' title="bbox 396 2969 2128 3054; baseline -0.008 -21"><span class='ocrx_word' id='word_1_333' title='bbox 396 2976 502 3050; x_wconf 87' lang='lat' dir='ltr'>qui</span> <span class='ocrx_word' id='word_1_334' title='bbox 547 2975 626 3032; x_wconf 91' lang='lat' dir='ltr'>ad</span> <span class='ocrx_word' id='word_1_335' title='bbox 669 2975 786 3031; x_wconf 90' lang='lat' dir='ltr'>hoc</span> <span class='ocrx_word' id='word_1_336' title='bbox 823 2973 1023 3046; x_wconf 90' lang='lat' dir='ltr'>ipsum</span> <span class='ocrx_word' id='word_1_337' title='bbox 1072 2969 1316 3029; x_wconf 90' lang='lat' dir='ltr'>easdem</span> <span class='ocrx_word' id='word_1_338' title='bbox 1347 2969 1750 3042; x_wconf 84' lang='lat' dir='ltr'>expositiones</span> <span class='ocrx_word' id='word_1_339' title='bbox 1780 2981 2052 3038; x_wconf 90' lang='lat' dir='ltr'>suscepe—</span> <span class='ocrx_word' id='word_1_340' title='bbox 2089 2997 2128 3054; x_wconf 65' lang='grc' dir='ltr'><strong><em>ε</em></strong></span> 
     </span>
    </p>
   </div>
   <div class='ocr_carea' id='block_1_47' title="bbox 395 3055 2050 3135">
    <p class='ocr_par' dir='ltr' id='par_1_47' title="bbox 395 3055 2050 3135">
     <span class='ocr_line' id='line_1_47' title="bbox 395 3055 2050 3135; baseline -0.008 -13"><span class='ocrx_word' id='word_1_341' title='bbox 395 3069 550 3134; x_wconf 90' lang='lat' dir='ltr'>rant,</span> <span class='ocrx_word' id='word_1_342' title='bbox 577 3069 642 3121; x_wconf 91' lang='lat' dir='ltr'>ut</span> <span class='ocrx_word' id='word_1_343' title='bbox 668 3079 881 3120; x_wconf 88' lang='lat' dir='ltr'>omnes</span> <span class='ocrx_word' id='word_1_344' title='bbox 905 3061 1194 3135; x_wconf 88' lang='lat' dir='ltr'>ﬁguratas</span> <span class='ocrx_word' id='word_1_345' title='bbox 1241 3059 1570 3116; x_wconf 88' lang='lat' dir='ltr'>locutiones</span> <span class='ocrx_word' id='word_1_346' title='bbox 1595 3056 1812 3130; x_wconf 89' lang='lat' dir='ltr'>apertis</span> <span class='ocrx_word' id='word_1_347' title='bbox 1841 3055 2050 3111; x_wconf 86' lang='lat' dir='ltr'>dictio-</span> 
     </span>
    </p>
   </div>
   <div class='ocr_carea' id='block_1_48' title="bbox 395 3153 982 3228">
    <p class='ocr_par' dir='ltr' id='par_1_48' title="bbox 395 3153 982 3228">
     <span class='ocr_line' id='line_1_48' title="bbox 395 3153 982 3228; baseline -0.009 -16"><span class='ocrx_word' id='word_1_348' title='bbox 395 3155 576 3212; x_wconf 89' lang='lat' dir='ltr'>nibus</span> <span class='ocrx_word' id='word_1_349' title='bbox 615 3153 982 3228; x_wconf 85' lang='lat' dir='ltr'>expedirent.</span> 
     </span>
    </p>
   </div>
   <div class='ocr_carea' id='block_1_49' title="bbox 469 3234 2052 3306">
    <p class='ocr_par' dir='ltr' id='par_1_49' title="bbox 469 3234 2052 3306">
     <span class='ocr_line' id='line_1_49' title="bbox 469 3234 2052 3306; baseline -0.008 -5"><span class='ocrx_word' id='word_1_350' title='bbox 469 3247 514 3301; x_wconf 94' lang='lat'><strong>0</strong></span> <span class='ocrx_word' id='word_1_351' title='bbox 543 3248 884 3301; x_wconf 86' lang='lat' dir='ltr'>monstrum</span> <span class='ocrx_word' id='word_1_352' title='bbox 912 3239 1308 3302; x_wconf 89' lang='lat' dir='ltr'>horrendum,</span> <span class='ocrx_word' id='word_1_353' title='bbox 1339 3253 1375 3292; x_wconf 92' lang='grc' dir='ltr'>ο</span> <span class='ocrx_word' id='word_1_354' title='bbox 1403 3236 1675 3305; x_wconf 88' lang='lat' dir='ltr'>linguam</span> <span class='ocrx_word' id='word_1_355' title='bbox 1729 3234 2052 3306; x_wconf 64' lang='lat' dir='ltr'>praeciden-</span> 
     </span>
    </p>
   </div>
   <div class='ocr_carea' id='block_1_50' title="bbox 397 3323 2052 3407">
    <p class='ocr_par' dir='ltr' id='par_1_50' title="bbox 397 3323 2052 3407">
     <span class='ocr_line' id='line_1_50' title="bbox 397 3323 2052 3407; baseline -0.008 -16"><span class='ocrx_word' id='word_1_356' title='bbox 397 3335 739 3407; x_wconf 69' lang='lat' dir='ltr'>damlqute</span> <span class='ocrx_word' id='word_1_357' title='bbox 793 3331 887 3386; x_wconf 92' lang='lat' dir='ltr'>vel</span> <span class='ocrx_word' id='word_1_358' title='bbox 933 3328 1360 3399; x_wconf 87' lang='lat' dir='ltr'>ignorantiam,</span> <span class='ocrx_word' id='word_1_359' title='bbox 1391 3325 1483 3380; x_wconf 86' lang='lat' dir='ltr'>vel</span> <span class='ocrx_word' id='word_1_360' title='bbox 1529 3323 1821 3380; x_wconf 89' lang='lat' dir='ltr'>invidiam</span> <span class='ocrx_word' id='word_1_361' title='bbox 1872 3323 2052 3379; x_wconf 88' lang='lat' dir='ltr'>tantis</span> 
     </span>
    </p>
   </div>
   <div class='ocr_carea' id='block_1_51' title="bbox 397 3412 2053 3488">
    <p class='ocr_par' dir='ltr' id='par_1_51' title="bbox 397 3412 2053 3488">
     <span class='ocr_line' id='line_1_51' title="bbox 397 3412 2053 3488; baseline -0.008 -9"><span class='ocrx_word' id='word_1_362' title='bbox 397 3421 746 3479; x_wconf 90' lang='lat' dir='ltr'>doctoribus</span> <span class='ocrx_word' id='word_1_363' title='bbox 803 3417 1126 3488; x_wconf 85' lang='lat' dir='ltr'>importare</span> <span class='ocrx_word' id='word_1_364' title='bbox 1157 3430 1281 3470; x_wconf 94' lang='lat' dir='ltr'>non</span> <span class='ocrx_word' id='word_1_365' title='bbox 1307 3413 1532 3479; x_wconf 89' lang='lat' dir='ltr'>metuit,</span> <span class='ocrx_word' id='word_1_366' title='bbox 1567 3417 1632 3469; x_wconf 91' lang='lat' dir='ltr'>ut</span> <span class='ocrx_word' id='word_1_367' title='bbox 1661 3413 1765 3485; x_wconf 90' lang='lat' dir='ltr'>qui</span> <span class='ocrx_word' id='word_1_368' title='bbox 1795 3412 2053 3468; x_wconf 88' lang='lat' dir='ltr'>obscura</span> 
     </span>
    </p>
   </div>
   <div class='ocr_carea' id='block_1_52' title="bbox 395 3499 2052 3572">
    <p class='ocr_par' dir='ltr' id='par_1_52' title="bbox 395 3499 2052 3572">
     <span class='ocr_line' id='line_1_52' title="bbox 395 3499 2052 3572; baseline -0.007 -6"><span class='ocrx_word' id='word_1_369' title='bbox 395 3509 660 3566; x_wconf 88' lang='lat' dir='ltr'>revelare</span> <span class='ocrx_word' id='word_1_370' title='bbox 690 3503 1017 3572; x_wconf 89' lang='lat' dir='ltr'>subierant,</span> <span class='ocrx_word' id='word_1_371' title='bbox 1047 3500 1495 3557; x_wconf 77' lang='lat' dir='ltr'>obscurioribus</span> <span class='ocrx_word' id='word_1_372' title='bbox 1553 3501 1723 3556; x_wconf 89' lang='lat' dir='ltr'>dictis</span> <span class='ocrx_word' id='word_1_373' title='bbox 1753 3515 1824 3556; x_wconf 90' lang='lat' dir='ltr'>ea</span> <span class='ocrx_word' id='word_1_374' title='bbox 1854 3499 2052 3572; x_wconf 88' lang='lat' dir='ltr'>impli-</span> 
     </span>
    </p>
   </div>
   <div class='ocr_carea' id='block_1_53' title="bbox 398 3588 2054 3662">
    <p class='ocr_par' dir='ltr' id='par_1_53' title="bbox 398 3588 2054 3662">
     <span class='ocr_line' id='line_1_53' title="bbox 398 3588 2054 3662; baseline -0.007 -8"><span class='ocrx_word' id='word_1_375' title='bbox 398 3611 566 3654; x_wconf 87' lang='lat' dir='ltr'>casse</span> <span class='ocrx_word' id='word_1_376' title='bbox 615 3592 954 3659; x_wconf 87' lang='lat' dir='ltr'>credantur,</span> <span class='ocrx_word' id='word_1_377' title='bbox 985 3590 1406 3662; x_wconf 78' lang='lat' dir='ltr'>praecipueque</span> <span class='ocrx_word' id='word_1_378' title='bbox 1454 3590 1515 3645; x_wconf 92' lang='lat' dir='ltr'>in</span> <span class='ocrx_word' id='word_1_379' title='bbox 1565 3589 1943 3645; x_wconf 90' lang='lat' dir='ltr'>sermonibus</span> <span class='ocrx_word' id='word_1_380' title='bbox 1974 3588 2054 3643; x_wconf 87' lang='lat' dir='ltr'>ad</span> 
     </span>
    </p>
   </div>
   <div class='ocr_carea' id='block_1_54' title="bbox 396 3676 2051 3758">
    <p class='ocr_par' dir='ltr' id='par_1_54' title="bbox 396 3676 2051 3758">
     <span class='ocr_line' id='line_1_54' title="bbox 396 3676 2051 3758; baseline -0.006 -17"><span class='ocrx_word' id='word_1_381' title='bbox 396 3683 678 3758; x_wconf 87' lang='lat' dir='ltr'>populos,</span> <span class='ocrx_word' id='word_1_382' title='bbox 734 3679 1098 3736; x_wconf 89' lang='lat' dir='ltr'>lucidissime</span> <span class='ocrx_word' id='word_1_383' title='bbox 1141 3677 1235 3734; x_wconf 88' lang='lat' dir='ltr'>vel</span> <span class='ocrx_word' id='word_1_384' title='bbox 1287 3678 1520 3735; x_wconf 89' lang='lat' dir='ltr'>dictatis</span> <span class='ocrx_word' id='word_1_385' title='bbox 1567 3676 1662 3733; x_wconf 90' lang='lat' dir='ltr'>vel</span> <span class='ocrx_word' id='word_1_386' title='bbox 1711 3677 2051 3744; x_wconf 89' lang='lat' dir='ltr'>cnuntiatis,</span> 
     </span>
    </p>
   </div>
   <div class='ocr_carea' id='block_1_55' title="bbox 397 3766 2057 3848">
    <p class='ocr_par' dir='ltr' id='par_1_55' title="bbox 397 3766 2057 3848">
     <span class='ocr_line' id='line_1_55' title="bbox 397 3766 2057 3848; baseline -0.004 -19"><span class='ocrx_word' id='word_1_387' title='bbox 397 3789 553 3848; x_wconf 92' lang='lat' dir='ltr'>quos</span> <span class='ocrx_word' id='word_1_388' title='bbox 573 3771 796 3846; x_wconf 90' lang='lat' dir='ltr'>apertis</span> <span class='ocrx_word' id='word_1_389' title='bbox 820 3768 1137 3842; x_wconf 87' lang='lat' dir='ltr'>oportebat</span> <span class='ocrx_word' id='word_1_390' title='bbox 1155 3766 1756 3824; x_wconf 86' lang='lat' dir='ltr'>sermocinationibus</span> <span class='ocrx_word' id='word_1_391' title='bbox 1775 3766 2057 3822; x_wconf 88' lang='lat' dir='ltr'>informa-</span> 
     </span>
    </p>
   </div>
   <div class='ocr_carea' id='block_1_56' title="bbox 394 3857 2054 3933">
    <p class='ocr_par' dir='ltr' id='par_1_56' title="bbox 394 3857 2054 3933">
     <span class='ocr_line' id='line_1_56' title="bbox 394 3857 2054 3933; baseline -0.004 -12"><span class='ocrx_word' id='word_1_392' title='bbox 394 3864 464 3933; x_wconf 93' lang='lat' dir='ltr'>ri,</span> <span class='ocrx_word' id='word_1_393' title='bbox 493 3879 616 3920; x_wconf 94' lang='lat' dir='ltr'>non</span> <span class='ocrx_word' id='word_1_394' title='bbox 646 3860 920 3932; x_wconf 88' lang='lat' dir='ltr'>ﬁguratis</span> <span class='ocrx_word' id='word_1_395' title='bbox 951 3859 1356 3916; x_wconf 90' lang='lat' dir='ltr'>locutionibus</span> <span class='ocrx_word' id='word_1_396' title='bbox 1385 3857 1663 3931; x_wconf 88' lang='lat' dir='ltr'>impediri</span> <span class='ocrx_word' id='word_1_397' title='bbox 1695 3875 1707 3912; x_wconf 90' lang='lat'><strong>:</strong></span> <span class='ocrx_word' id='word_1_398' title='bbox 1742 3857 1816 3913; x_wconf 88' lang='lat' dir='ltr'>de</span> <span class='ocrx_word' id='word_1_399' title='bbox 1843 3873 1967 3929; x_wconf 90' lang='lat' dir='ltr'>qua</span> <span class='ocrx_word' id='word_1_400' title='bbox 1991 3874 2054 3914; x_wconf 90' lang='lat' dir='ltr'>re</span> 
     </span>
    </p>
   </div>
   <div class='ocr_carea' id='block_1_57' title="bbox 395 3945 2050 4016">
    <p class='ocr_par' dir='ltr' id='par_1_57' title="bbox 395 3945 2050 4016">
     <span class='ocr_line' id='line_1_57' title="bbox 395 3945 2050 4016; baseline -0.005 -6"><span class='ocrx_word' id='word_1_401' title='bbox 395 3956 574 4010; x_wconf 89' lang='lat' dir='ltr'>testes</span> <span class='ocrx_word' id='word_1_402' title='bbox 605 3950 782 4008; x_wconf 91' lang='lat' dir='ltr'>nobis</span> <span class='ocrx_word' id='word_1_403' title='bbox 815 3952 956 4004; x_wconf 91' lang='lat' dir='ltr'>sunt</span> <span class='ocrx_word' id='word_1_404' title='bbox 982 3947 1119 4004; x_wconf 90' lang='lat' dir='ltr'>libri</span> <span class='ocrx_word' id='word_1_405' title='bbox 1147 3947 1476 4004; x_wconf 90' lang='lat' dir='ltr'>beatissimi</span> <span class='ocrx_word' id='word_1_406' title='bbox 1507 3945 1688 4003; x_wconf 86' lang='lat' dir='ltr'>Patris</span> <span class='ocrx_word' id='word_1_407' title='bbox 1715 3946 2050 4016; x_wconf 82' lang='lat' dir='ltr'>Augustini,</span> 
     </span>
    </p>
   </div>
   <div class='ocr_carea' id='block_1_58' title="bbox 394 4035 2054 4115">
    <p class='ocr_par' dir='ltr' id='par_1_58' title="bbox 394 4035 2054 4115">
     <span class='ocr_line' id='line_1_58' title="bbox 394 4035 2054 4115; baseline -0.005 -17"><span class='ocrx_word' id='word_1_408' title='bbox 394 4057 550 4115; x_wconf 89' lang='lat' dir='ltr'>quos</span> <span class='ocrx_word' id='word_1_409' title='bbox 575 4041 650 4097; x_wconf 90' lang='lat' dir='ltr'>de</span> <span class='ocrx_word' id='word_1_410' title='bbox 678 4038 954 4095; x_wconf 89' lang='lat' dir='ltr'>Doctrina</span> <span class='ocrx_word' id='word_1_411' title='bbox 977 4038 1308 4095; x_wconf 87' lang='lat' dir='ltr'>Christiana</span> <span class='ocrx_word' id='word_1_412' title='bbox 1330 4037 1544 4110; x_wconf 85' lang='lat' dir='ltr'>plenus</span> <span class='ocrx_word' id='word_1_413' title='bbox 1566 4051 1720 4092; x_wconf 67' lang='lat' dir='ltr'>verte</span> <span class='ocrx_word' id='word_1_414' title='bbox 1751 4035 2054 4093; x_wconf 88' lang='lat' dir='ltr'>charitatis</span> 
     </span>
    </p>
   </div>
   <div class='ocr_carea' id='block_1_59' title="bbox 395 4124 2054 4199">
    <p class='ocr_par' dir='ltr' id='par_1_59' title="bbox 395 4124 2054 4199">
     <span class='ocr_line' id='line_1_59' title="bbox 395 4124 2054 4199; baseline -0.004 -14"><span class='ocrx_word' id='word_1_415' title='bbox 395 4129 599 4195; x_wconf 91' lang='lat' dir='ltr'>edidit,</span> <span class='ocrx_word' id='word_1_416' title='bbox 618 4127 680 4184; x_wconf 92' lang='lat' dir='ltr'>in</span> <span class='ocrx_word' id='word_1_417' title='bbox 701 4126 922 4199; x_wconf 91' lang='lat' dir='ltr'>quibus</span> <span class='ocrx_word' id='word_1_418' title='bbox 944 4126 1159 4199; x_wconf 90' lang='lat' dir='ltr'>cuique</span> <span class='ocrx_word' id='word_1_419' title='bbox 1180 4125 1557 4198; x_wconf 70' lang='lat' dir='ltr'>prmdicatori</span> <span class='ocrx_word' id='word_1_420' title='bbox 1576 4125 1656 4181; x_wconf 87' lang='lat' dir='ltr'>ita</span> <span class='ocrx_word' id='word_1_421' title='bbox 1679 4124 2054 4196; x_wconf 87' lang='lat' dir='ltr'>loquendum</span> 
     </span>
    </p>
   </div>
   <div class='ocr_carea' id='block_1_60' title="bbox 396 4213 2056 4292">
    <p class='ocr_par' dir='ltr' id='par_1_60' title="bbox 396 4213 2056 4292">
     <span class='ocr_line' id='line_1_60' title="bbox 396 4213 2056 4292; baseline -0.004 -18"><span class='ocrx_word' id='word_1_422' title='bbox 396 4216 716 4292; x_wconf 87' lang='lat' dir='ltr'>persuasit,</span> <span class='ocrx_word' id='word_1_423' title='bbox 741 4220 807 4272; x_wconf 94' lang='lat' dir='ltr'>ut</span> <span class='ocrx_word' id='word_1_424' title='bbox 835 4216 1184 4288; x_wconf 89' lang='lat' dir='ltr'>postpositis</span> <span class='ocrx_word' id='word_1_425' title='bbox 1215 4216 1390 4271; x_wconf 91' lang='lat' dir='ltr'>totius</span> <span class='ocrx_word' id='word_1_426' title='bbox 1411 4213 1852 4286; x_wconf 87' lang='lat' dir='ltr'>plausibilitatis</span> <span class='ocrx_word' id='word_1_427' title='bbox 1877 4229 2056 4286; x_wconf 78' lang='lat' dir='ltr'>appe-</span> 
     </span>
    </p>
   </div>
   <div class='ocr_carea' id='block_1_61' title="bbox 399 4300 2056 4378">
    <p class='ocr_par' dir='ltr' id='par_1_61' title="bbox 399 4300 2056 4378">
     <span class='ocr_line' id='line_1_61' title="bbox 399 4300 2056 4378; baseline -0.004 -15"><span class='ocrx_word' id='word_1_428' title='bbox 399 4307 614 4378; x_wconf 88' lang='lat' dir='ltr'>tentiis,</span> <span class='ocrx_word' id='word_1_429' title='bbox 652 4305 908 4378; x_wconf 89' lang='lat' dir='ltr'>fucoque</span> <span class='ocrx_word' id='word_1_430' title='bbox 939 4304 1278 4361; x_wconf 89' lang='lat' dir='ltr'>cothurnati</span> <span class='ocrx_word' id='word_1_431' title='bbox 1306 4303 1602 4358; x_wconf 89' lang='lat' dir='ltr'>sermonis</span> <span class='ocrx_word' id='word_1_432' title='bbox 1631 4300 1942 4375; x_wconf 91' lang='lat' dir='ltr'>propulso,</span> <span class='ocrx_word' id='word_1_433' title='bbox 1974 4301 2056 4357; x_wconf 87' lang='lat' dir='ltr'>ita</span> 
     </span>
    </p>
   </div>
   <div class='ocr_carea' id='block_1_62' title="bbox 397 4391 2055 4463">
    <p class='ocr_par' dir='ltr' id='par_1_62' title="bbox 397 4391 2055 4463">
     <span class='ocr_line' id='line_1_62' title="bbox 397 4391 2055 4463; baseline -0.004 -10"><span class='ocrx_word' id='word_1_434' title='bbox 397 4395 773 4453; x_wconf 92' lang='lat' dir='ltr'>audientium</span> <span class='ocrx_word' id='word_1_435' title='bbox 803 4396 1052 4452; x_wconf 86' lang='lat' dir='ltr'>auribus</span> <span class='ocrx_word' id='word_1_436' title='bbox 1084 4393 1389 4463; x_wconf 84' lang='lat' dir='ltr'>inserviat,</span> <span class='ocrx_word' id='word_1_437' title='bbox 1423 4397 1490 4448; x_wconf 91' lang='lat' dir='ltr'>ut</span> <span class='ocrx_word' id='word_1_438' title='bbox 1508 4391 1812 4447; x_wconf 90' lang='lat' dir='ltr'>mentibus</span> <span class='ocrx_word' id='word_1_439' title='bbox 1843 4407 2055 4446; x_wconf 89' lang='lat' dir='ltr'>eorum</span> 
     </span>
    </p>
   </div>
   <div class='ocr_carea' id='block_1_63' title="bbox 395 4482 2053 4562">
    <p class='ocr_par' dir='ltr' id='par_1_63' title="bbox 395 4482 2053 4562">
     <span class='ocr_line' id='line_1_63' title="bbox 395 4482 2053 4562; baseline -0.005 -18"><span class='ocrx_word' id='word_1_440' title='bbox 395 4503 505 4562; x_wconf 89' lang='lat' dir='ltr'>per</span> <span class='ocrx_word' id='word_1_441' title='bbox 526 4486 732 4544; x_wconf 89' lang='lat' dir='ltr'>omnia</span> <span class='ocrx_word' id='word_1_442' title='bbox 759 4487 1048 4559; x_wconf 90' lang='lat' dir='ltr'>prodesse</span> <span class='ocrx_word' id='word_1_443' title='bbox 1069 4482 1423 4551; x_wconf 87' lang='lat' dir='ltr'>contendat;</span> <span class='ocrx_word' id='word_1_444' title='bbox 1451 4497 1648 4554; x_wconf 87' lang='lat' dir='ltr'>neque</span> <span class='ocrx_word' id='word_1_445' title='bbox 1674 4483 1735 4536; x_wconf 92' lang='lat' dir='ltr'>in</span> <span class='ocrx_word' id='word_1_446' title='bbox 1765 4485 2053 4554; x_wconf 89' lang='lat' dir='ltr'>quatuor-</span> 
     </span>
    </p>
   </div>
   <div class='ocr_carea' id='block_1_64' title="bbox 397 4571 2052 4647">
    <p class='ocr_par' dir='ltr' id='par_1_64' title="bbox 397 4571 2052 4647">
     <span class='ocr_line' id='line_1_64' title="bbox 397 4571 2052 4647; baseline -0.005 -13"><span class='ocrx_word' id='word_1_447' title='bbox 397 4577 595 4634; x_wconf 90' lang='lat' dir='ltr'>decim</span> <span class='ocrx_word' id='word_1_448' title='bbox 623 4577 790 4634; x_wconf 90' lang='lat' dir='ltr'>libris</span> <span class='ocrx_word' id='word_1_449' title='bbox 823 4575 1234 4643; x_wconf 83' lang='lat' dir='ltr'>Quaestionum</span> <span class='ocrx_word' id='word_1_450' title='bbox 1263 4579 1443 4647; x_wconf 86' lang='lat' dir='ltr'>atque</span> <span class='ocrx_word' id='word_1_451' title='bbox 1473 4571 1845 4629; x_wconf 90' lang='lat' dir='ltr'>locutionum</span> <span class='ocrx_word' id='word_1_452' title='bbox 1877 4573 2052 4643; x_wconf 82' lang='lat' dir='ltr'>(quo-</span> 
     </span>
    </p>
   </div>
   <div class='ocr_carea' id='block_1_65' title="bbox 397 4661 2056 4742">
    <p class='ocr_par' dir='ltr' id='par_1_65' title="bbox 397 4661 2056 4742">
     <span class='ocr_line' id='line_1_65' title="bbox 397 4661 2056 4742; baseline -0.005 -18"><span class='ocrx_word' id='word_1_453' title='bbox 397 4684 534 4724; x_wconf 91' lang='lat' dir='ltr'>rum</span> <span class='ocrx_word' id='word_1_454' title='bbox 565 4684 722 4742; x_wconf 79' lang='lat' dir='ltr'>saepe</span> <span class='ocrx_word' id='word_1_455' title='bbox 752 4665 1164 4738; x_wconf 90' lang='lat' dir='ltr'>meminimus)</span> <span class='ocrx_word' id='word_1_456' title='bbox 1188 4663 1372 4722; x_wconf 91' lang='lat' dir='ltr'>ullam</span> <span class='ocrx_word' id='word_1_457' title='bbox 1403 4663 1580 4734; x_wconf 91' lang='lat' dir='ltr'>hujus</span> <span class='ocrx_word' id='word_1_458' title='bbox 1604 4666 1717 4720; x_wconf 82' lang='lat' dir='ltr'>tuae</span> <span class='ocrx_word' id='word_1_459' title='bbox 1745 4661 2056 4736; x_wconf 89' lang='lat' dir='ltr'>pravitatis</span> 
     </span>
    </p>
   </div>
   <div class='ocr_carea' id='block_1_66' title="bbox 394 4751 2056 4827">
    <p class='ocr_par' dir='ltr' id='par_1_66' title="bbox 394 4751 2056 4827">
     <span class='ocr_line' id='line_1_66' title="bbox 394 4751 2056 4827; baseline -0.004 -15"><span class='ocrx_word' id='word_1_460' title='bbox 394 4756 693 4814; x_wconf 87' lang='lat' dir='ltr'>invenitur</span> <span class='ocrx_word' id='word_1_461' title='bbox 752 4757 960 4814; x_wconf 89' lang='lat' dir='ltr'>fecisse</span> <span class='ocrx_word' id='word_1_462' title='bbox 1011 4754 1399 4819; x_wconf 90' lang='lat' dir='ltr'>mentionem,</span> <span class='ocrx_word' id='word_1_463' title='bbox 1428 4752 1701 4827; x_wconf 90' lang='lat' dir='ltr'>quinimo</span> <span class='ocrx_word' id='word_1_464' title='bbox 1745 4751 2056 4826; x_wconf 71' lang='lat' dir='ltr'>praedesti-</span> 
     </span>
    </p>
   </div>
   <div class='ocr_carea' id='block_1_67' title="bbox 396 4841 2054 4917">
    <p class='ocr_par' dir='ltr' id='par_1_67' title="bbox 396 4841 2054 4917">
     <span class='ocr_line' id='line_1_67' title="bbox 396 4841 2054 4917; baseline -0.002 -18"><span class='ocrx_word' id='word_1_465' title='bbox 396 4860 542 4900; x_wconf 86' lang='lat' dir='ltr'>nare</span> <span class='ocrx_word' id='word_1_466' title='bbox 575 4851 631 4901; x_wconf 91' lang='lat' dir='ltr'>et</span> <span class='ocrx_word' id='word_1_467' title='bbox 657 4845 967 4917; x_wconf 89' lang='lat' dir='ltr'>deputare,</span> <span class='ocrx_word' id='word_1_468' title='bbox 989 4845 1140 4901; x_wconf 87' lang='lat' dir='ltr'>sicut</span> <span class='ocrx_word' id='word_1_469' title='bbox 1165 4845 1224 4900; x_wconf 92' lang='lat' dir='ltr'>in</span> <span class='ocrx_word' id='word_1_470' title='bbox 1255 4843 1540 4910; x_wconf 86' lang='lat' dir='ltr'>omnibus</span> <span class='ocrx_word' id='word_1_471' title='bbox 1561 4858 1713 4916; x_wconf 90' lang='lat' dir='ltr'>pene</span> <span class='ocrx_word' id='word_1_472' title='bbox 1734 4841 1900 4898; x_wconf 77' lang='lat' dir='ltr'>libris</span> <span class='ocrx_word' id='word_1_473' title='bbox 1931 4841 2054 4897; x_wconf 90' lang='lat' dir='ltr'>suis</span> 
     </span>
    </p>
   </div>
   <div class='ocr_carea' id='block_1_68' title="bbox 398 4931 2056 5006">
    <p class='ocr_par' dir='ltr' id='par_1_68' title="bbox 398 4931 2056 5006">
     <span class='ocr_line' id='line_1_68' title="bbox 398 4931 2056 5006; baseline 0 -20"><span class='ocrx_word' id='word_1_474' title='bbox 398 4936 580 5001; x_wconf 86' lang='lat' dir='ltr'>atque</span> <span class='ocrx_word' id='word_1_475' title='bbox 612 4932 1016 5000; x_wconf 90' lang='lat' dir='ltr'>sermonibus,</span> <span class='ocrx_word' id='word_1_476' title='bbox 1047 4933 1108 4987; x_wconf 92' lang='lat' dir='ltr'>in</span> <span class='ocrx_word' id='word_1_477' title='bbox 1137 4933 1230 4989; x_wconf 89' lang='lat' dir='ltr'>his</span> <span class='ocrx_word' id='word_1_478' title='bbox 1265 4947 1510 5006; x_wconf 88' lang='lat' dir='ltr'>quoque</span> <span class='ocrx_word' id='word_1_479' title='bbox 1565 4931 1838 5004; x_wconf 89' lang='lat' dir='ltr'>posuisse</span> <span class='ocrx_word' id='word_1_480' title='bbox 1884 4946 2056 5003; x_wconf 89' lang='lat' dir='ltr'>repe-</span> 
     </span>
    </p>
   </div>
   <div class='ocr_carea' id='block_1_69' title="bbox 402 5019 2058 5094">
    <p class='ocr_par' dir='ltr' id='par_1_69' title="bbox 402 5019 2058 5094">
     <span class='ocr_line' id='line_1_69' title="bbox 402 5019 2058 5094; baseline -0.001 -19"><span class='ocrx_word' id='word_1_481' title='bbox 402 5019 570 5075; x_wconf 88' lang='lat' dir='ltr'>ritur.</span> <span class='ocrx_word' id='word_1_482' title='bbox 600 5021 749 5074; x_wconf 87' lang='lat' dir='ltr'>Nam</span> <span class='ocrx_word' id='word_1_483' title='bbox 778 5020 839 5075; x_wconf 93' lang='lat' dir='ltr'>in</span> <span class='ocrx_word' id='word_1_484' title='bbox 860 5021 1013 5076; x_wconf 90' lang='lat' dir='ltr'>libro</span> <span class='ocrx_word' id='word_1_485' title='bbox 1044 5022 1454 5086; x_wconf 82' lang='lat' dir='ltr'>Quaestionum</span> <span class='ocrx_word' id='word_1_486' title='bbox 1483 5022 1737 5094; x_wconf 91' lang='lat' dir='ltr'>septimo</span> <span class='ocrx_word' id='word_1_487' title='bbox 1786 5036 1926 5076; x_wconf 92' lang='lat' dir='ltr'>cum</span> <span class='ocrx_word' id='word_1_488' title='bbox 1955 5035 2058 5074; x_wconf 86' lang='lat' dir='ltr'>ex-</span> 
     </span>
    </p>
   </div>
   <div class='ocr_carea' id='block_1_70' title="bbox 397 5107 2060 5183">
    <p class='ocr_par' dir='ltr' id='par_1_70' title="bbox 397 5107 2060 5183">
     <span class='ocr_line' id='line_1_70' title="bbox 397 5107 2060 5183; baseline 0.001 -21"><span class='ocrx_word' id='word_1_489' title='bbox 397 5110 649 5181; x_wconf 88' lang='lat' dir='ltr'>poneret</span> <span class='ocrx_word' id='word_1_490' title='bbox 676 5108 881 5180; x_wconf 85' lang='lat' dir='ltr'>Jephte</span> <span class='ocrx_word' id='word_1_491' title='bbox 901 5108 1240 5180; x_wconf 88' lang='lat' dir='ltr'>historiam,</span> <span class='ocrx_word' id='word_1_492' title='bbox 1270 5110 1352 5167; x_wconf 87' lang='lat' dir='ltr'>ita</span> <span class='ocrx_word' id='word_1_493' title='bbox 1381 5115 1725 5183; x_wconf 86' lang='lat' dir='ltr'>utrumque,</span> <span class='ocrx_word' id='word_1_494' title='bbox 1753 5114 1810 5164; x_wconf 90' lang='lat' dir='ltr'>et</span> <span class='ocrx_word' id='word_1_495' title='bbox 1834 5107 2060 5181; x_wconf 64' lang='lat' dir='ltr'>praede-</span> 
     </span>
    </p>
   </div>
   <div class='ocr_carea' id='block_1_71' title="bbox 399 5194 2060 5270">
    <p class='ocr_par' dir='ltr' id='par_1_71' title="bbox 399 5194 2060 5270">
     <span class='ocr_line' id='line_1_71' title="bbox 399 5194 2060 5270; baseline 0 -18"><span class='ocrx_word' id='word_1_496' title='bbox 399 5195 620 5252; x_wconf 88' lang='lat' dir='ltr'>stinare</span> <span class='ocrx_word' id='word_1_497' title='bbox 661 5194 884 5252; x_wconf 88' lang='lat' dir='ltr'>scilicet</span> <span class='ocrx_word' id='word_1_498' title='bbox 925 5199 983 5252; x_wconf 89' lang='lat' dir='ltr'>et</span> <span class='ocrx_word' id='word_1_499' title='bbox 1033 5197 1340 5270; x_wconf 85' lang='lat' dir='ltr'>deputare,</span> <span class='ocrx_word' id='word_1_500' title='bbox 1387 5199 1504 5254; x_wconf 90' lang='lat' dir='ltr'>sub</span> <span class='ocrx_word' id='word_1_501' title='bbox 1561 5215 1685 5256; x_wconf 92' lang='lat' dir='ltr'>uno</span> <span class='ocrx_word' id='word_1_502' title='bbox 1725 5198 2060 5269; x_wconf 87' lang='lat' dir='ltr'>eodemque</span> 
     </span>
    </p>
   </div>
   <div class='ocr_carea' id='block_1_72' title="bbox 401 5285 2062 5362">
    <p class='ocr_par' dir='ltr' id='par_1_72' title="bbox 401 5285 2062 5362">
     <span class='ocr_line' id='line_1_72' title="bbox 401 5285 2062 5362; baseline 0.001 -21"><span class='ocrx_word' id='word_1_503' title='bbox 401 5285 704 5344; x_wconf 87' lang='lat' dir='ltr'>intellectu</span> <span class='ocrx_word' id='word_1_504' title='bbox 731 5287 953 5361; x_wconf 88' lang='lat' dir='ltr'>posuit,</span> <span class='ocrx_word' id='word_1_505' title='bbox 985 5289 1052 5342; x_wconf 91' lang='lat' dir='ltr'>ut</span> <span class='ocrx_word' id='word_1_506' title='bbox 1079 5285 1316 5343; x_wconf 75' lang='lat' dir='ltr'>differre</span> <span class='ocrx_word' id='word_1_507' title='bbox 1345 5287 1493 5344; x_wconf 90' lang='lat' dir='ltr'>nihil</span> <span class='ocrx_word' id='word_1_508' title='bbox 1517 5289 1754 5362; x_wconf 91' lang='lat' dir='ltr'>penitus</span> <span class='ocrx_word' id='word_1_509' title='bbox 1780 5287 2062 5344; x_wconf 86' lang='lat' dir='ltr'>edoceret</span> 
     </span>
    </p>
   </div>
   <div class='ocr_carea' id='block_1_73' title="bbox 401 5374 2060 5450">
    <p class='ocr_par' dir='ltr' id='par_1_73' title="bbox 401 5374 2060 5450">
     <span class='ocr_line' id='line_1_73' title="bbox 401 5374 2060 5450; baseline 0.003 -20"><span class='ocrx_word' id='word_1_510' title='bbox 401 5375 681 5448; x_wconf 83' lang='lat' dir='ltr'>(August.</span> <span class='ocrx_word' id='word_1_511' title='bbox 714 5378 780 5433; x_wconf 79' lang='lat' dir='ltr'>in</span> <span class='ocrx_word' id='word_1_512' title='bbox 809 5377 1170 5447; x_wconf 79' lang='lat' dir='ltr'>Eptateuch.</span> <span class='ocrx_word' id='word_1_513' title='bbox 1198 5375 1302 5432; x_wconf 91' lang='lat' dir='ltr'>lib.</span> <span class='ocrx_word' id='word_1_514' title='bbox 1329 5391 1427 5444; x_wconf 89' lang='lat' dir='ltr'>vn,</span> <span class='ocrx_word' id='word_1_515' title='bbox 1461 5392 1575 5450; x_wconf 91' lang='lat' dir='ltr'>cap</span> <span class='ocrx_word' id='word_1_516' title='bbox 1620 5379 1734 5446; x_wconf 80' lang='grc'>49).</span> <span class='ocrx_word' id='word_1_517' title='bbox 1768 5374 2060 5448; x_wconf 84' lang='lat' dir='ltr'>[Profecto</span> 
     </span>
    </p>
   </div>
   <div class='ocr_carea' id='block_1_74' title="bbox 400 5464 2065 5541">
    <p class='ocr_par' dir='ltr' id='par_1_74' title="bbox 400 5464 2065 5541">
     <span class='ocr_line' id='line_1_74' title="bbox 400 5464 2065 5541; baseline -0.002 -15"><span class='ocrx_word' id='word_1_518' title='bbox 400 5469 630 5537; x_wconf 79' lang='lat' dir='ltr'>autem,</span> <span class='ocrx_word' id='word_1_519' title='bbox 661 5466 964 5541; x_wconf 88' lang='lat' dir='ltr'>inquiens,</span> <span class='ocrx_word' id='word_1_520' title='bbox 994 5466 1077 5524; x_wconf 89' lang='lat' dir='ltr'>illi</span> <span class='ocrx_word' id='word_1_521' title='bbox 1128 5464 1541 5537; x_wconf 86' lang='lat' dir='ltr'>signiﬁcantur</span> <span class='ocrx_word' id='word_1_522' title='bbox 1569 5465 1811 5536; x_wconf 91' lang='lat' dir='ltr'>inimici,</span> <span class='ocrx_word' id='word_1_523' title='bbox 1842 5467 1950 5540; x_wconf 91' lang='lat' dir='ltr'>qui</span> <span class='ocrx_word' id='word_1_524' title='bbox 1991 5483 2065 5523; x_wconf 82' lang='lat' dir='ltr'>ex</span> 
     </span>
    </p>
   </div>
   <div class='ocr_carea' id='block_1_75' title="bbox 397 5556 2065 5633">
    <p class='ocr_par' dir='ltr' id='par_1_75' title="bbox 397 5556 2065 5633">
     <span class='ocr_line' id='line_1_75' title="bbox 397 5556 2065 5633; baseline -0.001 -19"><span class='ocrx_word' id='word_1_525' title='bbox 397 5571 543 5631; x_wconf 74' lang='lat' dir='ltr'>ipsa</span> <span class='ocrx_word' id='word_1_526' title='bbox 572 5561 747 5628; x_wconf 87' lang='lat' dir='ltr'>gente</span> <span class='ocrx_word' id='word_1_527' title='bbox 794 5561 1244 5633; x_wconf 84' lang='lat' dir='ltr'>perseverantes</span> <span class='ocrx_word' id='word_1_528' title='bbox 1288 5556 1351 5612; x_wconf 92' lang='lat' dir='ltr'>in</span> <span class='ocrx_word' id='word_1_529' title='bbox 1403 5556 1750 5614; x_wconf 86' lang='lat' dir='ltr'>inﬁdelitate</span> <span class='ocrx_word' id='word_1_530' title='bbox 1797 5556 2065 5632; x_wconf 84' lang='lat' dir='ltr'>praedicti</span> 
     </span>
    </p>
   </div>
   <div class='ocr_carea' id='block_1_76' title="bbox 409 5645 2065 5721">
    <p class='ocr_par' dir='ltr' id='par_1_76' title="bbox 409 5645 2065 5721">
     <span class='ocr_line' id='line_1_76' title="bbox 409 5645 2065 5721; baseline 0.003 -18"><span class='ocrx_word' id='word_1_531' title='bbox 409 5651 576 5716; x_wconf 76' lang='lat' dir='ltr'>sunt.</span> <span class='ocrx_word' id='word_1_532' title='bbox 601 5652 712 5709; x_wconf 83' lang='lat' dir='ltr'>aut</span> <span class='ocrx_word' id='word_1_533' title='bbox 749 5648 1000 5708; x_wconf 77' lang='lat' dir='ltr'>omnino</span> <span class='ocrx_word' id='word_1_534' title='bbox 1040 5663 1254 5708; x_wconf 84' lang='lat' dir='ltr'>omnes</span> <span class='ocrx_word' id='word_1_535' title='bbox 1303 5645 1593 5721; x_wconf 73' lang='lat' dir='ltr'>gehennae</span> <span class='ocrx_word' id='word_1_536' title='bbox 1641 5647 2065 5721; x_wconf 76' lang='lat' dir='ltr'>praedestinati,</span> 
     </span>
    </p>
   </div>
   <div class='ocr_carea' id='block_1_77' title="bbox 2157 1713 3812 1789">
    <p class='ocr_par' dir='ltr' id='par_1_77' title="bbox 2157 1713 3812 1789">
     <span class='ocr_line' id='line_1_77' title="bbox 2157 1713 3812 1789; baseline 0.001 -20"><span class='ocrx_word' id='word_1_537' title='bbox 2157 1715 2466 1787; x_wconf 90' lang='lat' dir='ltr'>scripsisti,</span> <span class='ocrx_word' id='word_1_538' title='bbox 2499 1720 2558 1771; x_wconf 90' lang='lat' dir='ltr'>et</span> <span class='ocrx_word' id='word_1_539' title='bbox 2608 1731 2748 1771; x_wconf 88' lang='lat' dir='ltr'>vera</span> <span class='ocrx_word' id='word_1_540' title='bbox 2803 1718 2942 1770; x_wconf 91' lang='lat' dir='ltr'>sunt</span> <span class='ocrx_word' id='word_1_541' title='bbox 2969 1713 3180 1782; x_wconf 88' lang='lat' dir='ltr'>procul</span> <span class='ocrx_word' id='word_1_542' title='bbox 3226 1714 3415 1770; x_wconf 90' lang='lat' dir='ltr'>dubio</span> <span class='ocrx_word' id='word_1_543' title='bbox 3441 1733 3576 1789; x_wconf 65' lang='lat' dir='ltr'>qum</span> <span class='ocrx_word' id='word_1_544' title='bbox 3609 1722 3812 1773; x_wconf 90' lang='lat' dir='ltr'>tantus</span> 
     </span>
    </p>
   </div>
   <div class='ocr_carea' id='block_1_78' title="bbox 2155 1803 3802 1862">
    <p class='ocr_par' dir='ltr' id='par_1_78' title="bbox 2155 1803 3802 1862">
     <span class='ocr_line' id='line_1_78' title="bbox 2155 1803 3802 1862; baseline -0.001 -2"><span class='ocrx_word' id='word_1_545' title='bbox 2155 1804 2364 1860; x_wconf 89' lang='lat' dir='ltr'>doctor</span> <span class='ocrx_word' id='word_1_546' title='bbox 2420 1803 2671 1860; x_wconf 71' lang='lat' dir='ltr'>ﬁdeliter</span> <span class='ocrx_word' id='word_1_547' title='bbox 2720 1821 2789 1860; x_wconf 88' lang='lat' dir='ltr'>ac</span> <span class='ocrx_word' id='word_1_548' title='bbox 2842 1803 3132 1860; x_wconf 87' lang='lat' dir='ltr'>veraciter</span> <span class='ocrx_word' id='word_1_549' title='bbox 3175 1804 3482 1860; x_wconf 88' lang='lat' dir='ltr'>intimavit.</span> <span class='ocrx_word' id='word_1_550' title='bbox 3543 1807 3707 1862; x_wconf 88' lang='lat' dir='ltr'>Certe</span> <span class='ocrx_word' id='word_1_551' title='bbox 3752 1805 3802 1859; x_wconf 85' lang='lat' dir='ltr'>si</span> 
     </span>
    </p>
   </div>
   <div class='ocr_carea' id='block_1_79' title="bbox 2155 1893 3794 1966">
    <p class='ocr_par' dir='ltr' id='par_1_79' title="bbox 2155 1893 3794 1966">
     <span class='ocr_line' id='line_1_79' title="bbox 2155 1893 3794 1966; baseline -0.001 -17"><span class='ocrx_word' id='word_1_552' title='bbox 2155 1893 2321 1949; x_wconf 89' lang='lat' dir='ltr'>nulla</span> <span class='ocrx_word' id='word_1_553' title='bbox 2346 1894 2523 1949; x_wconf 91' lang='lat' dir='ltr'>nobis</span> <span class='ocrx_word' id='word_1_554' title='bbox 2573 1893 2686 1950; x_wconf 90' lang='lat' dir='ltr'>alia</span> <span class='ocrx_word' id='word_1_555' title='bbox 2737 1898 2840 1949; x_wconf 89' lang='lat' dir='ltr'>aut</span> <span class='ocrx_word' id='word_1_556' title='bbox 2865 1893 3190 1949; x_wconf 88' lang='lat' dir='ltr'>auctoritas</span> <span class='ocrx_word' id='word_1_557' title='bbox 3219 1899 3314 1949; x_wconf 88' lang='lat' dir='ltr'>aut</span> <span class='ocrx_word' id='word_1_558' title='bbox 3341 1894 3483 1948; x_wconf 87' lang='lat' dir='ltr'>ratio</span> <span class='ocrx_word' id='word_1_559' title='bbox 3515 1893 3794 1966; x_wconf 86' lang='lat' dir='ltr'>suppedi-</span> 
     </span>
    </p>
   </div>
   <div class='ocr_carea' id='block_1_80' title="bbox 2157 1981 3795 2055">
    <p class='ocr_par' dir='ltr' id='par_1_80' title="bbox 2157 1981 3795 2055">
     <span class='ocr_line' id='line_1_80' title="bbox 2157 1981 3795 2055; baseline -0.001 -15"><span class='ocrx_word' id='word_1_560' title='bbox 2157 1988 2324 2055; x_wconf 87' lang='lat' dir='ltr'>taret,</span> <span class='ocrx_word' id='word_1_561' title='bbox 2359 1983 2524 2040; x_wconf 89' lang='lat' dir='ltr'>solus</span> <span class='ocrx_word' id='word_1_562' title='bbox 2561 1983 2654 2038; x_wconf 89' lang='lat' dir='ltr'>ille</span> <span class='ocrx_word' id='word_1_563' title='bbox 2685 1983 2859 2039; x_wconf 84' lang='lat' dir='ltr'>nobis</span> <span class='ocrx_word' id='word_1_564' title='bbox 2906 1983 2966 2038; x_wconf 92' lang='lat' dir='ltr'>in</span> <span class='ocrx_word' id='word_1_565' title='bbox 3018 1984 3204 2055; x_wconf 89' lang='lat' dir='ltr'>hujus</span> <span class='ocrx_word' id='word_1_566' title='bbox 3251 1984 3529 2039; x_wconf 89' lang='lat' dir='ltr'>sermonis</span> <span class='ocrx_word' id='word_1_567' title='bbox 3580 1981 3795 2038; x_wconf 83' lang='lat' dir='ltr'>intelli-</span> 
     </span>
    </p>
   </div>
   <div class='ocr_carea' id='block_1_81' title="bbox 2158 2073 3805 2146">
    <p class='ocr_par' dir='ltr' id='par_1_81' title="bbox 2158 2073 3805 2146">
     <span class='ocr_line' id='line_1_81' title="bbox 2158 2073 3805 2146; baseline -0.003 -16"><span class='ocrx_word' id='word_1_568' title='bbox 2158 2074 2357 2145; x_wconf 89' lang='lat' dir='ltr'>gentia</span> <span class='ocrx_word' id='word_1_569' title='bbox 2378 2073 2647 2130; x_wconf 80' lang='lat' dir='ltr'>suﬂicere</span> <span class='ocrx_word' id='word_1_570' title='bbox 2668 2076 2918 2146; x_wconf 89' lang='lat' dir='ltr'>poterat,</span> <span class='ocrx_word' id='word_1_571' title='bbox 2933 2073 3104 2143; x_wconf 89' lang='lat' dir='ltr'>cujus</span> <span class='ocrx_word' id='word_1_572' title='bbox 3124 2073 3394 2129; x_wconf 87' lang='lat' dir='ltr'>doctrina</span> <span class='ocrx_word' id='word_1_573' title='bbox 3416 2078 3591 2146; x_wconf 86' lang='lat' dir='ltr'>atque</span> <span class='ocrx_word' id='word_1_574' title='bbox 3611 2073 3805 2126; x_wconf 87' lang='lat' dir='ltr'>scien-</span> 
     </span>
    </p>
   </div>
   <div class='ocr_carea' id='block_1_82' title="bbox 2157 2162 3814 2219">
    <p class='ocr_par' dir='ltr' id='par_1_82' title="bbox 2157 2162 3814 2219">
     <span class='ocr_line' id='line_1_82' title="bbox 2157 2162 3814 2219; baseline -0.002 0"><span class='ocrx_word' id='word_1_575' title='bbox 2157 2164 2238 2219; x_wconf 90' lang='lat' dir='ltr'>tia</span> <span class='ocrx_word' id='word_1_576' title='bbox 2269 2169 2435 2219; x_wconf 91' lang='lat' dir='ltr'>tanto</span> <span class='ocrx_word' id='word_1_577' title='bbox 2464 2163 2524 2219; x_wconf 90' lang='lat' dir='ltr'>in</span> <span class='ocrx_word' id='word_1_578' title='bbox 2555 2163 2846 2219; x_wconf 90' lang='lat' dir='ltr'>catholica</span> <span class='ocrx_word' id='word_1_579' title='bbox 2899 2162 3161 2218; x_wconf 89' lang='lat' dir='ltr'>Ecclesia</span> <span class='ocrx_word' id='word_1_580' title='bbox 3210 2163 3437 2218; x_wconf 89' lang='lat' dir='ltr'>honore</span> <span class='ocrx_word' id='word_1_581' title='bbox 3495 2167 3550 2217; x_wconf 91' lang='lat' dir='ltr'>et</span> <span class='ocrx_word' id='word_1_582' title='bbox 3605 2176 3814 2216; x_wconf 88' lang='lat' dir='ltr'>amore</span> 
     </span>
    </p>
   </div>
   <div class='ocr_carea' id='block_1_83' title="bbox 2161 2250 3819 2325">
    <p class='ocr_par' dir='ltr' id='par_1_83' title="bbox 2161 2250 3819 2325">
     <span class='ocr_line' id='line_1_83' title="bbox 2161 2250 3819 2325; baseline -0.002 -16"><span class='ocrx_word' id='word_1_583' title='bbox 2161 2253 2480 2321; x_wconf 88' lang='lat' dir='ltr'>convaluit,</span> <span class='ocrx_word' id='word_1_584' title='bbox 2503 2257 2569 2309; x_wconf 93' lang='lat' dir='ltr'>ut</span> <span class='ocrx_word' id='word_1_585' title='bbox 2587 2253 2660 2308; x_wconf 90' lang='lat' dir='ltr'>de</span> <span class='ocrx_word' id='word_1_586' title='bbox 2681 2252 2838 2308; x_wconf 90' lang='lat' dir='ltr'>illius</span> <span class='ocrx_word' id='word_1_587' title='bbox 2865 2252 3096 2325; x_wconf 90' lang='lat' dir='ltr'>scriptis</span> <span class='ocrx_word' id='word_1_588' title='bbox 3123 2252 3323 2308; x_wconf 90' lang='lat' dir='ltr'>nullus</span> <span class='ocrx_word' id='word_1_589' title='bbox 3343 2267 3618 2324; x_wconf 89' lang='lat' dir='ltr'>unquam</span> <span class='ocrx_word' id='word_1_590' title='bbox 3648 2250 3819 2306; x_wconf 89' lang='lat' dir='ltr'>dubi-</span> 
     </span>
    </p>
   </div>
   <div class='ocr_carea' id='block_1_84' title="bbox 2162 2340 3817 2414">
    <p class='ocr_par' dir='ltr' id='par_1_84' title="bbox 2162 2340 3817 2414">
     <span class='ocr_line' id='line_1_84' title="bbox 2162 2340 3817 2414; baseline -0.002 -15"><span class='ocrx_word' id='word_1_591' title='bbox 2162 2343 2390 2413; x_wconf 90' lang='lat' dir='ltr'>taverit,</span> <span class='ocrx_word' id='word_1_592' title='bbox 2405 2341 2606 2397; x_wconf 90' lang='lat' dir='ltr'>nullus</span> <span class='ocrx_word' id='word_1_593' title='bbox 2625 2341 3020 2411; x_wconf 89' lang='lat' dir='ltr'>derogaverit,</span> <span class='ocrx_word' id='word_1_594' title='bbox 3036 2342 3261 2414; x_wconf 89' lang='lat' dir='ltr'>quippe</span> <span class='ocrx_word' id='word_1_595' title='bbox 3280 2342 3385 2414; x_wconf 89' lang='lat' dir='ltr'>qui</span> <span class='ocrx_word' id='word_1_596' title='bbox 3406 2346 3463 2396; x_wconf 91' lang='lat' dir='ltr'>et</span> <span class='ocrx_word' id='word_1_597' title='bbox 3478 2340 3817 2396; x_wconf 87' lang='lat' dir='ltr'>liberalium</span> 
     </span>
    </p>
   </div>
   <div class='ocr_carea' id='block_1_85' title="bbox 2161 2429 3817 2504">
    <p class='ocr_par' dir='ltr' id='par_1_85' title="bbox 2161 2429 3817 2504">
     <span class='ocr_line' id='line_1_85' title="bbox 2161 2429 3817 2504; baseline -0.002 -17"><span class='ocrx_word' id='word_1_598' title='bbox 2161 2431 2615 2503; x_wconf 88' lang='lat' dir='ltr'>disciplinarum</span> <span class='ocrx_word' id='word_1_599' title='bbox 2647 2431 3082 2488; x_wconf 85' lang='lat' dir='ltr'>eruditionibus</span> <span class='ocrx_word' id='word_1_600' title='bbox 3123 2430 3500 2504; x_wconf 88' lang='lat' dir='ltr'>splendidus,</span> <span class='ocrx_word' id='word_1_601' title='bbox 3534 2434 3592 2486; x_wconf 90' lang='lat' dir='ltr'>et</span> <span class='ocrx_word' id='word_1_602' title='bbox 3625 2429 3817 2502; x_wconf 87' lang='lat' dir='ltr'>Scrip-</span> 
     </span>
    </p>
   </div>
   <div class='ocr_carea' id='block_1_86' title="bbox 2161 2519 3818 2593">
    <p class='ocr_par' dir='ltr' id='par_1_86' title="bbox 2161 2519 3818 2593">
     <span class='ocr_line' id='line_1_86' title="bbox 2161 2519 3818 2593; baseline -0.002 -16"><span class='ocrx_word' id='word_1_603' title='bbox 2161 2525 2430 2577; x_wconf 89' lang='lat' dir='ltr'>turarum</span> <span class='ocrx_word' id='word_1_604' title='bbox 2460 2525 2800 2577; x_wconf 87' lang='lat' dir='ltr'>sanctarum</span> <span class='ocrx_word' id='word_1_605' title='bbox 2851 2519 3124 2576; x_wconf 85' lang='lat' dir='ltr'>doctrina</span> <span class='ocrx_word' id='word_1_606' title='bbox 3153 2519 3570 2593; x_wconf 67' lang='lat' dir='ltr'>praefulgidus,</span> <span class='ocrx_word' id='word_1_607' title='bbox 3603 2524 3660 2575; x_wconf 88' lang='lat' dir='ltr'>et</span> <span class='ocrx_word' id='word_1_608' title='bbox 3699 2533 3818 2574; x_wconf 93' lang='lat' dir='ltr'>non</span> 
     </span>
    </p>
   </div>
   <div class='ocr_carea' id='block_1_87' title="bbox 2158 2609 3819 2682">
    <p class='ocr_par' dir='ltr' id='par_1_87' title="bbox 2158 2609 3819 2682">
     <span class='ocr_line' id='line_1_87' title="bbox 2158 2609 3819 2682; baseline -0.001 -17"><span class='ocrx_word' id='word_1_609' title='bbox 2158 2611 2357 2666; x_wconf 93' lang='lat' dir='ltr'>minus</span> <span class='ocrx_word' id='word_1_610' title='bbox 2380 2609 2561 2665; x_wconf 69' lang='lat' dir='ltr'>Graeci</span> <span class='ocrx_word' id='word_1_611' title='bbox 2583 2625 2768 2682; x_wconf 89' lang='lat' dir='ltr'>quam</span> <span class='ocrx_word' id='word_1_612' title='bbox 2789 2609 2972 2665; x_wconf 82' lang='lat' dir='ltr'>Latini</span> <span class='ocrx_word' id='word_1_613' title='bbox 2997 2609 3216 2681; x_wconf 88' lang='lat' dir='ltr'>eloquii</span> <span class='ocrx_word' id='word_1_614' title='bbox 3234 2609 3641 2682; x_wconf 89' lang='lat' dir='ltr'>peritissimus</span> <span class='ocrx_word' id='word_1_615' title='bbox 3659 2610 3819 2664; x_wconf 84' lang='lat' dir='ltr'>inve-</span> 
     </span>
    </p>
   </div>
   <div class='ocr_carea' id='block_1_88' title="bbox 2161 2697 3815 2771">
    <p class='ocr_par' dir='ltr' id='par_1_88' title="bbox 2161 2697 3815 2771">
     <span class='ocr_line' id='line_1_88' title="bbox 2161 2697 3815 2771; baseline -0.002 -18"><span class='ocrx_word' id='word_1_616' title='bbox 2161 2699 2339 2753; x_wconf 89' lang='lat' dir='ltr'>nitur.</span> <span class='ocrx_word' id='word_1_617' title='bbox 2362 2697 2552 2754; x_wconf 85' lang='lat' dir='ltr'>Testis</span> <span class='ocrx_word' id='word_1_618' title='bbox 2583 2705 2667 2754; x_wconf 84' lang='lat' dir='ltr'>est</span> <span class='ocrx_word' id='word_1_619' title='bbox 2689 2697 2868 2754; x_wconf 89' lang='lat' dir='ltr'>etiam</span> <span class='ocrx_word' id='word_1_620' title='bbox 2897 2703 3138 2754; x_wconf 87' lang='lat' dir='ltr'>sanctus</span> <span class='ocrx_word' id='word_1_621' title='bbox 3160 2701 3432 2771; x_wconf 89' lang='lat' dir='ltr'>Prosper,</span> <span class='ocrx_word' id='word_1_622' title='bbox 3453 2699 3540 2753; x_wconf 90' lang='lat' dir='ltr'>vir</span> <span class='ocrx_word' id='word_1_623' title='bbox 3565 2698 3626 2754; x_wconf 93' lang='lat' dir='ltr'>in</span> <span class='ocrx_word' id='word_1_624' title='bbox 3654 2697 3815 2753; x_wconf 90' lang='lat' dir='ltr'>omni</span> 
     </span>
    </p>
   </div>
   <div class='ocr_carea' id='block_1_89' title="bbox 2158 2787 3809 2845">
    <p class='ocr_par' dir='ltr' id='par_1_89' title="bbox 2158 2787 3809 2845">
     <span class='ocr_line' id='line_1_89' title="bbox 2158 2787 3809 2845; baseline -0.001 -3"><span class='ocrx_word' id='word_1_625' title='bbox 2158 2788 2488 2844; x_wconf 90' lang='lat' dir='ltr'>litterarum</span> <span class='ocrx_word' id='word_1_626' title='bbox 2537 2787 2868 2843; x_wconf 91' lang='lat' dir='ltr'>eruditione</span> <span class='ocrx_word' id='word_1_627' title='bbox 2913 2787 3294 2844; x_wconf 89' lang='lat' dir='ltr'>doctissimus</span> <span class='ocrx_word' id='word_1_628' title='bbox 3336 2803 3407 2844; x_wconf 91' lang='lat' dir='ltr'>ac</span> <span class='ocrx_word' id='word_1_629' title='bbox 3458 2787 3809 2845; x_wconf 84' lang='lat' dir='ltr'>facundissi-</span> 
     </span>
    </p>
   </div>
   <div class='ocr_carea' id='block_1_90' title="bbox 2159 2876 3808 2951">
    <p class='ocr_par' dir='ltr' id='par_1_90' title="bbox 2159 2876 3808 2951">
     <span class='ocr_line' id='line_1_90' title="bbox 2159 2876 3808 2951; baseline -0.001 -19"><span class='ocrx_word' id='word_1_630' title='bbox 2159 2894 2315 2945; x_wconf 91' lang='lat' dir='ltr'>mus,</span> <span class='ocrx_word' id='word_1_631' title='bbox 2348 2878 2452 2950; x_wconf 79' lang='lat' dir='ltr'>qui</span> <span class='ocrx_word' id='word_1_632' title='bbox 2484 2877 2786 2934; x_wconf 88' lang='lat' dir='ltr'>Gallorum</span> <span class='ocrx_word' id='word_1_633' title='bbox 2809 2877 3184 2950; x_wconf 89' lang='lat' dir='ltr'>aliorumque</span> <span class='ocrx_word' id='word_1_634' title='bbox 3211 2876 3432 2948; x_wconf 88' lang='lat' dir='ltr'>Pelagii</span> <span class='ocrx_word' id='word_1_635' title='bbox 3465 2877 3808 2951; x_wconf 89' lang='lat' dir='ltr'>sequacium</span> 
     </span>
    </p>
   </div>
   <div class='ocr_carea' id='block_1_91' title="bbox 2160 2965 3814 3039">
    <p class='ocr_par' dir='ltr' id='par_1_91' title="bbox 2160 2965 3814 3039">
     <span class='ocr_line' id='line_1_91' title="bbox 2160 2965 3814 3039; baseline -0.001 -17"><span class='ocrx_word' id='word_1_636' title='bbox 2160 2965 2548 3039; x_wconf 88' lang='lat' dir='ltr'>impudentiis</span> <span class='ocrx_word' id='word_1_637' title='bbox 2598 2971 2653 3022; x_wconf 90' lang='lat' dir='ltr'>et</span> <span class='ocrx_word' id='word_1_638' title='bbox 2703 2965 2870 3022; x_wconf 88' lang='lat' dir='ltr'>libris</span> <span class='ocrx_word' id='word_1_639' title='bbox 2923 2966 3176 3022; x_wconf 91' lang='lat' dir='ltr'>ﬁdeliter</span> <span class='ocrx_word' id='word_1_640' title='bbox 3228 2967 3421 3034; x_wconf 91' lang='lat' dir='ltr'>editis,</span> <span class='ocrx_word' id='word_1_641' title='bbox 3456 2971 3512 3023; x_wconf 87' lang='lat' dir='ltr'>et</span> <span class='ocrx_word' id='word_1_642' title='bbox 3566 2966 3814 3023; x_wconf 81' lang='lat' dir='ltr'>Romani</span> 
     </span>
    </p>
   </div>
   <div class='ocr_carea' id='block_1_92' title="bbox 2160 3055 3815 3129">
    <p class='ocr_par' dir='ltr' id='par_1_92' title="bbox 2160 3055 3815 3129">
     <span class='ocr_line' id='line_1_92' title="bbox 2160 3055 3815 3129; baseline 0 -18"><span class='ocrx_word' id='word_1_643' title='bbox 2160 3055 2459 3128; x_wconf 87' lang='lat' dir='ltr'>pontiﬁcis</span> <span class='ocrx_word' id='word_1_644' title='bbox 2486 3056 2676 3112; x_wconf 92' lang='lat' dir='ltr'>edicto</span> <span class='ocrx_word' id='word_1_645' title='bbox 2696 3071 2804 3111; x_wconf 90' lang='lat' dir='ltr'>sua</span> <span class='ocrx_word' id='word_1_646' title='bbox 2819 3055 3100 3112; x_wconf 88' lang='lat' dir='ltr'>instantia</span> <span class='ocrx_word' id='word_1_647' title='bbox 3120 3055 3456 3128; x_wconf 90' lang='lat' dir='ltr'>impetrato,</span> <span class='ocrx_word' id='word_1_648' title='bbox 3471 3071 3815 3129; x_wconf 84' lang='lat' dir='ltr'>propugna-</span> 
     </span>
    </p>
   </div>
   <div class='ocr_carea' id='block_1_93' title="bbox 2163 3144 3818 3202">
    <p class='ocr_par' dir='ltr' id='par_1_93' title="bbox 2163 3144 3818 3202">
     <span class='ocr_line' id='line_1_93' title="bbox 2163 3144 3818 3202; baseline -0.001 -1"><span class='ocrx_word' id='word_1_649' title='bbox 2163 3150 2254 3201; x_wconf 93' lang='lat' dir='ltr'>tor</span> <span class='ocrx_word' id='word_1_650' title='bbox 2307 3145 2663 3202; x_wconf 87' lang='lat' dir='ltr'>fortissimus</span> <span class='ocrx_word' id='word_1_651' title='bbox 2711 3160 2781 3201; x_wconf 89' lang='lat' dir='ltr'>ac</span> <span class='ocrx_word' id='word_1_652' title='bbox 2825 3144 3210 3200; x_wconf 87' lang='lat' dir='ltr'>ﬁdelissimus</span> <span class='ocrx_word' id='word_1_653' title='bbox 3240 3144 3526 3201; x_wconf 89' lang='lat' dir='ltr'>obviavit.</span> <span class='ocrx_word' id='word_1_654' title='bbox 3567 3144 3818 3201; x_wconf 88' lang='lat' dir='ltr'>Proinde</span> 
     </span>
    </p>
   </div>
   <div class='ocr_carea' id='block_1_94' title="bbox 2161 3234 3814 3306">
    <p class='ocr_par' dir='ltr' id='par_1_94' title="bbox 2161 3234 3814 3306">
     <span class='ocr_line' id='line_1_94' title="bbox 2161 3234 3814 3306; baseline 0 -18"><span class='ocrx_word' id='word_1_655' title='bbox 2161 3235 2566 3306; x_wconf 87' lang='lat' dir='ltr'>impudentior</span> <span class='ocrx_word' id='word_1_656' title='bbox 2591 3235 2816 3291; x_wconf 55' lang='lat' dir='ltr'>caeteris</span> <span class='ocrx_word' id='word_1_657' title='bbox 2861 3234 2974 3290; x_wconf 89' lang='lat' dir='ltr'>tuis</span> <span class='ocrx_word' id='word_1_658' title='bbox 3031 3234 3324 3290; x_wconf 89' lang='lat' dir='ltr'>similibus</span> <span class='ocrx_word' id='word_1_659' title='bbox 3375 3235 3814 3306; x_wconf 88' lang='lat' dir='ltr'>comprobaris,</span> 
     </span>
    </p>
   </div>
   <div class='ocr_carea' id='block_1_95' title="bbox 2162 3323 3816 3398">
    <p class='ocr_par' dir='ltr' id='par_1_95' title="bbox 2162 3323 3816 3398">
     <span class='ocr_line' id='line_1_95' title="bbox 2162 3323 3816 3398; baseline 0.001 -19"><span class='ocrx_word' id='word_1_660' title='bbox 2162 3325 2268 3397; x_wconf 92' lang='lat' dir='ltr'>qui</span> <span class='ocrx_word' id='word_1_661' title='bbox 2299 3341 2436 3380; x_wconf 90' lang='lat' dir='ltr'>cum</span> <span class='ocrx_word' id='word_1_662' title='bbox 2486 3341 2695 3381; x_wconf 91' lang='lat' dir='ltr'>eorum</span> <span class='ocrx_word' id='word_1_663' title='bbox 2733 3323 3097 3381; x_wconf 90' lang='lat' dir='ltr'>venerabilia</span> <span class='ocrx_word' id='word_1_664' title='bbox 3126 3324 3346 3397; x_wconf 88' lang='lat' dir='ltr'>scripta</span> <span class='ocrx_word' id='word_1_665' title='bbox 3373 3323 3607 3395; x_wconf 91' lang='lat' dir='ltr'>legeris,</span> <span class='ocrx_word' id='word_1_666' title='bbox 3641 3325 3816 3398; x_wconf 84' lang='lat' dir='ltr'>quip-</span> 
     </span>
    </p>
   </div>
   <div class='ocr_carea' id='block_1_96' title="bbox 2162 3414 3818 3488">
    <p class='ocr_par' dir='ltr' id='par_1_96' title="bbox 2162 3414 3818 3488">
     <span class='ocr_line' id='line_1_96' title="bbox 2162 3414 3818 3488; baseline 0.001 -19"><span class='ocrx_word' id='word_1_667' title='bbox 2162 3415 2328 3486; x_wconf 92' lang='lat' dir='ltr'>piam</span> <span class='ocrx_word' id='word_1_668' title='bbox 2354 3430 2525 3470; x_wconf 90' lang='lat' dir='ltr'>secus</span> <span class='ocrx_word' id='word_1_669' title='bbox 2551 3431 2738 3470; x_wconf 90' lang='lat' dir='ltr'>ausus</span> <span class='ocrx_word' id='word_1_670' title='bbox 2760 3431 2821 3470; x_wconf 91' lang='lat' dir='ltr'>es</span> <span class='ocrx_word' id='word_1_671' title='bbox 2843 3414 3181 3470; x_wconf 89' lang='lat' dir='ltr'>mussitare.</span> <span class='ocrx_word' id='word_1_672' title='bbox 3201 3417 3348 3470; x_wconf 86' lang='lat' dir='ltr'>Nam</span> <span class='ocrx_word' id='word_1_673' title='bbox 3373 3414 3480 3470; x_wconf 88' lang='lat' dir='ltr'>etsi</span> <span class='ocrx_word' id='word_1_674' title='bbox 3509 3430 3818 3488; x_wconf 88' lang='lat' dir='ltr'>nusquam</span> 
     </span>
    </p>
   </div>
   <div class='ocr_carea' id='block_1_97' title="bbox 2163 3503 3819 3577">
    <p class='ocr_par' dir='ltr' id='par_1_97' title="bbox 2163 3503 3819 3577">
     <span class='ocr_line' id='line_1_97' title="bbox 2163 3503 3819 3577; baseline 0.001 -19"><span class='ocrx_word' id='word_1_675' title='bbox 2163 3519 2372 3559; x_wconf 88' lang='lat' dir='ltr'>eorum</span> <span class='ocrx_word' id='word_1_676' title='bbox 2406 3503 2625 3576; x_wconf 89' lang='lat' dir='ltr'>scripta</span> <span class='ocrx_word' id='word_1_677' title='bbox 2658 3503 2929 3573; x_wconf 89' lang='lat' dir='ltr'>legisses,</span> <span class='ocrx_word' id='word_1_678' title='bbox 2964 3505 3106 3560; x_wconf 88' lang='lat' dir='ltr'>satis</span> <span class='ocrx_word' id='word_1_679' title='bbox 3139 3519 3211 3560; x_wconf 88' lang='lat' dir='ltr'>ea</span> <span class='ocrx_word' id='word_1_680' title='bbox 3241 3507 3294 3560; x_wconf 91' lang='lat' dir='ltr'>te</span> <span class='ocrx_word' id='word_1_681' title='bbox 3321 3508 3598 3577; x_wconf 89' lang='lat' dir='ltr'>poterant</span> <span class='ocrx_word' id='word_1_682' title='bbox 3625 3504 3703 3560; x_wconf 89' lang='lat' dir='ltr'>de</span> <span class='ocrx_word' id='word_1_683' title='bbox 3728 3505 3819 3560; x_wconf 87' lang='lat' dir='ltr'>his</span> 
     </span>
    </p>
   </div>
   <div class='ocr_carea' id='block_1_98' title="bbox 2162 3592 3819 3666">
    <p class='ocr_par' dir='ltr' id='par_1_98' title="bbox 2162 3592 3819 3666">
     <span class='ocr_line' id='line_1_98' title="bbox 2162 3592 3819 3666; baseline 0.001 -18"><span class='ocrx_word' id='word_1_684' title='bbox 2162 3592 2449 3648; x_wconf 92' lang='lat' dir='ltr'>omnibus</span> <span class='ocrx_word' id='word_1_685' title='bbox 2472 3593 2815 3660; x_wconf 89' lang='lat' dir='ltr'>informare,</span> <span class='ocrx_word' id='word_1_686' title='bbox 2840 3610 2974 3666; x_wconf 69' lang='lat' dir='ltr'>quae</span> <span class='ocrx_word' id='word_1_687' title='bbox 2997 3599 3136 3650; x_wconf 86' lang='lat' dir='ltr'>ante</span> <span class='ocrx_word' id='word_1_688' title='bbox 3158 3594 3457 3649; x_wconf 77' lang='lat' dir='ltr'>biennium</span> <span class='ocrx_word' id='word_1_689' title='bbox 3480 3609 3550 3649; x_wconf 88' lang='lat' dir='ltr'>ex</span> <span class='ocrx_word' id='word_1_690' title='bbox 3580 3594 3819 3650; x_wconf 90' lang='lat' dir='ltr'>illorum</span> 
     </span>
    </p>
   </div>
   <div class='ocr_carea' id='block_1_99' title="bbox 2160 3682 3820 3754">
    <p class='ocr_par' dir='ltr' id='par_1_99' title="bbox 2160 3682 3820 3754">
     <span class='ocr_line' id='line_1_99' title="bbox 2160 3682 3820 3754; baseline 0.002 -18"><span class='ocrx_word' id='word_1_691' title='bbox 2160 3682 2349 3749; x_wconf 86' lang='lat' dir='ltr'>libris,</span> <span class='ocrx_word' id='word_1_692' title='bbox 2403 3682 2692 3738; x_wconf 87' lang='lat' dir='ltr'>deﬂorata</span> <span class='ocrx_word' id='word_1_693' title='bbox 2748 3682 3116 3754; x_wconf 88' lang='lat' dir='ltr'>quibusdam</span> <span class='ocrx_word' id='word_1_694' title='bbox 3171 3683 3474 3752; x_wconf 78' lang='lat' dir='ltr'>fratribus</span> <span class='ocrx_word' id='word_1_695' title='bbox 3529 3699 3820 3740; x_wconf 82' lang='lat' dir='ltr'>consensu</span> 
     </span>
    </p>
   </div>
   <div class='ocr_carea' id='block_1_100' title="bbox 2159 3773 3823 3845">
    <p class='ocr_par' dir='ltr' id='par_1_100' title="bbox 2159 3773 3823 3845">
     <span class='ocr_line' id='line_1_100' title="bbox 2159 3773 3823 3845; baseline 0.002 -18"><span class='ocrx_word' id='word_1_696' title='bbox 2159 3773 2378 3841; x_wconf 79' lang='lat' dir='ltr'>synodi</span> <span class='ocrx_word' id='word_1_697' title='bbox 2423 3774 2658 3829; x_wconf 79' lang='lat' dir='ltr'>mittere</span> <span class='ocrx_word' id='word_1_698' title='bbox 2709 3773 2936 3834; x_wconf 77' lang='lat' dir='ltr'>curavi,</span> <span class='ocrx_word' id='word_1_699' title='bbox 2990 3788 3124 3845; x_wconf 75' lang='lat' dir='ltr'>quae</span> <span class='ocrx_word' id='word_1_700' title='bbox 3170 3773 3249 3827; x_wconf 91' lang='lat' dir='ltr'>ad</span> <span class='ocrx_word' id='word_1_701' title='bbox 3295 3778 3350 3828; x_wconf 93' lang='lat' dir='ltr'>te</span> <span class='ocrx_word' id='word_1_702' title='bbox 3393 3774 3743 3845; x_wconf 83' lang='lat' dir='ltr'>pervenisse</span> <span class='ocrx_word' id='word_1_703' title='bbox 3775 3775 3823 3830; x_wconf 91' lang='lat' dir='ltr'>si</span> 
     </span>
    </p>
   </div>
   <div class='ocr_carea' id='block_1_101' title="bbox 2161 3861 3818 3935">
    <p class='ocr_par' dir='ltr' id='par_1_101' title="bbox 2161 3861 3818 3935">
     <span class='ocr_line' id='line_1_101' title="bbox 2161 3861 3818 3935; baseline 0.001 -18"><span class='ocrx_word' id='word_1_704' title='bbox 2161 3877 2342 3918; x_wconf 89' lang='lat' dir='ltr'>nosse</span> <span class='ocrx_word' id='word_1_705' title='bbox 2364 3861 2530 3918; x_wconf 90' lang='lat' dir='ltr'>aliter</span> <span class='ocrx_word' id='word_1_706' title='bbox 2549 3862 2979 3935; x_wconf 89' lang='lat' dir='ltr'>nequivissem,</span> <span class='ocrx_word' id='word_1_707' title='bbox 2995 3861 3462 3918; x_wconf 89' lang='lat' dir='ltr'>infaustissimus</span> <span class='ocrx_word' id='word_1_708' title='bbox 3486 3863 3637 3920; x_wconf 89' lang='lat' dir='ltr'>liber</span> <span class='ocrx_word' id='word_1_709' title='bbox 3659 3869 3818 3932; x_wconf 87' lang='lat' dir='ltr'>tuus,</span> 
     </span>
    </p>
   </div>
   <div class='ocr_carea' id='block_1_102' title="bbox 2163 3951 3822 4024">
    <p class='ocr_par' dir='ltr' id='par_1_102' title="bbox 2163 3951 3822 4024">
     <span class='ocr_line' id='line_1_102' title="bbox 2163 3951 3822 4024; baseline 0.001 -16"><span class='ocrx_word' id='word_1_710' title='bbox 2163 3952 2257 4008; x_wconf 92' lang='lat' dir='ltr'>cui</span> <span class='ocrx_word' id='word_1_711' title='bbox 2303 3951 2590 4020; x_wconf 88' lang='lat' dir='ltr'>largiente</span> <span class='ocrx_word' id='word_1_712' title='bbox 2640 3953 2892 4007; x_wconf 91' lang='lat' dir='ltr'>Domino</span> <span class='ocrx_word' id='word_1_713' title='bbox 2942 3951 3401 4023; x_wconf 90' lang='lat' dir='ltr'>respondemus,</span> <span class='ocrx_word' id='word_1_714' title='bbox 3428 3953 3822 4024; x_wconf 86' lang='lat' dir='ltr'>probabiliter</span> 
     </span>
    </p>
   </div>
   <div class='ocr_carea' id='block_1_103' title="bbox 2161 4040 3820 4113">
    <p class='ocr_par' dir='ltr' id='par_1_103' title="bbox 2161 4040 3820 4113">
     <span class='ocr_line' id='line_1_103' title="bbox 2161 4040 3820 4113; baseline 0.002 -17"><span class='ocrx_word' id='word_1_715' title='bbox 2161 4056 2273 4096; x_wconf 92' lang='lat' dir='ltr'>nos</span> <span class='ocrx_word' id='word_1_716' title='bbox 2302 4041 2592 4096; x_wconf 90' lang='lat' dir='ltr'>instruere</span> <span class='ocrx_word' id='word_1_717' title='bbox 2635 4040 2865 4112; x_wconf 87' lang='lat' dir='ltr'>poterit.</span> <span class='ocrx_word' id='word_1_718' title='bbox 2904 4041 2967 4094; x_wconf 90' lang='lat' dir='ltr'>In</span> <span class='ocrx_word' id='word_1_719' title='bbox 3010 4056 3133 4113; x_wconf 90' lang='lat' dir='ltr'>quo</span> <span class='ocrx_word' id='word_1_720' title='bbox 3176 4040 3528 4097; x_wconf 89' lang='lat' dir='ltr'>earumdem</span> <span class='ocrx_word' id='word_1_721' title='bbox 3560 4043 3820 4100; x_wconf 85' lang='lat' dir='ltr'>deﬂora-</span> 
     </span>
    </p>
   </div>
   <div class='ocr_carea' id='block_1_104' title="bbox 2162 4123 3819 4204">
    <p class='ocr_par' dir='ltr' id='par_1_104' title="bbox 2162 4123 3819 4204">
     <span class='ocr_line' id='line_1_104' title="bbox 2162 4123 3819 4204; baseline 0.002 -18"><span class='ocrx_word' id='word_1_722' title='bbox 2162 4131 2394 4186; x_wconf 79' lang='lat' dir='ltr'>tionum</span> <span class='ocrx_word' id='word_1_723' title='bbox 2422 4130 2709 4202; x_wconf 88' lang='lat' dir='ltr'>pleraque</span> <span class='ocrx_word' id='word_1_724' title='bbox 2738 4129 3088 4201; x_wconf 90' lang='lat' dir='ltr'>interposita</span> <span class='ocrx_word' id='word_1_725' title='bbox 3115 4133 3293 4202; x_wconf 87' lang='lat' dir='ltr'>atque</span> <span class='ocrx_word' id='word_1_726' title='bbox 3326 4129 3404 4186; x_wconf 91' lang='lat' dir='ltr'>ad</span> <span class='ocrx_word' id='word_1_727' title='bbox 3448 4123 3586 4188; x_wconf 84' lang='lat' dir='ltr'>tuas</span> <span class='ocrx_word' id='word_1_728' title='bbox 3616 4133 3819 4204; x_wconf 89' lang='lat' dir='ltr'>pravi-</span> 
     </span>
    </p>
   </div>
   <div class='ocr_carea' id='block_1_105' title="bbox 2160 4216 3638 4290">
    <p class='ocr_par' dir='ltr' id='par_1_105' title="bbox 2160 4216 3638 4290">
     <span class='ocr_line' id='line_1_105' title="bbox 2160 4216 3638 4290; baseline 0.002 -17"><span class='ocrx_word' id='word_1_729' title='bbox 2160 4221 2309 4273; x_wconf 86' lang='lat' dir='ltr'>tates</span> <span class='ocrx_word' id='word_1_730' title='bbox 2336 4216 2568 4272; x_wconf 89' lang='lat' dir='ltr'>detorta</span> <span class='ocrx_word' id='word_1_731' title='bbox 2596 4216 3005 4289; x_wconf 87' lang='lat' dir='ltr'>violenterque</span> <span class='ocrx_word' id='word_1_732' title='bbox 3031 4217 3252 4274; x_wconf 88' lang='lat' dir='ltr'>inﬂexa</span> <span class='ocrx_word' id='word_1_733' title='bbox 3282 4219 3638 4290; x_wconf 89' lang='lat' dir='ltr'>reperimus.</span> 
     </span>
    </p>
   </div>
   <div class='ocr_carea' id='block_1_106' title="bbox 2235 4300 3818 4372">
    <p class='ocr_par' dir='ltr' id='par_1_106' title="bbox 2235 4300 3818 4372">
     <span class='ocr_line' id='line_1_106' title="bbox 2235 4300 3818 4372; baseline 0.005 -18"><span class='ocrx_word' id='word_1_734' title='bbox 2235 4301 2422 4371; x_wconf 84' lang='lat' dir='ltr'>Absit,</span> <span class='ocrx_word' id='word_1_735' title='bbox 2457 4300 2633 4370; x_wconf 90' lang='lat' dir='ltr'>absit,</span> <span class='ocrx_word' id='word_1_736' title='bbox 2666 4300 2940 4372; x_wconf 89' lang='lat' dir='ltr'>inquam,</span> <span class='ocrx_word' id='word_1_737' title='bbox 2984 4319 3020 4358; x_wconf 92' lang='lat' dir='ltr'>a</span> <span class='ocrx_word' id='word_1_738' title='bbox 3052 4302 3335 4359; x_wconf 90' lang='lat' dir='ltr'>cordibus</span> <span class='ocrx_word' id='word_1_739' title='bbox 3384 4305 3818 4362; x_wconf 88' lang='lat' dir='ltr'>catholicorum</span> 
     </span>
    </p>
   </div>
   <div class='ocr_carea' id='block_1_107' title="bbox 2163 4389 3822 4465">
    <p class='ocr_par' dir='ltr' id='par_1_107' title="bbox 2163 4389 3822 4465">
     <span class='ocr_line' id='line_1_107' title="bbox 2163 4389 3822 4465; baseline 0.001 -19"><span class='ocrx_word' id='word_1_740' title='bbox 2163 4395 2230 4447; x_wconf 91' lang='lat' dir='ltr'>ut</span> <span class='ocrx_word' id='word_1_741' title='bbox 2275 4389 2614 4461; x_wconf 89' lang='lat' dir='ltr'>ignorantia</span> <span class='ocrx_word' id='word_1_742' title='bbox 2676 4393 2795 4446; x_wconf 92' lang='lat' dir='ltr'>Deo</span> <span class='ocrx_word' id='word_1_743' title='bbox 2856 4391 3154 4448; x_wconf 87' lang='lat' dir='ltr'>ullatenus</span> <span class='ocrx_word' id='word_1_744' title='bbox 3210 4392 3546 4465; x_wconf 89' lang='lat' dir='ltr'>deputetur.</span> <span class='ocrx_word' id='word_1_745' title='bbox 3608 4393 3822 4449; x_wconf 88' lang='lat' dir='ltr'>Tribus</span> 
     </span>
    </p>
   </div>
   <div class='ocr_carea' id='block_1_108' title="bbox 2164 4478 3823 4556">
    <p class='ocr_par' dir='ltr' id='par_1_108' title="bbox 2164 4478 3823 4556">
     <span class='ocr_line' id='line_1_108' title="bbox 2164 4478 3823 4556; baseline 0.001 -20"><span class='ocrx_word' id='word_1_746' title='bbox 2164 4485 2361 4536; x_wconf 90' lang='lat' dir='ltr'>tamen</span> <span class='ocrx_word' id='word_1_747' title='bbox 2405 4478 2602 4534; x_wconf 90' lang='lat' dir='ltr'>modis</span> <span class='ocrx_word' id='word_1_748' title='bbox 2649 4478 2711 4533; x_wconf 93' lang='lat' dir='ltr'>in</span> <span class='ocrx_word' id='word_1_749' title='bbox 2758 4478 2972 4536; x_wconf 92' lang='lat' dir='ltr'>divinis</span> <span class='ocrx_word' id='word_1_750' title='bbox 3015 4481 3289 4554; x_wconf 90' lang='lat' dir='ltr'>eloquiis,</span> <span class='ocrx_word' id='word_1_751' title='bbox 3338 4487 3637 4556; x_wconf 88' lang='lat' dir='ltr'>quantum</span> <span class='ocrx_word' id='word_1_752' title='bbox 3684 4498 3823 4538; x_wconf 85' lang='lat' dir='ltr'>mea</span> 
     </span>
    </p>
   </div>
   <div class='ocr_carea' id='block_1_109' title="bbox 2160 4567 3817 4642">
    <p class='ocr_par' dir='ltr' id='par_1_109' title="bbox 2160 4567 3817 4642">
     <span class='ocr_line' id='line_1_109' title="bbox 2160 4567 3817 4642; baseline 0.001 -17"><span class='ocrx_word' id='word_1_753' title='bbox 2160 4569 2272 4626; x_wconf 89' lang='lat' dir='ltr'>fert</span> <span class='ocrx_word' id='word_1_754' title='bbox 2320 4567 2634 4633; x_wconf 91' lang='lat' dir='ltr'>memoria,</span> <span class='ocrx_word' id='word_1_755' title='bbox 2669 4570 2822 4622; x_wconf 90' lang='lat' dir='ltr'>Deus</span> <span class='ocrx_word' id='word_1_756' title='bbox 2854 4569 3082 4625; x_wconf 89' lang='lat' dir='ltr'>nescire</span> <span class='ocrx_word' id='word_1_757' title='bbox 3123 4570 3382 4642; x_wconf 87' lang='lat' dir='ltr'>tropicos</span> <span class='ocrx_word' id='word_1_758' title='bbox 3431 4571 3668 4627; x_wconf 89' lang='lat' dir='ltr'>dicitur.</span> <span class='ocrx_word' id='word_1_759' title='bbox 3699 4571 3817 4626; x_wconf 84' lang='lat' dir='ltr'>Sci-</span> 
     </span>
    </p>
   </div>
   <div class='ocr_carea' id='block_1_110' title="bbox 2161 4659 3815 4733">
    <p class='ocr_par' dir='ltr' id='par_1_110' title="bbox 2161 4659 3815 4733">
     <span class='ocr_line' id='line_1_110' title="bbox 2161 4659 3815 4733; baseline -0.001 -17"><span class='ocrx_word' id='word_1_760' title='bbox 2161 4660 2297 4716; x_wconf 92' lang='lat' dir='ltr'>licet</span> <span class='ocrx_word' id='word_1_761' title='bbox 2342 4664 2446 4716; x_wconf 91' lang='lat' dir='ltr'>aut</span> <span class='ocrx_word' id='word_1_762' title='bbox 2496 4674 2622 4715; x_wconf 92' lang='lat' dir='ltr'>non</span> <span class='ocrx_word' id='word_1_763' title='bbox 2678 4659 3063 4733; x_wconf 87' lang='lat' dir='ltr'>experiendo,</span> <span class='ocrx_word' id='word_1_764' title='bbox 3103 4665 3204 4717; x_wconf 91' lang='lat' dir='ltr'>aut</span> <span class='ocrx_word' id='word_1_765' title='bbox 3261 4661 3665 4733; x_wconf 90' lang='lat' dir='ltr'>reprobando,</span> <span class='ocrx_word' id='word_1_766' title='bbox 3709 4663 3815 4715; x_wconf 90' lang='lat' dir='ltr'>aut</span> 
     </span>
    </p>
   </div>
   <div class='ocr_carea' id='block_1_111' title="bbox 2161 4748 3820 4823">
    <p class='ocr_par' dir='ltr' id='par_1_111' title="bbox 2161 4748 3820 4823">
     <span class='ocr_line' id='line_1_111' title="bbox 2161 4748 3820 4823; baseline -0.001 -17"><span class='ocrx_word' id='word_1_767' title='bbox 2161 4749 2389 4806; x_wconf 89' lang='lat' dir='ltr'>nescire</span> <span class='ocrx_word' id='word_1_768' title='bbox 2419 4748 2715 4806; x_wconf 90' lang='lat' dir='ltr'>faciendo.</span> <span class='ocrx_word' id='word_1_769' title='bbox 2749 4749 2895 4806; x_wconf 91' lang='lat' dir='ltr'>Dicit</span> <span class='ocrx_word' id='word_1_770' title='bbox 2945 4750 3170 4823; x_wconf 91' lang='lat' dir='ltr'>quippe</span> <span class='ocrx_word' id='word_1_771' title='bbox 3218 4750 3345 4822; x_wconf 90' lang='lat' dir='ltr'>ipse</span> <span class='ocrx_word' id='word_1_772' title='bbox 3394 4751 3684 4807; x_wconf 87' lang='lat' dir='ltr'>Dominus</span> <span class='ocrx_word' id='word_1_773' title='bbox 3709 4763 3820 4823; x_wconf 88' lang='lat' dir='ltr'>per</span> 
     </span>
    </p>
   </div>
   <div class='ocr_carea' id='block_1_112' title="bbox 2163 4839 3824 4913">
    <p class='ocr_par' dir='ltr' id='par_1_112' title="bbox 2163 4839 3824 4913">
     <span class='ocr_line' id='line_1_112' title="bbox 2163 4839 3824 4913; baseline 0 -16"><span class='ocrx_word' id='word_1_774' title='bbox 2163 4840 2520 4912; x_wconf 89' lang='lat' dir='ltr'>Prophetam</span> <span class='ocrx_word' id='word_1_775' title='bbox 2554 4856 2568 4895; x_wconf 89' lang='lat'><strong>:</strong></span> <span class='ocrx_word' id='word_1_776' title='bbox 2612 4841 2752 4908; x_wconf 56' lang='lat' dir='ltr'>Qua</span> <span class='ocrx_word' id='word_1_777' title='bbox 2797 4839 3172 4911; x_wconf 82' lang='lat' dir='ltr'>ignorabam,</span> <span class='ocrx_word' id='word_1_778' title='bbox 3221 4841 3684 4913; x_wconf 80' lang='lat' dir='ltr'>interrogabant</span> <span class='ocrx_word' id='word_1_779' title='bbox 3730 4855 3824 4897; x_wconf 81' lang='lat' dir='ltr'>me</span> 
     </span>
    </p>
   </div>
   <div class='ocr_carea' id='block_1_113' title="bbox 2164 4929 3823 5004">
    <p class='ocr_par' dir='ltr' id='par_1_113' title="bbox 2164 4929 3823 5004">
     <span class='ocr_line' id='line_1_113' title="bbox 2164 4929 3823 5004; baseline 0.002 -18"><span class='ocrx_word' id='word_1_780' title='bbox 2164 4932 2355 5003; x_wconf 77' lang='lat' dir='ltr'>(Psal.</span> <span class='ocrx_word' id='word_1_781' title='bbox 2403 4946 2606 4998; x_wconf 80' lang='lat' dir='ltr'>xxxiv,</span> <span class='ocrx_word' id='word_1_782' title='bbox 2635 4931 2750 5001; x_wconf 81' lang='lat' dir='ltr'>2t),</span> <span class='ocrx_word' id='word_1_783' title='bbox 2795 4929 2941 5003; x_wconf 89' lang='lat' dir='ltr'>quia</span> <span class='ocrx_word' id='word_1_784' title='bbox 2983 4929 3258 4986; x_wconf 89' lang='lat' dir='ltr'>videlicet</span> <span class='ocrx_word' id='word_1_785' title='bbox 3295 4936 3613 5004; x_wconf 90' lang='lat' dir='ltr'>peccatum</span> <span class='ocrx_word' id='word_1_786' title='bbox 3641 4931 3722 4988; x_wconf 90' lang='lat' dir='ltr'>ab</span> <span class='ocrx_word' id='word_1_787' title='bbox 3752 4945 3823 4988; x_wconf 90' lang='lat' dir='ltr'>eo</span> 
     </span>
    </p>
   </div>
   <div class='ocr_carea' id='block_1_114' title="bbox 2165 5019 3826 5093">
    <p class='ocr_par' dir='ltr' id='par_1_114' title="bbox 2165 5019 3826 5093">
     <span class='ocr_line' id='line_1_114' title="bbox 2165 5019 3826 5093; baseline 0 -15"><span class='ocrx_word' id='word_1_788' title='bbox 2165 5019 2504 5089; x_wconf 84' lang='lat' dir='ltr'>exigebant,</span> <span class='ocrx_word' id='word_1_789' title='bbox 2531 5019 2698 5091; x_wconf 90' lang='lat' dir='ltr'>quod</span> <span class='ocrx_word' id='word_1_790' title='bbox 2724 5033 3040 5093; x_wconf 90' lang='lat' dir='ltr'>nunquam</span> <span class='ocrx_word' id='word_1_791' title='bbox 3071 5025 3454 5091; x_wconf 86' lang='lat' dir='ltr'>cognoverat,</span> <span class='ocrx_word' id='word_1_792' title='bbox 3483 5020 3546 5077; x_wconf 93' lang='lat' dir='ltr'>id</span> <span class='ocrx_word' id='word_1_793' title='bbox 3567 5026 3654 5078; x_wconf 89' lang='lat' dir='ltr'>est</span> <span class='ocrx_word' id='word_1_794' title='bbox 3671 5035 3826 5078; x_wconf 89' lang='lat' dir='ltr'>nun-</span> 
     </span>
    </p>
   </div>
   <div class='ocr_carea' id='block_1_115' title="bbox 2165 5106 3825 5182">
    <p class='ocr_par' dir='ltr' id='par_1_115' title="bbox 2165 5106 3825 5182">
     <span class='ocr_line' id='line_1_115' title="bbox 2165 5106 3825 5182; baseline 0.002 -17"><span class='ocrx_word' id='word_1_795' title='bbox 2165 5125 2354 5182; x_wconf 89' lang='lat' dir='ltr'>quam</span> <span class='ocrx_word' id='word_1_796' title='bbox 2386 5111 2664 5180; x_wconf 87' lang='lat' dir='ltr'>expertus</span> <span class='ocrx_word' id='word_1_797' title='bbox 2693 5106 2906 5178; x_wconf 88' lang='lat' dir='ltr'>fuerat,</span> <span class='ocrx_word' id='word_1_798' title='bbox 2950 5121 3268 5182; x_wconf 90' lang='lat' dir='ltr'>nunquam</span> <span class='ocrx_word' id='word_1_799' title='bbox 3316 5109 3558 5177; x_wconf 88' lang='lat' dir='ltr'>fecerat,</span> <span class='ocrx_word' id='word_1_800' title='bbox 3585 5109 3825 5168; x_wconf 76' lang='lat' dir='ltr'>dicente</span> 
     </span>
    </p>
   </div>
   <div class='ocr_carea' id='block_1_116' title="bbox 2164 5198 3824 5272">
    <p class='ocr_par' dir='ltr' id='par_1_116' title="bbox 2164 5198 3824 5272">
     <span class='ocr_line' id='line_1_116' title="bbox 2164 5198 3824 5272; baseline 0.001 -16"><span class='ocrx_word' id='word_1_801' title='bbox 2164 5199 2345 5256; x_wconf 89' lang='lat' dir='ltr'>beato</span> <span class='ocrx_word' id='word_1_802' title='bbox 2392 5201 2560 5255; x_wconf 90' lang='lat' dir='ltr'>Petro</span> <span class='ocrx_word' id='word_1_803' title='bbox 2607 5198 2882 5271; x_wconf 89' lang='lat' dir='ltr'>apostolo</span> <span class='ocrx_word' id='word_1_804' title='bbox 2915 5215 2928 5255; x_wconf 92' lang='lat'><strong>:</strong></span> <span class='ocrx_word' id='word_1_805' title='bbox 2961 5199 3073 5266; x_wconf 85' lang='lat' dir='ltr'>Qui</span> <span class='ocrx_word' id='word_1_806' title='bbox 3116 5205 3428 5270; x_wconf 71' lang='lat' dir='ltr'>peccatum</span> <span class='ocrx_word' id='word_1_807' title='bbox 3486 5216 3606 5257; x_wconf 80' lang='lat' dir='ltr'>non</span> <span class='ocrx_word' id='word_1_808' title='bbox 3652 5203 3824 5272; x_wconf 79' lang='lat' dir='ltr'>fecit,</span> 
     </span>
    </p>
   </div>
   <div class='ocr_carea' id='block_1_117' title="bbox 2168 5290 3823 5365">
    <p class='ocr_par' dir='ltr' id='par_1_117' title="bbox 2168 5290 3823 5365">
     <span class='ocr_line' id='line_1_117' title="bbox 2168 5290 3823 5365; baseline 0 -18"><span class='ocrx_word' id='word_1_809' title='bbox 2168 5306 2276 5347; x_wconf 79' lang='lat' dir='ltr'>nec</span> <span class='ocrx_word' id='word_1_810' title='bbox 2319 5291 2596 5346; x_wconf 82' lang='lat' dir='ltr'>inventus</span> <span class='ocrx_word' id='word_1_811' title='bbox 2639 5295 2724 5346; x_wconf 89' lang='lat' dir='ltr'>est</span> <span class='ocrx_word' id='word_1_812' title='bbox 2770 5290 2944 5346; x_wconf 84' lang='lat' dir='ltr'>dolus</span> <span class='ocrx_word' id='word_1_813' title='bbox 2974 5291 3038 5346; x_wconf 81' lang='lat' dir='ltr'>in</span> <span class='ocrx_word' id='word_1_814' title='bbox 3071 5303 3174 5347; x_wconf 80' lang='lat' dir='ltr'>ore</span> <span class='ocrx_word' id='word_1_815' title='bbox 3196 5293 3325 5362; x_wconf 84' lang='lat' dir='ltr'>ejus</span> <span class='ocrx_word' id='word_1_816' title='bbox 3353 5291 3405 5362; x_wconf 94' lang='lat' dir='ltr'>(I</span> <span class='ocrx_word' id='word_1_817' title='bbox 3435 5293 3604 5350; x_wconf 71' lang='lat' dir='ltr'>Patr.</span> <span class='ocrx_word' id='word_1_818' title='bbox 3635 5307 3680 5362; x_wconf 85' lang='grc' dir='ltr'>ι,</span> <span class='ocrx_word' id='word_1_819' title='bbox 3712 5294 3823 5365; x_wconf 79' lang='lat'>22),</span> 
     </span>
    </p>
   </div>
   <div class='ocr_carea' id='block_1_118' title="bbox 2172 5379 3830 5453">
    <p class='ocr_par' dir='ltr' id='par_1_118' title="bbox 2172 5379 3830 5453">
     <span class='ocr_line' id='line_1_118' title="bbox 2172 5379 3830 5453; baseline 0.002 -18"><span class='ocrx_word' id='word_1_820' title='bbox 2172 5382 2238 5435; x_wconf 90' lang='lat' dir='ltr'>Et</span> <span class='ocrx_word' id='word_1_821' title='bbox 2265 5379 2444 5436; x_wconf 86' lang='lat' dir='ltr'>beato</span> <span class='ocrx_word' id='word_1_822' title='bbox 2473 5379 2654 5436; x_wconf 89' lang='lat' dir='ltr'>Paulo</span> <span class='ocrx_word' id='word_1_823' title='bbox 2685 5379 2960 5452; x_wconf 88' lang='lat' dir='ltr'>apostolo</span> <span class='ocrx_word' id='word_1_824' title='bbox 2992 5397 3004 5437; x_wconf 90' lang='lat'>:</span> <span class='ocrx_word' id='word_1_825' title='bbox 3039 5379 3147 5453; x_wconf 84' lang='lat' dir='ltr'>qui</span> <span class='ocrx_word' id='word_1_826' title='bbox 3191 5395 3322 5438; x_wconf 88' lang='lat' dir='ltr'>cum</span> <span class='ocrx_word' id='word_1_827' title='bbox 3369 5396 3489 5438; x_wconf 80' lang='lat' dir='ltr'>non</span> <span class='ocrx_word' id='word_1_828' title='bbox 3519 5384 3830 5453; x_wconf 78' lang='lat' dir='ltr'>cognovis-</span> 
     </span>
    </p>
   </div>
   <div class='ocr_carea' id='block_1_119' title="bbox 2171 5468 3828 5543">
    <p class='ocr_par' dir='ltr' id='par_1_119' title="bbox 2171 5468 3828 5543">
     <span class='ocr_line' id='line_1_119' title="bbox 2171 5468 3828 5543; baseline 0.001 -18"><span class='ocrx_word' id='word_1_829' title='bbox 2171 5475 2255 5525; x_wconf 83' lang='lat' dir='ltr'>set</span> <span class='ocrx_word' id='word_1_830' title='bbox 2295 5474 2610 5538; x_wconf 80' lang='lat' dir='ltr'>peccatum</span> <span class='ocrx_word' id='word_1_831' title='bbox 2659 5468 2748 5540; x_wconf 91' lang='grc' dir='ltr'>(ΙΙ</span> <span class='ocrx_word' id='word_1_832' title='bbox 2789 5469 2926 5525; x_wconf 82' lang='lat' dir='ltr'>Cor.</span> <span class='ocrx_word' id='word_1_833' title='bbox 2976 5485 3035 5538; x_wconf 90' lang='lat' dir='ltr'>v,</span> <span class='ocrx_word' id='word_1_834' title='bbox 3083 5471 3198 5543; x_wconf 85' lang='lat'>21),</span> <span class='ocrx_word' id='word_1_835' title='bbox 3228 5470 3293 5527; x_wconf 85' lang='lat' dir='ltr'>id</span> <span class='ocrx_word' id='word_1_836' title='bbox 3332 5474 3423 5528; x_wconf 89' lang='lat' dir='ltr'>est</span> <span class='ocrx_word' id='word_1_837' title='bbox 3462 5486 3588 5528; x_wconf 91' lang='lat' dir='ltr'>non</span> <span class='ocrx_word' id='word_1_838' title='bbox 3617 5470 3828 5527; x_wconf 86' lang='lat' dir='ltr'>fuisset</span> 
     </span>
    </p>
   </div>
   <div class='ocr_carea' id='block_1_120' title="bbox 2173 5559 3830 5635">
    <p class='ocr_par' dir='ltr' id='par_1_120' title="bbox 2173 5559 3830 5635">
     <span class='ocr_line' id='line_1_120' title="bbox 2173 5559 3830 5635; baseline 0.003 -21"><span class='ocrx_word' id='word_1_839' title='bbox 2173 5561 2451 5627; x_wconf 82' lang='lat' dir='ltr'>expertus</span> <span class='ocrx_word' id='word_1_840' title='bbox 2501 5573 2700 5632; x_wconf 86' lang='lat' dir='ltr'>neque</span> <span class='ocrx_word' id='word_1_841' title='bbox 2754 5559 3174 5617; x_wconf 87' lang='lat' dir='ltr'>commisisset.</span> <span class='ocrx_word' id='word_1_842' title='bbox 3230 5559 3378 5617; x_wconf 85' lang='lat' dir='ltr'>Novi</span> <span class='ocrx_word' id='word_1_843' title='bbox 3434 5575 3579 5631; x_wconf 89' lang='lat' dir='ltr'>ergo</span> <span class='ocrx_word' id='word_1_844' title='bbox 3615 5577 3830 5635; x_wconf 86' lang='lat' dir='ltr'>pecca-</span> 
     </span>
    </p>
   </div>
   <div class='ocr_carea' id='block_1_121' title="bbox 2175 5647 3828 5722">
    <p class='ocr_par' dir='ltr' id='par_1_121' title="bbox 2175 5647 3828 5722">
     <span class='ocr_line' id='line_1_121' title="bbox 2175 5647 3828 5722; baseline 0.003 -17"><span class='ocrx_word' id='word_1_845' title='bbox 2175 5651 2306 5705; x_wconf 90' lang='lat' dir='ltr'>tum</span> <span class='ocrx_word' id='word_1_846' title='bbox 2351 5661 2460 5720; x_wconf 88' lang='lat' dir='ltr'>per</span> <span class='ocrx_word' id='word_1_847' title='bbox 2499 5662 2637 5707; x_wconf 90' lang='lat' dir='ltr'>eam</span> <span class='ocrx_word' id='word_1_848' title='bbox 2687 5647 2996 5706; x_wconf 81' lang='lat' dir='ltr'>scientiam</span> <span class='ocrx_word' id='word_1_849' title='bbox 3046 5661 3235 5722; x_wconf 69' lang='lat' dir='ltr'>quam</span> <span class='ocrx_word' id='word_1_850' title='bbox 3274 5649 3430 5708; x_wconf 71' lang='lat' dir='ltr'>nihil</span> <span class='ocrx_word' id='word_1_851' title='bbox 3479 5649 3659 5719; x_wconf 85' lang='lat' dir='ltr'>latet;</span> <span class='ocrx_word' id='word_1_852' title='bbox 3701 5663 3828 5709; x_wconf 78' lang='lat' dir='ltr'>non</span> 
     </span>
    </p>
   </div>
  </div>
