4116 6186
224 195 362 252 1157

1152 185 1242 238 DE
1281 176 1963 239 PMDESTINATIONE
2001 178 2278 236 CONTRA
2316 182 2365 237 J.
2421 181 2714 238 SCOTUM.

3502 185 3638 243 1158

220 319 387 378 novit
410 319 616 372 autem
645 325 754 385 per
773 309 1222 383 experientiam,
1250 323 1372 381 qua
1397 321 1713 380 nunquam
1751 319 1876 360 cor-
1903 305 1952 360 Δ
1989 304 2154 361 scivit
2179 306 2333 363 male
2356 306 2676 374 victurum,
2706 305 2841 362 etin
2871 306 3046 363 malis
3073 306 3354 380 operibus
3376 307 3640 368 obstina-

217 406 421 480 rumpi
448 402 661 478 potuit.
709 401 930 456 Iterum
971 398 1134 453 idem
1175 397 1440 470 loquitur
1468 397 1530 453 in
1563 393 1876 464 Evangelio

219 497 532 554 dicturum
575 506 639 546 se
685 486 1057 562 quibusdam
1110 487 1173 542 in
1215 486 1484 556 judicio:
1543 486 1750 542 Nescio
1783 497 1880 539 vos

218 583 467 657 (Matth.
490 597 632 643 xxv,
670 579 751 648 l2)
785 576 946 632 unde
977 575 1130 643 sitis;
1163 574 1225 630 id
1254 581 1340 632 est
1363 592 1485 632 non
1515 573 1790 647 approbo
1819 571 1882 625 in

221 679 350 732 arte
371 669 702 743 disciplinae
723 681 896 737 meae,
914 680 1104 738 quam
1127 665 1329 737 pravis
1347 679 1584 737 semper
1599 661 1882 735 operibus

224 759 659 836 impugnastis.
692 759 951 813 Rursum
981 753 1108 828 ipse
1157 754 1238 810 ad
1280 753 1610 826 discipulos
1635 752 1746 808 ait:
1797 751 1883 804 De

229 854 326 909 die
346 856 544 908 autem
571 849 685 905 illa
705 851 762 903 et
792 846 944 902 hora
972 859 1142 900 nemo
1194 844 1326 912 scit,
1371 857 1559 913 neque
1587 841 1792 911 angeli
1819 841 1880 896 in

231 944 401 1009 caelo,
425 954 613 1012 neque
629 938 847 1003 Filius,
870 937 987 991 nisi
1022 936 1208 990 Pater
1252 935 1413 989 solus
1445 932 1683 1003 (Matth.
1719 947 1880 1000 xxnv,

233 1036 341 1098 36).
356 1029 616 1096 Qualiter
626 1025 784 1083 enim
801 1023 1032 1082 nescire
1058 1022 1230 1079 Filius
1247 1025 1479 1095 poterat
1498 1021 1680 1090 diem,
1699 1035 1882 1092 quem

229 1121 357 1194 ipse
393 1116 746 1187 inetfugibili
798 1114 1063 1188 potentia
1084 1114 1262 1169 etiam
1294 1118 1429 1168 ante
1461 1116 1880 1183 temporaneos

230 1209 359 1266 dies
389 1208 663 1264 statuisse
692 1221 816 1261 non
845 1203 1183 1259 dubitatur?
1238 1203 1441 1274 itaque
1472 1201 1697 1257 nescire
1723 1200 1882 1255 diem

231 1296 654 1366 intelligendus
686 1299 777 1350 est
801 1309 914 1366 pro
939 1307 1010 1347 eo
1056 1291 1224 1364 quod
1270 1296 1357 1346 est
1412 1291 1638 1346 nescire
1693 1289 1882 1344 facere

233 1386 566 1460 apostolos,
597 1383 764 1456 quod
793 1398 917 1438 non
946 1381 1162 1437 utiliter
1187 1382 1425 1436 scirent.
1464 1380 1626 1435 Unde
1687 1383 1741 1433 et
1798 1377 1882 1431 eis

231 1475 625 1549 postmodum
651 1472 932 1544 loquitur.
967 1472 1101 1525 Non
1131 1476 1214 1525 est
1245 1475 1502 1526 vestrum
1535 1482 1701 1523 nosse
1747 1473 1886 1522 tem-

234 1580 388 1636 pora
412 1564 505 1620 vel
518 1567 814 1618 momenta
831 1574 962 1630 qua
977 1561 1162 1614 Pater
1177 1560 1376 1628 posuit
1390 1560 1451 1614 in
1467 1573 1577 1613 sua
1601 1560 1888 1625 potestate

1990 391 2212 449 tissime
2263 398 2820 467 perseveraturum:
2855 395 3107 467 proinde
3166 395 3344 469 culpa
3372 402 3462 454 est
3487 399 3638 470 ejus,

1989 481 2092 553 qui
2121 482 2252 538 talis
2277 483 2508 540 futurus
2543 484 2852 556 praescitus
2898 489 3005 554 est,
3033 500 3155 540 non
3189 483 3306 556 Dei,
3335 485 3440 558 qui
3462 485 3640 542 talem

1989 572 2328 644 prtesciens,
2362 573 2572 629 merito
2602 572 3051 647 praedestinavit
3081 573 3157 630 ad
3189 589 3456 646 poenam.
3482 577 3642 632 Nun-

1990 661 2136 732 quid
2157 678 2278 718 non
2297 663 2508 718 eadem
2531 663 2943 720 calumniandi
2965 663 3200 721 licentia
3220 669 3389 738 potes
3421 667 3644 731 garrire

1992 754 2056 805 ut
2084 765 2321 807 asseras
2355 771 2366 807 :
2399 753 2456 806 Si
2477 753 2880 826 praedestinati
2906 753 2985 810 ad
3005 754 3189 810 vitam
3215 771 3338 811 non
3369 761 3527 826 sunt,
3546 772 3646 812 ne-

1993 839 2250 896 cessario
2281 841 2583 913 peribunt,
2622 858 2955 916 poenasque
2986 845 3286 917 patientur
3333 843 3646 901 inevitabi-

1991 927 2119 984 les?
2142 929 2313 995 Quod
2356 931 2404 985 si
2441 931 2523 987 ita
2553 936 2658 999 est,
2717 933 3027 1005 quomodo
3072 935 3232 1005 juste
3281 935 3650 1006 judicabitur

1993 1017 2278 1084 mundus,
2309 1035 2492 1092 quem
2522 1022 2845 1078 necessitas
2897 1023 3448 1095 praedestinationis
3493 1027 3651 1098 cogit

1992 1108 2205 1180 perire,
2239 1109 2530 1181 quoniam
2558 1110 3020 1183 praedestinatus
3044 1114 3122 1169 ad
3152 1115 3336 1171 vitam
3369 1132 3491 1172 non
3516 1119 3650 1175 est?

1995 1197 2288 1266 Similiter,
2313 1199 2361 1254 si
2388 1200 2639 1272 quidam
2661 1201 3123 1258 misericorditer
3159 1203 3326 1260 electi
3351 1211 3506 1275 sunt,
3541 1223 3650 1263 θω-

1993 1289 2099 1344 teri
2144 1304 2286 1345 vero
2312 1290 2468 1360 juste
2508 1290 2790 1362 derelicti,
2821 1293 3158 1348 necessario
3198 1294 3496 1366 peribunt,
3529 1312 3652 1368 pm-

1994 1393 2224 1450 nasque
2250 1379 2549 1451 patientur
2578 1381 2950 1438 inevitabiles
2977 1399 2988 1437 :
3011 1382 3177 1455 quod
3209 1385 3260 1439 si
3279 1384 3359 1440 ita
3389 1389 3477 1441 est
3505 1401 3652 1460 quo-

1996 1469 2178 1524 modo
2202 1469 2359 1539 juste
2393 1470 2764 1539 judicabitur
2795 1472 3082 1540 mundus,
3117 1489 3300 1545 quem
3330 1476 3654 1532 necessitas

1999 1557 2319 1618 electionis,
2348 1558 2443 1614 vel
2471 1558 2868 1615 derelictionis
2919 1561 3074 1630 cogit
3130 1562 3321 1634 perire
3365 1565 3652 1635 quoniam

237 1655 394 1728 (Act.
419 1669 458 1721 ι,
485 1653 561 1722 7).
591 1651 691 1706 His
713 1649 950 1722 tropicis
979 1647 1383 1704 locutionibus
1409 1663 1547 1702 cum
1579 1650 1729 1702 Deus
1751 1659 1886 1699 nes-
1917 1657 1962 1712 Β
2000 1662 2121 1702 non
2152 1646 2339 1716 electi,
2373 1647 2475 1702 sed
2501 1647 2762 1704 derelicti
2795 1653 2974 1706 sunt?

239 1745 358 1800 cire
386 1742 480 1800 vel
509 1743 784 1813 ignorare
809 1740 955 1812 quid
996 1738 1248 1809 legatur,
1285 1736 1621 1793 secundum
1655 1733 1888 1807 propri-

240 1838 606 1891 etatemvero
620 1829 968 1903 majestatis,
983 1829 1258 1884 essentiae
1291 1832 1469 1900 atque
1487 1825 1745 1882 scientiae
1768 1840 1891 1878 sua:

240 1923 388 1980 nihil
443 1938 690 1996 prorsus
719 1920 930 1992 potuit,
980 1923 1177 1992 potest
1207 1923 1310 1973 aut
1339 1917 1553 1990 poterit
1595 1917 1890 1985 ignorare.

243 2015 407 2068 Hanc
429 2012 529 2068 Dei
553 2011 862 2066 scientiam
885 2009 1130 2064 intuitus
1148 2008 1338 2062 fuerat
1360 2006 1671 2078 propheta,
1695 2003 1797 2076 qui
1819 2003 1894 2057 ad

247 2105 435 2157 Deum
459 2099 757 2155 humiliter
785 2096 1144 2168 loquebatur
1175 2115 1188 2151 :
1222 2096 1440 2151 Mundi
1463 2101 1600 2150 sunt
1623 2094 1786 2149 oculi
1810 2091 1899 2146 tui

250 2205 326 2246 ne
354 2190 593 2246 videant
619 2189 845 2243 malum
878 2185 1127 2256 (Habac.
1151 2201 1190 2250 1,
1227 2187 1334 2250 t3),
1369 2184 1427 2238 id
1449 2187 1554 2251 est,
1575 2200 1652 2238 ne
1677 2197 1897 2254 appro-

250 2279 395 2335 bent
436 2277 530 2332 vel
562 2277 957 2349 experiantur.
1001 2275 1142 2329 ltem
1197 2273 1350 2328 alius
1377 2274 1670 2344 prepheta
1703 2289 1715 2326 :
1748 2273 1901 2327 Ecce

250 2369 406 2424 enim
437 2367 598 2422 oculi
620 2365 862 2420 Domini
884 2379 1062 2433 super
1098 2378 1349 2433 regnum
1379 2377 1662 2432 peccans,
1694 2368 1758 2416 ut
1789 2362 1901 2415 dis-

245 2457 465 2526 perdat
491 2455 652 2510 illud
684 2455 880 2524 (Amos
911 2469 990 2523 ix,
1014 2453 1087 2523 8).
1114 2455 1178 2507 Et
1201 2467 1440 2506 rursum
1471 2468 1483 2505 :
1511 2453 1578 2508 In
1597 2451 1758 2506 omni
1779 2451 1901 2506 loco

249 2546 414 2602 oculi
439 2544 685 2600 Domini
703 2542 1192 2611 contemplantur
1216 2542 1392 2596 honos
1411 2546 1466 2598 et
1484 2541 1671 2596 malos
1703 2540 1900 2611 (Prov.

250 2651 349 2703 xv,
382 2635 458 2705 3).
485 2636 550 2689 Et
579 2649 860 2688 rursum:
898 2633 1105 2688 Vultus
1131 2637 1326 2688 autem
1355 2631 1593 2687 Domini
1611 2645 1790 2699 super
1812 2631 1903 2699 fa-

251 2725 467 2780 cientes
496 2724 681 2790 mala,
713 2727 780 2776 ut
799 2721 1019 2790 perdat
1041 2721 1114 2776 de
1142 2728 1305 2776 terra
1329 2721 1670 2776 memoriam
1703 2734 1904 2775 eorum

2073 1739 2206 1792 Haec
2227 1736 2636 1792 calumniandi
2652 1737 2840 1793 libido
2874 1743 2995 1796 tam
3024 1739 3139 1796 late
3164 1745 3346 1813 patet,
3367 1747 3432 1798 ut
3450 1743 3509 1798 in
3532 1759 3658 1800 om-

2002 1825 2180 1882 nibus
2202 1843 2579 1900 quoscunque
2603 1843 2782 1900 super
2796 1828 3203 1886 misericordia
3230 1831 3329 1886 Dei
3361 1837 3539 1904 atque
3566 1833 3658 1904 ju-

2005 1915 2160 1971 stitia
2185 1915 2436 1970 ﬁdeliter
2456 1915 2882 1988 prmdicantlir,
2915 1917 3156 1992 oblique
3186 1921 3376 1993 possit
3405 1920 3610 1991 attingi
3641 1940 3653 1977 :

2006 2010 2374 2078 quapropter
2389 2005 2803 2078 proturbanda
2827 2012 2912 2063 est
2930 2009 3165 2081 penitus
3183 2011 3547 2067 damnabilis
3566 2027 3660 2067 as-

2008 2096 2182 2151 sertio
2212 2094 2537 2168 pravitatis,
2572 2102 2628 2152 et
2659 2097 2966 2154 fatendum
2995 2100 3151 2170 juste
3180 2101 3477 2157 mundum
3500 2102 3662 2158 hunc

2011 2201 2046 2241 a
2073 2184 2325 2240 Domino
2349 2184 2770 2256 judicandum.
2806 2191 3004 2260 Neque
3037 2189 3196 2245 enim
3227 2191 3361 2246 ideo
3388 2195 3661 2264 peccant,

2010 2275 2354 2347 quicunque
2398 2279 2668 2346 peccant,
2699 2276 2843 2348 quia
2863 2276 3314 2348 judicabuntur,
3359 2279 3465 2334 sed
3519 2279 3664 2352 quia

2011 2368 2280 2437 peccant,
2297 2364 2500 2435 utique
2523 2363 2742 2420 idcirco
2760 2366 3176 2423 inevitabiliter
3190 2368 3624 2439 judicabuntur
3647 2388 3660 2424 :

2013 2469 2135 2509 non
2166 2469 2308 2522 ergo
2334 2454 2654 2510 necessitas
2677 2454 2884 2525 judicii
2915 2462 3232 2528 peccantes
3265 2459 3420 2527 cogit
3450 2459 3665 2532 perire,

2014 2542 2120 2598 sed
2140 2543 2464 2598 necessitas
2491 2543 2798 2615 peccandi,
2822 2561 3007 2618 quam
3035 2545 3151 2602 sibi
3170 2546 3426 2603 volendo
3447 2547 3667 2603 insolu-

2017 2632 2206 2688 biliter
2233 2632 2667 2703 consciverunt,
2719 2616 3024 2706 compellit
3052 2634 3472 2692 inevitabiliter
3519 2616 3674 2693 inte;

2014 2722 2146 2777 rire.
2189 2721 2348 2776 Sicut
2375 2720 2577 2794 itaque
2606 2723 2928 2779 necessitas
2950 2722 3158 2795 judicii
3188 2723 3421 2780 nullum
3477 2725 3669 2798 perire

255 2813 442 2880 (Psal.
473 2827 674 2879 nam,
711 2811 961 2881 t7).Non
979 2810 1168 2866 hzeca
1197 2809 1494 2864 contrario
1522 2807 1909 2878 intelligenda
2017 2811 2193 2882 cogit,
2248 2811 2330 2867 ita
2389 2813 2710 2868 necessitas
2780 2813 3319 2884 praedestinationis
3362 2813 3510 2870 nulli
3547 2815 3672 2872 vim

256 2917 467 2959 omnes
496 2900 770 2958 catholici
800 2904 1169 2964 tractatores,
1202 2898 1306 2954 sed
1331 2899 1576 2954 veritate
1610 2898 1906 2952 dictorum
2017 2900 2304 2973 pereundi
2334 2899 2607 2973 imponit.
2660 2903 2876 2955 Verum
2933 2901 2980 2954 si
3029 2901 3342 2971 diligenter
3398 2903 3672 2958 attendas

259 2991 622 3064 simplicium
645 2989 957 3046 sentienda
986 2988 1364 3060 tenendaque
1404 2991 1749 3043 sanxerunt.
1799 2987 1909 3042 Abi
1941 3017 1982 3072 ε
2019 2991 2244 3057 omnia,
2279 2995 2382 3046 aut
2421 3006 2572 3063 pene
2631 2990 2855 3055 omnia,
2909 3006 3045 3062 quae
3106 2997 3243 3046 sunt
3288 2991 3499 3062 judicii
3550 2991 3670 3060 Dei,

263 3083 526 3152 igitur,et
551 3079 1114 3151 esto.heereticorum
1145 3077 1423 3133 omnium
1447 3075 1912 3147 teterrimliS,ql1i
2019 3079 2233 3136 eadem
2258 3079 3106 3152 prredestinationisinvenies.
3143 3080 3354 3135 Statuit
3400 3083 3554 3136 Deus
3579 3079 3673 3136 fu-

263 3175 470 3228 contra
489 3173 908 3226 universorum
937 3167 1288 3240 opinionem
1344 3165 1463 3221 Deo
1512 3165 1912 3234 ignorantiam
2022 3175 2221 3224 turum
2241 3167 2558 3239 judicium,
2594 3167 2653 3222 in
2675 3183 2797 3241 quo
2844 3167 3061 3223 reddat
3092 3169 3413 3240 unicuique
3466 3185 3674 3226 secun-

263 3260 550 3330 aﬁingere
617 3256 1141 3330 impudentissime
1232 3253 1689 3327 prtesumpsisti.
1780 3257 1914 3310 Jam
2022 3259 2164 3314 dum
2187 3273 2368 3327 opera
2397 3273 2507 3313 sua
2538 3257 2778 3327 (Matth.
2813 3273 2931 3324 xv1,
2965 3258 3079 3328 27),
3137 3255 3344 3313 electis
3401 3260 3674 3332 praemia,

264 3363 410 3405 vero
461 3345 628 3419 quod
659 3345 834 3402 addis
886 3344 962 3400 de
1005 3344 1204 3416 impiis
1230 3343 1309 3399 ad
1327 3343 1627 3399 interitum
1650 3343 1914 3415 praedes-

267 3435 486 3494 tinatis.

833 3536 1074 3578 JOANNES
1113 3536 1336 3580 SCOTUS.

336 3614 504 3686 (Cap.
543 3610 625 3680 ll,
657 3626 804 3666 num
833 3615 885 3679 3,
911 3615 1050 3666 sect.
1088 3611 1164 3680 t.)
1191 3615 1229 3661 Θ
1249 3609 1320 3665 Si
1336 3610 1491 3665 enim
1506 3610 1924 3679 pra'destinati

263 3709 425 3773 sunt,
451 3702 783 3759 necessario
800 3699 1104 3770 peribunt,
1127 3713 1454 3770 pcenasqne
1472 3701 1792 3769 patientur
1808 3701 1924 3756 ine-

268 3792 582 3862 vitabiles;
608 3791 767 3863 quod
794 3790 846 3846 si
874 3791 961 3847 ita
987 3793 1096 3857 est,
1127 3788 1416 3861 quomodo
1436 3790 1924 3859 justejudicabi—

267 3887 372 3938 tur
387 3881 668 3950 mundus,
689 3894 856 3951 quem
871 3879 1184 3936 necessitas
1200 3879 1749 3948 prcedestinationis
1771 3881 1926 3949 cogit

265 3972 520 4043 perire)?

979 4073 1279 4116 CORRECTIO
1288 4098 1300 4113 .

343 4152 385 4222 -ι-
414 4149 571 4207 Licet
597 4165 779 4222 super
805 4148 921 4204 hoc
968 4148 1113 4206 satis
1165 4146 1530 4219 abundeque
1557 4148 1760 4202 actum
1807 4145 1929 4201 tue-

267 4242 368 4311 rit,
437 4255 560 4296 non
590 4239 755 4312 piget
784 4237 1071 4294 veraciter
1124 4238 1333 4294 iterare
1362 4235 1528 4308 quod
1557 4239 1612 4292 te
1643 4250 1766 4292 non
1816 4253 1930 4309 pu—

266 4330 405 4388 duit
482 4329 850 4386 mendaciter
906 4327 1225 4383 inculcare.
1304 4326 1750 4383 Przedestinatio
1809 4325 1931 4394 Dei,

270 4422 428 4478 sicut
453 4425 513 4477 et
529 4419 921 4492 praescientia,
971 4417 1202 4473 nullam
1252 4416 1378 4472 vim
1432 4415 1646 4473 futuris
1695 4416 1928 4488 ingerit,

270 4509 508 4567 nullam
567 4508 940 4566 necessitatis
969 4507 1314 4564 violentiam
1368 4509 1673 4580 importat.
1708 4510 1931 4574 Quam—

273 4599 369 4656 vis
401 4597 562 4654 enim
603 4599 898 4672 quidquid
939 4599 1092 4654 Deus
1139 4597 1441 4671 praescivit
1467 4603 1525 4653 et
1543 4596 1932 4670 praedestina-

275 4688 385 4760 vit,
411 4687 495 4745 ita
548 4702 657 4744 nec
703 4687 954 4744 omnino
983 4687 1170 4750 aliter,
1217 4701 1462 4742 necesse
1495 4685 1570 4741 sit
1596 4686 1760 4741 fieri:
1809 4701 1934 4741 non

278 4782 481 4834 tanien
530 4776 667 4834 ideo
697 4777 841 4850 quia
895 4775 1154 4850 prescita
1188 4772 1278 4830 vel
1308 4773 1732 4845 prtedestinata
1773 4779 1932 4842 sunt,

281 4865 469 4934 ﬁunt;
516 4866 622 4923 sed
651 4867 798 4939 quia
825 4865 1029 4922 futura
1096 4861 1503 4919 indutabiliter
1569 4861 1935 4930 sciebantur,

277 4955 559 5029 prtescita
587 4969 658 5012 ac
710 4954 1136 5028 prtedestinata
1164 4950 1576 5025 potentissime
1595 4950 1938 5022 intelligun-

278 5049 395 5102 tur.
420 5047 548 5100 Non
577 5059 724 5115 ergo
747 5043 887 5100 ideo
910 5044 977 5101 tit
1005 5041 1233 5116 aliquid
1262 5041 1410 5115 quia
1435 5041 1592 5098 Deus
1614 5041 1938 5114 praescivit,

277 5132 389 5189 sed
414 5133 554 5192 ideo
569 5133 672 5190 ille
702 5132 1002 5207 praescivit
1030 5148 1156 5205 qua
1185 5131 1454 5188 futurum
1483 5132 1675 5188 scivit.
1706 5137 1788 5188 Ac
1833 5146 1942 5204 per

276 5224 402 5282 hoe
422 5237 550 5280 non
573 5229 664 5281 est
699 5223 883 5298 culpa
934 5223 1304 5297 preescientis
1345 5227 1404 5280 et
1449 5222 1942 5296 praedestinantis

279 5313 406 5386 Dei,
456 5313 507 5370 si
554 5313 774 5388 aliquis
823 5313 995 5387 perit,
1048 5313 1154 5369 sed
1238 5315 1528 5369 creaturas
1611 5311 1940 5382 rationalis,

277 5416 420 5476 quae
466 5403 583 5462 sibi
627 5403 913 5461 meritum
938 5401 1232 5476 pereundi
1249 5401 1408 5459 male
1454 5399 1738 5470 vivendo,
1787 5398 1944 5470 ejus-

280 5507 408 5566 que
478 5493 764 5552 bonitatis
835 5492 1210 5566 largitatibus
1298 5489 1627 5560 abutendo,
1707 5504 1948 5564 compa.

281 5583 455 5641 ravit.
518 5583 972 5642 Praedestinavit
1016 5583 1196 5654 igitur
1248 5585 1404 5638 Deus
1475 5583 1826 5654 peccantem
1865 5578 1947 5636 ad

285 5673 656 5749 supplicium
680 5680 992 5745 aeternum,
1015 5672 1353 5733 secundum
1368 5670 1432 5730 id
1447 5670 1614 5745 quod
1634 5685 1775 5730 eum
1793 5686 1946 5744 prte-

1962 4371 2006 4425 D

2021 3346 2221 3419 impiis
2243 3345 2535 3419 supplicia
2566 3346 2945 3418 sempiterna,
2979 3349 3036 3402 et
3059 3346 3172 3402 hoc
3194 3351 3282 3402 est
3305 3350 3494 3404 totum
3511 3347 3679 3422 quod

2025 3436 2098 3491 de
2138 3435 2666 3508 przedestinatione
2692 3434 2944 3492 ﬁdeliter
2989 3452 3058 3492 ac
3100 3435 3418 3494 salubriter
3462 3439 3680 3496 conﬁr-

2026 3529 2246 3594 matur,
2277 3527 2340 3580 ut
2359 3525 2544 3596 judex
2571 3525 2844 3582 omnium
2861 3525 3058 3582 electis
3081 3542 3186 3601 per
3207 3527 3682 3587 misericordiam

2027 3615 2479 3683 beatitudinem,
2535 3615 2750 3672 relictis
2799 3632 2905 3689 per
2947 3616 3243 3688 justitiam
3296 3635 3509 3691 poenas
3568 3625 3685 3676 tor-

2029 3709 2352 3778 mentuque
2378 3705 2683 3762 retribuat.
2735 3707 3012 3776 Legimus
3041 3708 3182 3777 quia
3207 3709 3312 3778 qui
3339 3725 3458 3765 non
3492 3711 3681 3766 credit

2022 3797 2154 3863 jam
2175 3796 2488 3864 judicatus
2520 3801 2602 3850 est
2631 3795 2830 3860 (Joan.
2863 3811 2941 3864 in,
2977 3795 3080 3864 l8),
3109 3794 3168 3848 id
3220 3799 3308 3850 est
3337 3797 3684 3854 damnatus.

2034 3885 2326 3950 Exsurgat
2355 3899 2515 3936 nunc
2543 3882 2919 3952 sycophanta
2966 3881 3386 3951 impudoratus
3443 3887 3500 3938 et
3552 3901 3691 3940 cau-

2035 3974 2194 4025 setur
2218 3986 2230 4023 :
2258 3970 2313 4025 Si
2340 3969 2442 4041 qui
2473 3983 2596 4023 non
2629 3967 2814 4023 credit
2838 3969 2967 4039 jam
3009 3967 3316 4038 judicatus
3347 3973 3454 4042 est,
3488 3987 3691 4028 neces-

2035 4059 2193 4114 sario
2215 4057 2448 4130 peribit,
2472 4072 2803 4129 poenasque
2827 4055 3082 4130 patietur
3102 4057 3502 4117 inevitabiles:
3525 4060 3692 4134 quod

2036 4150 2083 4205 si
2132 4149 2212 4204 ita
2266 4154 2355 4204 est
2411 4145 2724 4219 quomodo
2777 4147 2934 4218 juste
2983 4145 3352 4220 judicabitur
3403 4151 3690 4222 mundus,

2034 4255 2218 4313 quem
2243 4237 2570 4294 necessitas
2592 4237 2998 4308 jutticationis,
3025 4237 3087 4293 id
3117 4242 3204 4294 est
3254 4239 3687 4314 damnationis,

2036 4330 2193 4400 cogit
2221 4328 2412 4402 perire
2441 4330 2462 4384 ἲ
2487 4328 2632 4385 Dicit
2659 4328 2838 4384 etiam
2893 4326 3264 4398 evangelista
3309 4331 3571 4388 Joannes
3611 4333 3688 4389 de

2036 4419 2255 4477 Iudaeis
2294 4434 2418 4476 non
2447 4417 2829 4475 credentibus
2856 4419 3108 4475 Domino
3135 4435 3148 4472 :
3209 4419 3541 4488 Propterea
3571 4437 3692 4478 non

2034 4515 2314 4581 poterant
2337 4509 2595 4578 credere,
2623 4510 2767 4581 quia
2794 4509 2948 4565 dixit
2992 4508 3180 4564 Isaias
3205 4511 3503 4577 propheta
3527 4525 3540 4564 :
3571 4510 3696 4566 E2:-

2041 4615 2199 4656 cteca
2227 4616 2330 4655 cor
2352 4599 2573 4668 populi
2603 4599 2807 4668 hujus,
2858 4603 2909 4654 et
2969 4613 3144 4655 aures
3194 4599 3320 4666 eius
3347 4611 3598 4668 agrava,
3630 4604 3695 4656 ut

2043 4688 2282 4743 videant
2310 4688 2518 4754 oculis,
2552 4691 2606 4742 et
2639 4687 2815 4744 corde
2866 4702 2987 4742 non
3035 4686 3401 4756 intelligant,
3455 4691 3511 4743 et
3559 4703 3697 4744 con-

2042 4781 2381 4845 vertantur,
2397 4781 2451 4831 et
2473 4791 2675 4832 sanem
2691 4791 2786 4831 eos
2807 4777 3002 4846 (Joan.
3027 4791 3128 4841 xu,
3155 4780 3266 4844 39).
3295 4777 3350 4833 Si
3377 4782 3698 4850 propterea

2043 4881 2167 4922 non
2209 4868 2483 4936 poterant
2513 4863 2774 4931 credere,
2815 4863 2960 4936 quia
3004 4863 3119 4920 hoc
3168 4865 3443 4938 prtedixit
3494 4867 3694 4931 Isaias,

2045 4953 2385 5011 necessario
2421 4968 2544 5008 non
2588 4952 2988 5024 crediderunt,
3021 4969 3353 5028 pmnasque
3401 4957 3702 5030 patientur

2046 5043 2460 5112 inevitabiles;
2511 5043 2679 5117 quod
2711 5043 2758 5100 si
2797 5044 2879 5101 ita
2906 5049 3012 5114 est,
3045 5045 3355 5119 quomodo
3403 5047 3564 5120 juste
3601 5049 3700 5121 ju-

2047 5135 2347 5193 dicabitur
2374 5133 2660 5197 mundus,
2694 5150 2879 5207 quem
2909 5136 3202 5192 necesitas
3223 5137 3554 5210 prophetiae
3604 5153 3703 5193 eo-

2045 5222 2165 5293 egit
2202 5236 2324 5279 non
2353 5219 2592 5276 credere
2612 5219 2641 5276 ‘l
2662 5222 2728 5277 Et
2747 5219 2874 5293 ipse
2893 5219 3205 5290 Dominus,
3237 5222 3567 5291 Propterea
3598 5235 3700 5276 vos

2048 5328 2170 5369 non
2198 5311 2441 5382 auditis,
2469 5311 2612 5383 quia
2638 5325 2714 5368 ea:
2737 5312 2859 5368 Deo
2886 5327 3007 5370 non
3037 5314 3176 5370 estis
3205 5312 3403 5384 (Joan.
3432 5325 3555 5377 vni,
3577 5312 3645 5367 47
3664 5310 3700 5383 ;)

2049 5407 2107 5459 et
2159 5401 2416 5459 iterum:
2472 5401 2804 5472 Propterea
2853 5417 2955 5458 vos
3035 5419 3156 5460 non
3235 5401 3498 5468 creditis,
3557 5402 3704 5474 quia

2049 5507 2171 5549 non
2209 5493 2346 5549 estis
2383 5506 2460 5550 ea:
2515 5492 2722 5549 ovibus
2773 5493 2919 5550 meis
2949 5494 3236 5563 (Joan.x,
3283 5492 3428 5564 26);
3468 5494 3525 5548 et
3569 5505 3704 5546 rur-

2051 5597 2234 5636 sum:
2294 5582 2482 5638 Nemo
2545 5588 2738 5653 potest
2790 5583 2994 5639 venire
3021 5583 3104 5637 ad
3164 5597 3276 5649 me,
3328 5581 3450 5636 nisi
3495 5581 3703 5646 Pater,

2051 5669 2160 5742 qui
2180 5669 2338 5728 misit
2368 5685 2478 5740 me,
2511 5673 2770 5730 traxerit
2793 5684 2963 5737 eum;
2995 5673 3052 5726 et
3079 5670 3265 5727 Nemo
3292 5671 3492 5738 potest
3505 5665 3710 5725 venire
