4116 6186
460 165 598 220 11ὄ9

1522 156 1579 211 8·
1622 154 1995 211 PRUDENTII
2031 154 2409 214 TRECENSIS
2449 158 2765 216 EPISCOPI

3760 161 3889 217 1160

459 289 542 347 ad
570 302 662 344 me
685 284 802 341 nisi
826 281 1035 338 datum
1063 280 1254 348 fuerit
1287 279 1343 336 ei
1358 293 1397 337 a
1431 279 1618 337 Patre
1642 295 1769 338 meo
1812 279 2013 336 (Joan.
2036 293 2116 349 v1,
2147 284 2195 341 Δ
2226 297 2358 338 sese
2384 283 2446 339 in
2469 282 2956 357 praecedentibus
2982 279 3257 353 ejusdem
3289 280 3567 354 Epistolm
3593 283 3895 344 duntaxat

460 381 531 434 44
561 376 673 447 66).
706 375 773 428 Et
798 368 1008 426 omnia
1025 383 1408 441 quaecunque
1438 368 1514 425 de
1540 368 1645 425 Dei
1675 367 1923 425 occultis
1967 367 2121 440 judi-

461 466 565 523 ciis
588 457 954 536 prophetica:
975 459 1032 513 et
1060 455 1406 529 apostolicae
1429 458 1667 531 paginae
1689 461 2119 531 protestantur,

460 551 688 609 eisdem
717 543 1038 605 calumniis
1072 544 1493 617 subjacebunt.
1541 546 1748 604 Omnis
1803 544 1983 616 igitur
2040 545 2118 602 ab

457 639 553 698 his
580 635 902 696 necessitas
963 632 1236 690 coactiva
1257 633 1646 709 propellatur,
1676 638 1733 691 et
1753 633 2120 707 judiciorum

468 730 570 787 Dei
620 725 922 785 humiliter
966 722 1350 798 profunditas
1396 727 1707 798 stupeatur
1763 723 2118 797 dicaturque

460 822 605 874 cum‘
630 814 921 890 Apostolo
953 830 967 871 :
1003 814 1051 870 0
1074 813 1339 871 altitudo
1354 814 1708 871 divitiarum
1757 813 2020 871 scientiae
2045 828 2117 871 ac

456 907 765 978 sapientia:
783 905 924 962 Dei!
955 904 1143 972 (Rom.
1174 918 1259 973 x1,
1285 904 1400 975 33.)

530 1000 697 1054 Nunc
717 994 797 1053 ad
814 992 1074 1050 videnda
1092 991 1346 1066 reliqua,
1369 992 1609 1050 favente
1630 993 1906 1064 Domino,
1928 995 2116 1050 trans-

458 1102 690 1144 eamus.
724 1082 991 1157 Denique
1014 1080 1220 1138 volens
1237 1080 1497 1154 probare
1521 1081 1689 1155 quod
1716 1085 1938 1138 sanctas
1968 1080 2116 1138 Scri-

457 1179 649 1249 pturze
681 1172 1005 1231 auctoritas
1034 1170 1397 1228 inconcussa
1437 1169 1879 1244 praescientiam
1931 1168 2117 1226 simul

456 1268 517 1321 et
541 1260 1154 1336 prmdestinationem,
1186 1262 1289 1315 aut
1318 1257 1510 1315 solam
1557 1257 1829 1315 absolute
1857 1257 2117 1331 praedes-

455 1352 829 1420 tinationem,
847 1347 1089 1406 nonnisi
1107 1347 1169 1405 in
1189 1347 1286 1404 his
1309 1364 1464 1422 quos
1486 1349 1640 1405 Deus
1656 1346 1833 1419 elegit
1852 1347 1932 1405 ad
1952 1350 2117 1404 aeter-

457 1457 605 1499 nam
657 1438 1095 1497 beatitudinem
1137 1436 1570 1509 possidendam
1620 1435 1960 1493 inveniatur
2002 1451 2113 1509 po-

456 1527 672 1601 suisse,
700 1527 878 1602 ponis
906 1523 1242 1599 apostolica
1271 1523 1619 1581 testimonia
1649 1522 1730 1580 ad
1758 1526 2065 1581 Romanos
2096 1541 2109 1581 :

2232 372 2309 429 ad
2335 376 2637 432 Romanos
2656 372 2930 446 partibus
2955 373 3101 429 satis
3117 371 3308 442 egisse
3329 373 3716 431 meminerat.
3738 375 3895 431 Nihil

2230 475 2373 531 ergo
2402 465 2570 519 tuam
2598 461 2898 519 insaniam
2932 460 3119 517 verba
3144 459 3461 533 apostilica
3484 462 3719 533 juvant.
3760 466 3891 521 Non

2229 551 2390 607 enim
2413 556 2518 609 aut
2552 550 2974 611 tantummodo
3003 548 3224 607 electos
3253 549 3745 623 praedestinatos,
3783 559 3891 611 aut

2226 639 2519 712 reprobos
2569 655 2693 697 non
2735 638 3196 715 praedestinatos
3241 638 3427 707 dixit;
3486 640 3659 712 quod
3683 645 3888 699 tamen

2228 727 2331 785 ubi
2358 728 2751 787 commodum
2777 727 2966 797 duxit,
2990 731 3313 800 utrumque
3343 726 3688 807 alternatim
3718 745 3886 788 com-

2225 817 2514 875 mendare
2544 833 2670 875 non
2697 815 2962 875 distulit:
2987 815 3073 874 ait
3091 815 3253 872 enim
3276 815 3343 872 in
3363 809 3582 874 eadem
3625 819 3891 893 Epistula

2227 920 2366 963 cum
2393 906 2469 964 de
2497 906 2784 965 electione
2813 905 3083 978 gentium
3135 907 3195 962 et
3227 904 3653 978 reprobatione
3700 907 3892 965 Judae-

2225 1011 2401 1052 orum
2430 995 2722 1054 subtiliter
2745 994 3159 1068 veraciterque
3196 997 3481 1053 tractaret
3507 1013 3521 1051 :
3552 997 3667 1054 Sin
3691 1004 3889 1056 autem

2224 1090 2376 1142 Deus
2397 1086 2597 1142 volens
2623 1085 2930 1143 ostendere
2949 1085 3106 1141 iram
3135 1089 3191 1141 et
3211 1090 3416 1142 notam
3441 1086 3653 1156 facere
3674 1094 3881 1157 poten-

2227 1175 2374 1232 tiam
2423 1188 2618 1246 suam,
2672 1174 2958 1230 sustinuit
3009 1174 3076 1229 in
3117 1174 3314 1230 multa
3360 1175 3664 1244 patientia
3742 1192 3884 1233 vasa

2225 1259 2352 1330 ira’,
2412 1257 2750 1315 secundum
2804 1256 3193 1314 Ambrosium
3231 1265 3617 1330 praeparata,
3667 1276 3879 1317 secun-

2224 1347 2372 1404 dum
2423 1347 2823 1419 Augustinum
2869 1350 2927 1404 et
2974 1362 3186 1404 omnes
3233 1346 3551 1405 Africanos
3588 1351 3879 1420 perfecta,

2225 1437 2563 1494 secundum
2628 1440 2972 1494 nostrorum
3025 1435 3305 1493 codicum
3381 1437 3881 1496 consuetudinem

2224 1532 2370 1598 apta
2395 1528 2489 1583 vel
2512 1532 2725 1598 aptata
2750 1527 2814 1582 in
2841 1526 3254 1584 interitum.Ut
3280 1527 3617 1586 ostenderet
3643 1528 3885 1586 divitias

457 1619 714 1685 Scimus,
775 1613 1126 1689 inquientia,
1158 1614 1442 1686 quoniam
1496 1612 1880 1684 diligentibus
1926 1612 2115 1668 Deum
2145 1641 2186 1696 Β
2222 1616 2435 1687 gloriae
2464 1631 2590 1674 sua:
2610 1617 2673 1672 in
2701 1630 2846 1673 vasa
2876 1615 3302 1673 misericordiae
3349 1632 3483 1689 qua?
3503 1619 3876 1689 praeparavit

457 1707 659 1764 omnia
682 1710 1084 1775 cooperantur
1108 1703 1171 1758 in
1214 1701 1477 1758 bonum:
1510 1701 1623 1772 his,
1653 1701 1761 1772 qui
1786 1700 2111 1768 secundum

448 1795 827 1869 propositum
848 1792 1047 1848 vocati
1071 1796 1248 1861 sunt;
1278 1791 1561 1862 quoniam
1593 1804 1737 1862 quos
1791 1795 1931 1846 ante
1963 1805 2114 1860 pra:-

457 1885 629 1943 scivit
676 1889 731 1940 et
766 1881 1218 1953 przdestinavit
1266 1880 1598 1949 conformes
1651 1880 1792 1949 ﬁeri
1834 1880 2112 1951 imaginis

457 1974 605 2032 Filii
630 1974 745 2044 sui,
777 1978 841 2028 ut
863 1972 940 2026 sit
969 1970 1093 2041 ipse
1115 1969 1549 2041 primogenitus
1567 1970 1629 2024 in
1662 1968 1867 2025 multis
1898 1968 2110 2036 fratri-

460 2063 605 2119 bus:
630 2077 772 2135 quos
788 2065 986 2117 autem
998 2058 1470 2130 praedestinavit,
1503 2057 1641 2113 illos
1667 2061 1723 2114 et
1749 2057 1980 2114 vocavit
2010 2072 2035 2128 ,ο
2057 2063 2112 2113 et

455 2167 601 2223 quos
630 2150 885 2217 vocavit,
908 2149 1065 2219 ipsos
1089 2146 1519 2218 etjustiﬁcavit
1545 2162 1558 2213 ;
1590 2160 1735 2217 quos
1764 2150 1963 2202 autem
1982 2146 2111 2215 jus-

457 2239 726 2310 tiﬁcavit,
745 2238 903 2307 ipsos
924 2243 979 2294 et
995 2234 1564 2307 gloriﬁcavitmom.
1587 2249 1711 2302 V111,
1735 2231 1941 2304 28-30).
1965 2234 2111 2290 Item

454 2327 537 2385 ad
555 2327 843 2402 Ephesios
872 2342 886 2382 :
918 2324 1277 2383 Benedictus
1305 2324 1594 2380 Dominus
1624 2328 1677 2379 et
1696 2322 1885 2379 Pater
1911 2322 2110 2379 Domi-

460 2419 530 2475 ni
550 2417 746 2475 nostri
769 2417 912 2473 Jesu
943 2414 1192 2486 Christi,
1240 2413 1350 2487 qui
1376 2413 1676 2470 benedixit
1708 2427 1813 2469 nos
1843 2412 1907 2467 in
1951 2412 2114 2467 omni

457 2506 858 2564 benedictione
887 2504 1156 2576 spiritali
1174 2504 1237 2559 in
1269 2502 1605 2560 caelestibus
1635 2501 1697 2557 in
1724 2500 1965 2557 Christo
1996 2519 2009 2556 :
2039 2502 2111 2557 si-

455 2602 555 2654 cut
584 2596 759 2668 elegit
782 2610 888 2652 nos
930 2596 995 2651 in
1034 2595 1162 2664 ipso
1187 2597 1327 2650 ante
1373 2591 1848 2649 constitutionem
1876 2590 2106 2657 mundi,

452 2690 522 2743 ut
575 2700 826 2742 essemus
875 2684 1096 2750 sancti,
1147 2688 1201 2740 et
1232 2681 1360 2738 sine
1399 2680 1642 2738 macula
1697 2679 1760 2736 in
1790 2685 2109 2750 conspectu

451 2778 579 2846 ejus
608 2776 671 2831 in
704 2774 1032 2843 charitate;
1048 2771 1492 2843 praedestinans
1522 2785 1629 2827 nos
1646 2769 1710 2826 in
1730 2768 2107 2839 adoptionem

447 2866 715 2935 ﬁliorum
727 2880 844 2935 per
860 2865 1063 2921 Jesum
1096 2861 1401 2919 Christum
1435 2861 1498 2917 in
1535 2861 1730 2931 ipsum
1779 2858 2105 2919 secundum

444 2956 742 3026 placitum
774 2953 1103 3011 voluntatis
1133 2965 1275 3022 suae,
1298 2949 1379 3008 ad
1401 2948 1640 3007 laudem
1659 2948 1871 3019 gloria
1893 2947 2107 3018 gratiae

450 3060 575 3101 sua:
597 3058 620 3115 ,'
643 3044 706 3100 in
737 3058 860 3115 qua
886 3042 1255 3115 gratiﬁcavit
1285 3055 1390 3095 nos
1414 3039 1477 3094 in
1526 3039 1743 3095 dilecto
1769 3037 1929 3093 Filio
1959 3052 2064 3094 suo
2086 3051 2106 3091 .·

447 3134 511 3189 in
537 3148 653 3204 quo
676 3131 960 3189 habemus
977 3129 1437 3200 redemptionem
1451 3141 1562 3196 per
1581 3127 1935 3196 sanguinem
1955 3127 2106 3196 ejus.

447 3221 849 3278 remissionem
865 3225 1250 3291 peccatorum
1280 3214 1608 3272 secundum
1631 3213 1875 3270 divitias
1892 3215 2107 3285 gratiae

449 3312 598 3380 eius,
626 3326 761 3382 qua:
791 3305 1306 3379 superabundavit
1354 3304 1417 3359 in
1444 3317 1549 3358 nos
1577 3302 1641 3358 in
1667 3302 1831 3359 omni
1876 3303 2108 3374 sapien-

450 3400 536 3455 tia
565 3403 618 3455 ct
640 3397 994 3467 prudentia,
1017 3394 1328 3452 ostendens
1350 3391 1517 3448 nobis
1548 3399 1994 3450 sacramentum
2016 3409 2110 3451 vo-

450 3486 703 3542 luntatis
723 3500 843 3541 suae
871 3483 1195 3541 secundum
1217 3481 1433 3538 bonum
1446 3481 1748 3552 placitum
1770 3485 1921 3552 ejus,
1948 3482 2109 3555 quod

444 3572 759 3644 proposuit
808 3572 871 3628 in
915 3582 1031 3643 eo;
1084 3570 1164 3627 ad
1227 3570 1667 3640 dispositionem
1710 3571 2107 3643 plenitudinis

450 3667 799 3730 temporum,
830 3665 896 3716 ut
926 3665 1419 3718 restaurarentur
1465 3661 1667 3716 omnia
1722 3660 1785 3717 in
1843 3661 2103 3752 Christo,

448 3764 580 3822 quae
607 3756 744 3806 sunt
767 3750 830 3806 in
857 3749 1042 3817 cretis,
1070 3754 1126 3805 et
1151 3764 1282 3821 qua?
1306 3764 1488 3819 super
1517 3756 1763 3806 terram.
1796 3750 1870 3806 In
1895 3750 2019 3820 ipso
2042 3749 2105 3806 in

447 3854 563 3912 quo
588 3845 643 3896 et
672 3845 832 3897 sorte
860 3841 1060 3897 vocati
1085 3854 1287 3896 sumus
1318 3838 1739 3909 praedestinali
1778 3839 2104 3896 secundum

438 3930 816 4000 propositum
835 3929 948 3985 Dei
973 3940 997 4000 ,'
1027 3928 1103 3985 ab
1135 3942 1198 3985 eo
1225 3928 1331 4001 qui
1354 3929 1552 3985 omnia
1583 3932 1873 3997 operatur
1899 3944 2106 3986 secun-

445 4018 589 4075 dum
647 4019 965 4075 consilium
1014 4017 1344 4075 voluntatis
1387 4032 1508 4073 suae
1565 4015 1804 4087 (Epltes.
1835 4032 1876 4089 1,
1931 4018 2098 4089 3-H).

447 4107 674 4173 Quibus
692 4107 1020 4180 praemissis
1050 4107 1150 4179 adj
1161 4106 1337 4178 ungis
1361 4105 1590 4163 dicens.

1013 4250 1114 4293 10A
1124 4250 1261 4291 NNES
1302 4249 1529 4290 SCOTUS.

515 4340 681 4413 (Cap.
709 4345 792 4413 11,
823 4355 991 4400 num.
1023 4344 1079 4413 4,
1103 4355 1221 4396 sec.
1251 4339 1340 4412 3.)

443 4429 675 4488 claram
714 4429 915 4488 tubam
965 4429 1099 4502 quis
1127 4428 1294 4485 homo
1325 4428 1539 4485 sobria?
1568 4428 1996 4501 vigilantisque
2021 4430 2097 4498 ﬁ-

441 4518 540 4577 dei
565 4535 729 4578 voces
753 4520 1039 4579 admittat
1069 4519 1385 4587 humanas,
1424 4518 1555 4591 quis
1575 4533 1705 4574 mea
1722 4532 1843 4574 non
1884 4517 2097 4575 audiat

434 4610 1025 4680 praedestinationem
1048 4608 1383 4666 omnimodo
1404 4622 1524 4666 esse
1542 4612 1909 4677 sanctorum,
1924 4608 2097 4664 nullo

438 4700 610 4757 modo
623 4714 797 4771 posse
814 4700 952 4769 ﬁeri
969 4698 1361 4770 reproborum
1384 4699 1412 4752 ?

1108 4840 1433 4884 CORRECTIO.

510 4930 602 4994 ’1-0
622 4945 810 5003 quam
829 4932 937 4988 tibi
953 4932 1294 4992 necessaria
1313 4932 1508 4990 fuerat
1525 4932 2097 5004 sobrietas,vigilan-

439 5017 640 5091 tiaque
649 5035 804 5076 verae
815 5019 979 5093 ﬁdei,
992 5025 1058 5078 ut
1068 5022 1303 5080 videres
1315 5022 1465 5096 quid
1483 5023 1633 5080 tuba
1650 5022 1985 5097 apostolica
2000 5022 2093 5079 di-

439 5110 624 5165 ceret:
657 5112 717 5165 et
740 5123 1129 5182 nequaquam
1149 5112 1522 5182 exeogitares
1549 5111 1716 5184 quod
1742 5112 1921 5166 tanta:
1951 5125 2091 5166 con-

437 5200 646 5254 centus
658 5196 819 5255 tubae
840 5196 1088 5255 minime
1103 5198 1422 5257 sonuisset.
1443 5198 1765 5272 Apostolus
1790 5196 2091 5270 siquidem

2221 1706 2284 1761 in
2306 1705 2587 1776 gloriam,
2616 1720 2758 1776 quos
2786 1710 2841 1761 et
2872 1704 3107 1762 vocavit
3136 1719 3244 1761 nos
3273 1720 3398 1760 non
3427 1707 3619 1764 solum
3668 1722 3744 1763 ea:
3768 1707 3877 1762 Ju-

2221 1796 2383 1864 daeis,
2410 1796 2513 1852 sed
2531 1796 2709 1853 etiam
2740 1810 2816 1852 ea:
2841 1796 3115 1867 gentibus
3139 1795 3326 1868 (Rom.
3356 1812 3433 1867 xx,
3450 1797 3653 1868 22-24),
3682 1802 3741 1853 et
3765 1813 3877 1853 cae-

2223 1889 2347 1942 tera
2372 1901 2508 1959 quas
2528 1879 2880 1958 sehuuntur.
2912 1884 2972 1942 Si
2988 1882 3318 1941 secundum
3336 1899 3405 1941 ea
3426 1883 3631 1957 quaein
3647 1900 3872 1957 praece-

2221 1972 2501 2030 dentibus
2524 1973 2880 2030 conﬁrmare
2910 1972 3153 2029 molitus
3173 1988 3258 2042 es,
3289 1971 3429 2029 nihil
3454 1976 3541 2029 est
3571 1971 3735 2029 aliud
3762 1973 3867 2029 Dei

2220 2062 2661 2137 praedestinatio
2674 2078 2861 2135 quam
2874 2062 3234 2137 praeparatio
3248 2061 3877 2135 operumillius,quare

2219 2151 2531 2210 manifeste
2560 2151 2898 2225 Apostolus,
2921 2165 3067 2211 vasa
3099 2152 3208 2208 irae
3232 2157 3584 2222 praeparata
3612 2151 3708 2208 vel
3732 2165 3870 2221 per-

2214 2240 2379 2311 fecta
2394 2241 2489 2298 vel
2496 2244 2641 2310 apta
2652 2241 2772 2297 sive
2786 2244 2998 2309 aptata
3008 2239 3072 2295 in
3084 2239 3394 2296 interitum
3409 2238 3679 2296 clamitat
3694 2254 3882 2296 :nam-

2220 2329 2605 2402 dejvarietate
2625 2328 3018 2402 interpretum
3038 2344 3162 2385 non
3192 2334 3285 2386 est
3326 2345 3537 2387 meum
3559 2328 3834 2400 judicare
3861 2348 3875 2385 :

2221 2423 2520 2492 quantum
2550 2423 2753 2476 tamen
2782 2418 2862 2475 ad
2915 2433 3119 2475 meam
3159 2417 3365 2475 attinet
3415 2416 3876 2491 simplicitatem,

2233 2511 2450 2564 cuncta
2473 2511 2530 2564 et
2546 2507 2769 2580 recipio
2817 2511 2875 2563 et
2901 2505 3196 2579 approbo.
3229 2506 3310 2575 Si,
3359 2506 3639 2581 inquam,
3673 2522 3877 2564 secun-

2219 2596 2366 2654 dum
2386 2595 2769 2653 Ambrosium
2790 2610 2934 2653 vasa
2956 2598 3064 2654 ἱνα)
3075 2602 3431 2668 praeparata
3443 2604 3587 2654 sunt
3604 2599 3669 2653 in
3683 2599 3876 2654 interi.

2220 2693 2367 2757 tum,
2399 2690 2457 2743 et
2467 2685 2490 2758 j
2500 2689 2643 2742 uxta
2679 2684 3057 2742 deﬁnitiones
3102 2688 3237 2743 tuas
3267 2685 3701 2759 praedestinare
3730 2684 3872 2743 nihil

2218 2779 2307 2832 est
2327 2773 2490 2832 aliud
2519 2789 2706 2847 quam
2727 2789 3065 2848 praeparare
3089 2792 3101 2830 :
3125 2774 3316 2848 liquet
3337 2775 3610 2849 profecto
3633 2778 3879 2849 Aposto-

2217 2862 2346 2921 lum
2375 2879 2520 2922 vasa
2549 2865 2655 2921 irae
2675 2870 3028 2935 praeparata
3048 2866 3112 2921 in
3128 2865 3461 2933 interitum,
3483 2879 3870 2938 nequaquam

2216 2953 2382 3012 aliud
2411 2953 2669 3011 sensisse
2697 2970 2886 3027 quam
2904 2953 3348 3028 praedestinata,
3368 2955 3663 3030 quoniam
3676 2953 3875 3011 omnis

2216 3043 2489 3116 ejusdem
2539 3043 2883 3117 apostolicis
2955 3044 3379 3119 disputationis
3427 3043 3879 3102 circumstantia

2215 3134 2332 3191 hoc
2350 3133 2514 3191 idem
2542 3134 2822 3203 continet,
2871 3133 3025 3191 adeo
3057 3138 3124 3192 ut
3161 3133 3365 3191 nullus
3394 3134 3614 3194 sobrie
3658 3133 3877 3191 mentis

2216 3222 2386 3280 aliter
2425 3222 2629 3280 locum
2668 3222 2953 3280 eumdem
3006 3222 3351 3296 apostolicae
3420 3222 3875 3297 praedicationis

2216 3311 2569 3369 intellexisse
2587 3314 2694 3368 aut
2715 3310 2993 3369 docuisse
3023 3310 3323 3368 ullatenus
3354 3312 3709 3386 reperiatur.

2288 3401 2358 3457 Et
2383 3400 2536 3469 licet,
2558 3399 2707 3458 mihi
2722 3402 3022 3458 tantorum
3055 3399 3431 3473 pontiﬁcum,
3456 3401 3764 3459 Ambrosii
3791 3402 3877 3458 vi-

2218 3489 2431 3549 delicet
2449 3494 2506 3547 et
2550 3490 2889 3562 Augustini,
2919 3490 2982 3548 iu
3008 3490 3335 3549 assertione
3375 3491 3560 3564 hujus
3587 3492 3678 3548 rei
3708 3491 3876 3548 suﬁi-

2218 3580 2332 3637 ciat
2362 3578 2708 3648 auctoritas,
2742 3595 2820 3636 ne
2849 3579 2945 3637 cui
2976 3582 3179 3638 tamen
3208 3580 3721 3654 interpretationis
3751 3580 3878 3637 dis-

2216 3669 2433 3743 pliceat
2450 3669 2728 3736 varietas,
2758 3669 2920 3726 idem
2940 3668 3263 3742 Apostolus
3282 3668 3552 3726 scribens
3581 3669 3879 3729 adCorin—

2217 3759 2393 3828 thios,
2427 3758 2509 3815 ait
2542 3760 2740 3815 :Puto
2770 3773 2875 3816 nos
2910 3760 3068 3821 Deus
3089 3759 3266 3830 elegit
3311 3760 3659 3816 novissimos
3703 3776 3880 3830 apos-

2216 3853 2365 3909 tolos
2398 3857 2687 3924 tanquam
2701 3850 2883 3908 morti
2895 3851 3219 3908 destinatos
3249 3850 3307 3922 (Ι
3325 3850 3462 3907 Cor.
3485 3866 3564 3921 1v,
3582 3855 3642 3921 9)
3671 3850 3879 3924 ;quod

2212 3958 2289 3998 ne
2337 3940 2705 3998 amicissima
2735 3938 2841 3995 tibi
2892 3938 3246 4012 pervesitate
3287 3939 3673 4012 detorquens,
3725 3940 3877 3997 audi

2211 4031 2467 4105 qualiter
2497 4033 2553 4088 S.
2584 4028 2937 4087 Ambrosius
2992 4032 3273 4102 exponat.
3319 4028 3672 4086 Ambrosius
3701 4031 3793 4101 (in
3848 4032 3885 4086 Ι

2215 4121 2488 4179 Corinth.
2518 4136 2602 4188 iv,
2634 4120 2717 4191 1x)
2753 4136 2765 4175 :
2799 4120 2939 4191 [Hoc
2962 4118 3099 4176 ideo
3126 4134 3401 4191 personae
3434 4134 3563 4176 suae
3591 4119 3879 4192 deputat,

2212 4210 2316 4280 qui
2360 4224 2598 4283 semper
2643 4209 2706 4265 in
2735 4208 3090 4265 necessitate
3136 4207 3264 4277 fuit,
3315 4206 3774 4282 persecutiones
3820 4214 3882 4265 et

1362 4340 1396 4406 ’r
1428 4340 1656 4396 Contra
1673 4338 1942 4396 veritatis
1976 4343 2097 4397 tam
2127 4353 2172 4409 ι)
2209 4315 2538 4409 iiiis???
2554 4298 2725 4409 Ἦῖτέἷ
2739 4298 3433 4409 θδῖέῗθῖῗῖῗὲἓδῗῗῗξδξίῖῗῗ
3458 4300 3700 4409 Pii???
3731 4303 3882 4409 sui?

2212 4390 2454 4448 choch
2483 4394 2541 4446 et
2569 4387 2750 4457 Elias,
2793 4388 2898 4461 qui
2927 4387 3140 4447 ultimo
3172 4394 3441 4463 tempore
3491 4390 3677 4447 futuri
3731 4395 3883 4447 sunt

2209 4479 2495 4555 apostoli:
2520 4476 2671 4535 mitti
2700 4476 2861 4534 enim
2884 4476 3114 4537 habent
3137 4483 3274 4536 ante
3296 4479 3594 4538 Christum
3619 4480 3705 4537 ad
3720 4495 3883 4554 prae.

2206 4569 2552 4645 parandum
2563 4566 2862 4643 populum
2881 4567 3005 4631 Dei,
3025 4572 3083 4627 et
3099 4569 3471 4628 muniendas
3508 4585 3723 4627 omnes
3774 4574 3885 4628 Εσ-

2205 4659 2418 4718 clesias
2452 4659 2532 4718 ad
2562 4656 2965 4716 resistendum
2994 4657 3377 4729 Antichristo,
3398 4675 3557 4733 quos
3587 4664 3645 4716 et
3660 4673 3885 4732 perse—

2206 4748 2473 4807 cutiones
2499 4746 2627 4823 pati
2654 4750 2712 4805 et
2737 4746 2931 4804 occidi
2958 4746 3133 4805 lectio
3159 4747 3559 4822 Apocalypsis
3590 4748 3879 4804 testatur.

2205 4838 2434 4896 Horum
2459 4852 2602 4907 ergo
2622 4840 2860 4908 tempus
2879 4850 2991 4892 suo
3011 4836 3268 4909 tempori
3283 4835 3657 4910 comparavit
3675 4836 3880 4909 Apos-

2203 4926 2360 4985 tolus
2384 4926 2614 4997 dicens,
2641 4924 2816 4998 quasi
2844 4926 3026 4981 morti
3047 4924 3376 4983 destinatos
3408 4941 3423 4982 :
3453 4924 3535 4982 ad
3561 4923 3683 4982 hoc
3701 4923 3877 4981 enim

2201 5015 2437 5074 venturi
2457 5019 2598 5072 sunt
2624 5017 2691 5072 ut
2709 5012 3111 5085 occidantur.]
3142 5014 3176 5080 -Ῑ-
3206 5016 3274 5073 Et
3300 5014 3365 5071 in
3391 5013 3548 5072 libro
3568 5013 3875 5072 Ecclesia-

2203 5105 2348 5163 stico
2375 5103 2630 5175 legitur:
2666 5104 2826 5160 Deus
2843 5102 3094 5174 paravit
3138 5103 3317 5161 illum
3340 5104 3425 5162 ad
3446 5102 3875 5175 rhompha'am

2201 5192 2412 5267 (Eccli.
2442 5207 2604 5257 xxvr,
2627 5195 2745 5262 27).
2775 5193 2846 5249 Et
2888 5191 3018 5265 ipse
3048 5192 3344 5250 Dominus
3371 5192 3454 5250 ad
3476 5191 3593 5249 Job
3622 5208 3774 5254 cum
3819 5192 3883 5248 ei

435 5287 610 5345 inhis
635 5304 770 5363 quae
789 5286 1161 5362 proposuisti
1184 5287 1477 5361 exemplis
1497 5290 1686 5344 totam
1699 5285 2089 5345 intentionem
2198 5281 2678 5341 malitiosissima
2736 5283 2796 5338 et
2838 5284 3008 5337 extra
3035 5281 3224 5338 Deum
3253 5280 3653 5340 invictissime.
3691 5295 3882 5339 arma

435 5389 612 5432 suam
639 5376 721 5433 ad
746 5375 1071 5434 electorum
1092 5374 1819 5448 Deipraedestinationem,
1838 5376 1896 5431 et
1913 5373 2091 5446 glori-

433 5464 777 5524 ﬁcationem
791 5462 1344 5524 commendandam
1352 5463 1714 5538 praedicator
1733 5462 1993 5523 veritatis
2002 5464 2089 5523 di-

2198 5376 2382 5447 atque
2407 5372 2768 5445 argumenta
2805 5368 3036 5428 diaboli
3066 5374 3413 5445 exponeret.
3447 5370 3588 5441 Qua
3623 5386 3880 5444 praepa-

2195 5463 2352 5532 ravi,
2382 5461 2665 5536 inquit,in
2692 5459 2849 5517 diem
2894 5474 3118 5533 pugnas
3173 5467 3229 5519 et
3262 5461 3407 5520 belli
3431 5460 3560 5533 (Job
3606 5475 3875 5530 xxxvm,

432 5560 667 5615 rexerat
682 5573 697 5614 :
712 5556 1068 5630 nullamque
1080 5552 1611 5630 reproborum,vel
1620 5553 2084 5628 praedestinatio-
2192 5554 2301 5622 23),
2330 5551 2555 5624 quibus
2594 5549 2974 5609 documentis
3034 5549 3351 5609 manifeste
3405 5551 3740 5609 destruitur
3770 5555 3874 5608 tu-

432 5646 695 5723 nem,vel
704 5645 1158 5711 damnationem
1170 5644 1459 5709 adnotare
1474 5642 1759 5717 subierat,
1776 5644 2081 5720 quodjam
2193 5656 2366 5705 orum
2387 5640 2669 5703 astructio
2686 5637 3145 5702 mendaciorum
3147 5641 3395 5716 ,quibus
3412 5640 3875 5715 praescientiam
