4128 6200
247 656 549 722 quantum
579 672 691 728 pro
721 666 1163 734 opportunitate
1202 671 1397 730 visum
1433 656 1906 752 esu-egerimus.

246 744 367 795 Aut
390 740 572 811 igitur
598 749 971 820 reprehende
1001 757 1389 820 Ambrosium
1413 771 1468 823 et
1485 771 1906 841 Augustinum,

247 843 476 902 eosque
502 835 820 900 mendacii,
854 839 976 898 imo
1024 845 1322 906 haereseos
1353 869 1538 925 argue
1573 876 1586 926 ;
1633 865 1736 916 aut
1763 863 1909 934 quia

245 916 310 972 id
336 918 463 974 fieri
494 922 659 979 nullo
687 927 871 984 modo
903 916 1455 1002 potest,humiliare
1471 916 1906 1007 tantorum‘l'a:

247 1009 407 1063 trum
438 1010 850 1073 saluberrimis
879 1022 1089 1092 sensis,
1141 1031 1198 1082 et
1240 1029 1441 1102 fatere,
1493 1037 1661 1108 quod
1693 1056 1904 1097 verum

243 1101 354 1167 est,
387 1101 846 1177 prtescientiam,
877 1101 1468 1182 prtedestinationem
1509 1101 1565 1181 et
1594 1142 1901 1202 prtepara-

244 1185 469 1254 tionem
495 1190 597 1247 Dei
622 1191 926 1283 bifariam,
971 1200 1032 1257 id
1064 1209 1152 1261 est
1174 1211 1230 1264 et
1259 1209 1336 1265 ad
1364 1185 1616 1283 electos:
1633 1223 1690 1275 et

242 1277 470 1346 probos
499 1281 813 1352 pertinere.

318 1367 420 1422 His
444 1371 789 1442 apostolicis
811 1381 1117 1438 sententiis
1138 1386 1304 1443 nulla
1324 1389 1901 1472 obscuritate,quan—

239 1457 376 1510 tum
402 1457 479 1546 ad
505 1461 940 1546 praescientiam
978 1474 1036 1526 et
1077 1475 1662 1544 prmdestinationem
1689 1457 1790 1543 Diei
1817 1494 1901 1546 at-

239 1543 408 1610 tinet,
438 1545 741 1622 involutis,
765 1543 1106 1616 nullatenus
1136 1563 1213 1619 ad
1236 1580 1446 1624 eorum
1471 1586 1607 1643 quae
1632 1578 1897 1634 astruere

238 1638 494 1690 conatus
523 1652 586 1693 es
615 1641 1329 1726 pertinentibus,ideoque
1346 1638 1585 1716 veritate
1605 1663 1896 1734 privatus,

236 1724 457 1780 transis
487 1727 565 1782 ad
613 1745 684 1785 ea
735 1733 1074 1795 testimonia
1116 1724 1252 1814 quae
1283 1761 1356 1801 ex
1384 1746 1545 1805 beati
1584 1756 1899 1825 Augustini

234 1813 472 1885 scriptis
503 1818 943 1880 Gotteschalcus
973 1813 1353 1903 decerpserit,
1387 1840 1567 1910 atque
1602 1813 1896 1902 advsuum

233 1916 520 1972 errorem,
553 1911 618 1962 ut
646 1908 753 1977 ais,
781 1910 1256 1984 detorserit.Quae
1278 1922 1426 1980 dum
1447 1908 1570 1983 non
1597 1928 1898 1991 intellecta

233 1993 454 2048 asseris
481 1999 814 2056 secundum
839 2006 1210 2078 Apostolum,
1245 2014 1384 2069 aliis
1405 2016 1643 2075 odorem
1673 2023 1810 2077 vita:
1830 2024 1894 2079 in

235 2083 441 2154 vitam,
468 2086 606 2142 aliis
637 2089 874 2148 odorem
901 2098 1104 2152 mortis
1135 2100 1198 2155 in
1224 2109 1470 2161 mortem
1488 2105 1733 2178 facta(lI
1751 2111 1889 2168 Cor.

229 2173 647 2244 11,16),utinam
670 2183 727 2234 et
746 2179 874 2253 ipse
912 2200 1062 2242 sano
1092 2190 1285 2262 capite
1316 2194 1394 2250 ad
1419 2210 1488 2251 ea
1517 2173 1892 2268 perscrutan-

231 2259 314 2316 da
343 2261 687 2336 simpliciter
697 2271 1114 2343 accederes,ne
1143 2259 1340 2337 tantas
1361 2282 1435 2340 de
1454 2285 1537 2340 eis
1558 2288 1891 2347 vomituum

230 2367 496 2411 nauseas
523 2364 844 2419 eructares.
869 2363 1064 2422 Tanta
1093 2369 1317 2444 quippe
1344 2373 1641 2433 dictorum
1657 2395 1892 2437 eorum-

229 2442 369 2498 dem
401 2445 516 2517 piis
543 2451 848 2508 mentibus
872 2442 1556 2536 perspicacia‘elucetmt
1583 2469 1645 2524 in
1677 2485 1886 2529 eorum

225 2532 628 2606 intelligentiis
658 2541 778 2598 ﬁde
808 2549 987 2618 atque
1036 2553 1384 2611 auctoritate
1433 2532 1630 2627 dignis
1685 2561 1887 2618 nullus

227 2622 470 2694 piorum
498 2628 1130 2694 valeathaesitare.'l‘ibi
1156 2640 1357 2715 itaque
1379 2644 1491 2701 nisi
1537 2648 1708 2704 citius
1739 2651 1886 2706 resi-

230 2713 616 2784 pueris,facta
641 2726 780 2777 sunt
799 2723 950 2780 odor
973 2729 1182 2784 mortis
1203 2713 1744 2810 inﬁmortem,quem
1761 2757 1884 2797 non

232 2804 297 2856 ut
327 2801 404 2858 ab
446 2820 518 2860 eo
543 2807 718 2880 dicta,
768 2813 875 2868 sed
903 2819 967 2870 ut
995 2832 1032 2873 a
1055 2822 1158 2875 tua
1188 2823 1478 2892 pravitate
1528 2801 1886 2902 interpolata

226 2893 768 2968 sunt,interpretari
796 2901 1080 2962 fallaciter
1099 2926 1220 2966 non
1251 2914 1627 2973 erubuit.lste
1658 2893 1883 2994 quippe

222 2996 361 3037 mos
387 2987 617 3041 cunctis
643 2988 931 3049 haereticis
976 2997 1158 3055 fuisse
1204 3002 1599 3078 dignoscitur,
1636 3014 1883 3082 utquae-

221 3087 465 3144 cunque
492 3079 840 3149 prophetica
867 3089 924 3140 et
948 3089 1277 3159 apostolica
1301 3095 1663 3168 Patrumque
1684 3079 1882 3156 ortho-

220 3159 523 3219 doxorum
553 3165 712 3225 dicta
759 3172 884 3228 suis
926 3175 1229 3244 ﬁgmentis
1277 3185 1595 3257 contraria,
1655 3192 1760 3243 aut
1799 3189 1874 3245 de

224 3249 350 3303 suis
382 3252 686 3311 codicibus
717 3261 1159 3335 eraderent,aut
1187 3270 1431 3326 eosdem
1453 3271 1638 3330 libros
1659 3291 1878 3333 exauc-

227 3340 510 3411 torarent,
535 3349 634 3401 aut
652 3353 807 3405 certe
832 3355 1123 3423 perversis
1143 3356 1731 3431 interpretationibus
1777 3365 1877 3422 de-

225 3436 815 3510 pravarent,suisque
829 3443 1128 3500 erroribus
1151 3447 1580 3508 conﬁrmandis
1603 3471 1878 3527 quocun-

221 3532 342 3588 que
373 3520 629 3580 colludio
655 3527 1028 3598 agglutinare
1057 3541 1396 3607 satagerent
1443 3557 1456 3596 :
1512 3520 1701 3600 cui-te
1729 3545 1874 3602 vitio

217 3605 376 3664 ultra
403 3615 648 3668 caeteros
677 3605 1239 3696 inservisse,nullus,
1267 3628 1369 3700 qui
1399 3633 1501 3686 tua
1522 3630 1684 3702 legit,
1703 3633 1874 3706 igno-

213 3701 330 3752 rat.
363 3700 571 3757 Positis
600 3703 780 3774 igitur
803 3709 1154 3768 testimoniis
1180 3720 1494 3776 memorati
1525 3700 1873 3796 Patris,qui-

211 3784 334 3841 bus
360 3787 581 3862 impios
608 3795 687 3850 ad
709 3795 1014 3856 interitum
1036 3804 1492 3874 praedestinatos
1530 3811 1621 3866 vel
1645 3784 1875 3886 praepa-

214 3880 382 3933 ratos
421 3881 780 3942 creberrime
805 3887 1039 3956 dixerit,
1087 3893 1234 3965 quia
1263 3909 1486 3966 negare
1529 3899 1872 3959 nullatenus

214 3968 478 4038 poteras,
501 3968 832 4043 depravare
862 3980 1195 4046 contendis,
1242 3987 1308 4038 ut
1344 3999 1484 4039 eum
1513 3985 1788 4061 ﬁgurate,
1811 3991 1871 4046 id

213 4057 306 4109 est
331 4070 368 4111 a
387 4061 685 4118 contrario
715 4079 785 4121 ea
811 4065 1034 4124 dixisse
1064 4071 1392 4142 mentiaris,
1426 4075 1594 4146 quod
1614 4093 1724 4134 nec
1752 4079 1869 4153 ille,

209 4157 327 4199 nec
372 4147 675 4221 quispiam
726 4153 1040 4214 doctorum
1097 4159 1392 4220 duntaxat
1439 4147 1870 4226 catholicorum

208 4231 423 4293 fecisse
453 4242 845 4303 convincitur.
877 4248 1031 4304 Dicis
1060 4249 1284 4324 itaque.

793 4389 1029 4432 JOANNES
1062 4393 1284 4435 SCOTUS.

286 4471 458 4545 (Cap.
496 4479 578 4548 it,
609 4493 777 4537 num.
811 4486 865 4551 5,
894 4487 1034 4540 seet.
1064 4486 1141 4557 6.)
1171 4491 1211 4540 Θ
1240 4487 1381 4554 Quis
1403 4490 1557 4547 enim
1582 4491 1868 4564 ignoran-

209 4560 370 4616 tium
401 4565 597 4622 modos
628 4569 993 4630 locutionum
1043 4575 1255 4645 quibus
1291 4580 1492 4635 sancti
1533 4581 1748 4639 Patres
1778 4583 1869 4638 uti

208 4651 430 4723 solent,
462 4670 581 4712 non
603 4659 793 4726 facile
820 4662 1004 4731 possit
1050 4665 1257 4721 seduci
1283 4667 1582 4725 audiendo
1607 4672 1866 4740 praedes-

215 4740 436 4799 tinatos
458 4751 677 4803 aeterno
702 4749 834 4820 igni
851 4760 1233 4821 praeparatos
1255 4755 1336 4810 ad
1365 4756 1521 4813 iram
1556 4759 1687 4829 Det,
1715 4776 1870 4829 pra:-

210 4827 540 4891 destinatos
562 4839 743 4893 morti
769 4841 1160 4910 sempiternae,
1189 4844 1649 4912 praedestinatos
1673 4827 1755 4903 ad
1784 4851 1870 4905 in-

207 4921 478 4994 teritum,
509 4925 594 4981 ad
612 4942 876 4998 pinnam,
927 4936 1258 5004 cwteraque
1300 4934 1364 4989 id
1407 4950 1616 5005 genus,
1648 4942 1713 4993 ut
1743 4939 1870 4995 sine

203 5010 346 5068 ulla
375 5013 749 5074 haesitatione
773 5021 1056 5078 concedat
1085 5028 1192 5078 aut
1222 5023 1372 5080 duas
1393 5027 1871 5096 praedestinatid

201 5117 335 5159 nes.
370 5119 553 5162 unam
594 5108 782 5177 plane
827 5116 1196 5184 sanctorum,
1255 5115 1511 5173 alteram
1548 5117 1867 5189 impiorum

200 5191 441 5250 sibimet
453 5210 570 5264 per
597 5199 798 5254 omnia
827 5203 1187 5273 contrarias,
1217 5209 1324 5260 aut
1360 5221 1544 5263 unam
1570 5210 1867 5265 eamdem-

199 5296 322 5352 que
341 5281 612 5343 divinam
640 5289 1224 5357 prazdestinationem
1249 5301 1600 5367 sanctosque
1628 5297 1868 5366 impios-

199 5386 324 5442 que
347 5376 651 5444 amplecti,
689 5393 935 5450 eamque
985 5381 1168 5438 simul
1212 5385 1680 5456 contrariorum,
1711 5385 1871 5458 quod

196 5462 370 5518 ratio
408 5463 682 5536 denegat,
715 5483 836 5525 esse
863 5483 1161 5539 capacem.

874 5594 1201 5635 CORRECTIO.

278 5681 321 5750 ἣ-
355 5681 645 5754 Figuratis
660 5685 1065 5743 locutionibus
1078 5703 1189 5744 nec
1208 5688 1610 5760 Augustinum
1627 5704 1739 5748 nec
1757 5707 1864 5748 cae-

680 5785 923 5842 PATROL.
965 5785 1129 5842 CXV.

1229 193 1317 248 DE
1357 195 2018 263 PRAEDESTINATIONE
2047 207 2401 270 CONTRA-.1.
2437 218 2713 280 SCOTUM

1895 4391 1943 4445 D

2019 527 2138 583 que
2168 515 2246 570 ad
2273 520 2566 591 populum
2597 526 2940 592 enuntiatis,
2967 545 3108 586 usos
3137 532 3323 592 fuisse
3346 537 3477 608 jam
3517 542 3672 600 dixi-

2016 617 2154 658 mus
2185 625 2198 660 :
2230 609 2531 684 praecipue
2564 617 2766 672 tamen
2795 633 2832 674 a
2861 619 3159 679 vocabulo
3202 626 3675 698 praedestinatio-

2015 691 2108 746 nis
2136 693 2373 767 divinae,
2394 699 2454 754 id
2481 716 2670 772 genus
2694 704 3013 764 locutionis
3032 713 3243 783 procul
3263 715 3476 776 abesse
3503 737 3674 780 sane-

2014 784 2109 836 tus
2139 783 2478 854 Fulgentius
2507 794 2751 866 proprio
2780 795 2843 852 in
2869 797 2984 855 hoc
3009 799 3213 874 ipsum
3235 804 3393 864 edito
3421 810 3673 869 volumi-

2013 876 2172 940 ne,et
2201 873 2457 949 Prosper
2472 880 2691 956 aliique
2714 873 3077 963 complures,
3101 894 3266 950 omni
3296 898 3558 971 ambage
3582 919 3672 960 se-

2011 965 2520 1038 mota,perspicue
2560 973 2812 1032 edocent
2845 993 2858 1031 :
2891 979 3448 1050 praedestinationes
3489 991 3669 1049 etiam

2008 1047 2318 1121 pluraliter
2346 1055 2725 1129 efferri,beati
2757 1047 3018 1136 Gregorii
3040 1084 3215 1143 papae
3248 1079 3428 1148 atque
3460 1047 3670 1139 Isidoid

2011 1137 2274 1213 episcopi
2315 1148 2622 1203 sententiis
2670 1137 3097 1214 indicavimus.
3155 1137 3368 1219 Verum
3399 1169 3566 1240 quod
3587 1170 3669 1226 ad

2007 1240 2136 1283 rem
2167 1230 2396 1304 attinet,
2425 1250 2632 1308 quiero
2654 1243 2852 1298 utrum
2865 1243 3094 1315 judicia
3114 1249 3214 1305 Dei
3236 1252 3331 1307 vel
3351 1230 3473 1310 ddo
3493 1264 3668 1330 quot-

2005 1312 2168 1386 libet,
2200 1319 2296 1374 vel
2342 1338 2532 1380 unum
2582 1312 2963 1399 singulariter
2991 1350 3238 1393 censeas
3267 1342 3294 1396 ‘?
3341 1344 3492 1400 Nam
3511 1312 3666 1404 inihi

2004 1405 2449 1476 praedestinatio
2474 1419 2531 1470 et
2545 1416 2841 1486 judicium
2865 1422 2966 1477 Dei
2992 1422 3054 1479 in
3081 1429 3314 1484 tantum
3346 1435 3665 1493 convenire

2005 1492 2302 1567 videntur,
2332 1504 2397 1555 ut
2424 1517 2608 1560 unum
2639 1505 2764 1562 sine
2783 1508 2968 1567 altero
2994 1527 3122 1570 esse
3144 1531 3267 1572 non
3287 1521 3665 1591 possit.Sicut

2004 1582 2164 1638 enim
2195 1587 2747 1662 praedestinatio,ita
2775 1602 2832 1653 et
2875 1599 3172 1670 judicium
3213 1582 3313 1661 Dei
3361 1613 3663 1680 quosdam

1926 1687 1966 1741 Β
2003 1669 2165 1728 ducit
2197 1675 2276 1730 ad
2306 1693 2585 1751 regnum,
2614 1669 2922 1755 quosdam
2952 1688 3205 1748 damnat
3227 1692 3290 1749 in
3320 1669 3661 1758 Tartarum;

2001 1759 2134 1816 illos
2161 1779 2270 1836 per
2296 1766 2792 1842 misericordiam,
2825 1775 2970 1833 istos
3000 1795 3110 1851 per
3142 1781 3457 1852 justitiam.
3503 1789 3666 1846 Judi-

2001 1850 2122 1904 cari
2147 1857 2348 1909 autem
2378 1860 2435 1912 et
2464 1857 2659 1916 bonos
2680 1867 2737 1918 et
2764 1865 2958 1921 malos
2991 1850 3132 1924 cum
3147 1850 3373 1926 omnes
3404 1873 3662 1946 Scriptu-

1999 1953 2080 1992 rae
2112 1945 2416 2015 testentur,
2470 1947 2742 2006 suﬂicere
2793 1956 3074 2024 praesenti
3120 1958 3339 2015 actioni
3369 1945 3559 2018 unum
3586 1978 3660 2019 ex

2000 2028 2319 2100 Evangelia
2351 2034 2586 2092 Domini
2614 2040 3024 2100 testimonium
3057 2046 3380 2118 credimus,
3413 2067 3536 2124 quo
3553 2052 3654 2109 ait:

2001 2115 2149 2174 Cum
2181 2124 2407 2179 venerit
2423 2126 2590 2193 ﬁlius
2616 2129 2870 2187 hominis
2897 2134 2960 2189 in
2977 2138 3292 2206 majestate
3310 2154 3438 2209 sua,
3463 2147 3517 2197 et
3538 2157 3658 2199 om-

1997 2221 2098 2262 nes
2129 2212 2335 2280 angeli
2353 2227 2486 2270 cum
2515 2222 2752 2285 eo,tunc
2775 2221 2996 2278 sedebit
3019 2239 3198 2294 super
3217 2229 3410 2284 sedem
3438 2233 3656 2300 majes-

1999 2297 2138 2352 tatis
2149 2307 2354 2356 suanet
2368 2308 2896 2377 congregabuntur
2907 2318 3047 2370 ante
3065 2330 3193 2371 eum
3214 2332 3412 2374 omnes
3428 2326 3651 2390 gentes,

1996 2389 2052 2440 et
2077 2390 2385 2455 separabit
2411 2408 2506 2448 eos
2536 2395 2618 2450 ad
2644 2397 2895 2456 invicem
2927 2403 3080 2458 sicut
3123 2411 3338 2474 pastor
3376 2389 3651 2480 segregat

1995 2487 2127 2530 oves
2157 2475 2231 2532 ab
2263 2477 2467 2536 ha’dis.
2510 2483 2591 2538 Et
2633 2491 2854 2544 statuet
2899 2491 3137 2561 quidem
3189 2509 3320 2551 oves
3351 2511 3387 2552 a
3418 2475 3650 2554 dextris

1992 2563 2132 2625 suis,
2168 2564 2365 2623 haedos
2397 2576 2595 2629 autem
2615 2587 2654 2630 a
2681 2576 2962 2634 sinistris.
3031 2581 3196 2638 Tunc
3243 2583 3398 2640 dicet
3428 2600 3539 2642 rea:
3559 2586 3654 2642 his

1992 2653 2098 2722 qui
2125 2668 2163 2710 a
2193 2655 2422 2714 dextris
2443 2662 2572 2729 ejus
2597 2671 2775 2720 erunt
2816 2683 2830 2722 :
2882 2668 3101 2737 Venite,
3130 2671 3422 2729 benedicti
3445 2675 3652 2732 Patris

1991 2743 2122 2811 mei,
2136 2747 2432 2812 possidete
2454 2757 2743 2820 paratum
2770 2756 2930 2812 vobis
2941 2772 3194 2829 regnum
3220 2775 3257 2817 a
3279 2765 3651 2822 constitutio-

1992 2845 2067 2887 ne
2094 2835 2344 2892 mundi:
2382 2838 2632 2897 Esurivi
2654 2844 2809 2899 enim
2858 2851 2915 2901 et
2953 2847 3198 2904 dedistis
3224 2851 3378 2906 mihi
3401 2855 3652 2910 mandu-

1991 2933 2149 2989 care,
2192 2923 2359 2979 sitivi
2385 2932 2442 2982 et
2465 2928 2709 2985 dedistis
2733 2932 2886 2987 mihi
2912 2933 3127 3002 bibere,
3159 2938 3367 3008 hospes
3399 2955 3562 2997 eram
3593 2948 3650 2999 et

1991 3010 2312 3080 collegistis
2341 3029 2476 3084 me;
2496 3018 2715 3088 nudus,
2748 3025 2805 3076 et
2834 3025 3151 3090 operuistis
3176 3042 3268 3081 me
3294 3041 3316 3096 ,'
3347 3029 3644 3100 inﬁrmus,

1988 3102 2040 3152 et
2075 3099 2357 3157 visitastis
2383 3117 2501 3175 me;
2513 3106 2574 3160 in
2596 3121 2836 3165 carcere
2857 3124 3044 3182 eram,
3076 3117 3130 3169 et
3157 3116 3398 3171 venistis
3427 3118 3508 3173 ad
3530 3134 3642 3174 me.

1994 3186 2158 3242 Tunc
2220 3192 2661 3259 respondebunt
2713 3202 2769 3252 et
2815 3199 2978 3267 justi
3025 3201 3283 3258 dicentes
3311 3218 3335 3260 .'
3371 3205 3643 3277 Domine,

1987 3276 2226 3346 quando
2257 3284 2314 3334 te
2341 3281 2596 3338 vidimus
2618 3289 2992 3360 esurientem,
3026 3295 3079 3346 et
3104 3292 3415 3360 pavimus?
3439 3295 3643 3352 sitien-

1986 3368 2119 3433 tem,
2145 3370 2200 3422 et
2223 3367 2492 3426 dedimus
2515 3373 2621 3429 tibi
2649 3381 2861 3444 potum
2895 3380 2924 3431 7
2975 3379 3218 3450 quando
3260 3388 3460 3440 autem
3487 3389 3543 3441 te
3562 3385 3645 3441 vi-

1984 3452 2180 3510 dimus
2218 3457 2524 3529 hospitem,
2554 3467 2609 3517 et
2639 3465 2985 3536 collegimus
3012 3468 3114 3524 te?
3153 3474 3260 3526 aut
3294 3473 3545 3542 nudum,
3587 3477 3644 3530 et

1983 3547 2394 3614 cooperuimus
2415 3553 2470 3606 te
2499 3555 2527 3606 ?
2551 3560 2656 3608 aut
2684 3556 2926 3625 quando
2955 3561 3010 3613 te
3029 3558 3286 3615 vidimus
3310 3561 3640 3633 inﬁrmum,

1982 3635 2171 3690 autin
2209 3651 2466 3707 carcere,
2493 3646 2548 3697 et
2572 3644 2838 3700 venimus
2865 3646 2947 3701 ad
2985 3651 3041 3702 te
3067 3650 3095 3702 ?
3147 3649 3230 3704 Et
3273 3653 3638 3721 respondens

1981 3723 2111 3780 Rex
2138 3725 2292 3782 dicet
2323 3727 2447 3784 illis
2476 3746 2489 3785 :
2517 3731 2708 3789 Amen
2737 3734 2868 3790 dico
2898 3735 3080 3804 vobis,
3111 3739 3384 3808 quandiu
3408 3742 3640 3810 fecistis

1981 3814 2090 3868 uni
2117 3814 2301 3871 dehis
2342 3818 2646 3887 fratribus
2684 3823 2827 3879 meis
2868 3825 3150 3888 minimis,
3188 3829 3340 3884 mihi
3360 3831 3590 3898 fecistis
3618 3846 3643 3902 ,'

1982 3905 2125 3957 tunc
2157 3903 2309 3960 dicet
2337 3911 2390 3961 et
2423 3906 2514 3962 his
2543 3910 2648 3978 qui
2683 3925 2720 3965 a
2762 3911 3025 3968 sinistris
3075 3917 3203 3984 ejus
3239 3922 3417 3970 erunt
3451 3933 3464 3972 :
3497 3920 3638 3973 Dis-

1981 3991 2164 4046 cedite
2201 4007 2239 4048 a
2268 4009 2377 4061 me,
2409 3996 2719 4052 maledicti
2735 4000 2798 4053 in
2823 3999 3020 4069 ignem
3051 4007 3366 4076 aeternum,
3391 4006 3498 4076 qui
3518 4021 3637 4075 pa-

1978 4084 2150 4134 ratus
2179 4086 2262 4136 est
2278 4082 2517 4138 diabolo
2547 4090 2600 4140 et
2631 4087 2861 4156 angelis
2883 4090 3010 4158 ejus
3041 4104 3064 4146 .·
3093 4091 3338 4150 Esurivi
3372 4095 3548 4164 enim,
3581 4101 3638 4153 et

1977 4183 2098 4224 non
2136 4168 2376 4227 dedistis
2405 4173 2557 4230 mihi
2573 4176 2943 4234 manducare
2975 4180 3196 4251 ,'sitivi,
3227 4187 3284 4239 et
3304 4198 3424 4240 non
3446 4185 3640 4242 dedis-

1980 4257 2054 4312 tis
2082 4259 2236 4315 mihi
2238 4269 2476 4334 potum;
2506 4263 2712 4335 hospes
2731 4280 2916 4335 eram,
2949 4273 3002 4324 et
3025 4285 3145 4326 non
3168 4271 3492 4342 collegistis
3523 4290 3634 4344 me,

1979 4347 2198 4421 nudus,
2225 4353 2281 4406 et
2307 4366 2428 4408 non
2457 4355 2771 4422 operuistis
2799 4371 2892 4412 me
2924 4373 2936 4426 ;
2968 4357 3242 4428 inﬁrmus
3263 4365 3318 4416 et
3347 4361 3410 4417 in
3441 4377 3640 4420 carce-

1978 4451 2045 4491 re
2073 4451 2257 4510 eram,
2288 4445 2346 4496 et
2375 4457 2492 4498 non
2521 4443 2806 4517 yisitastis
2835 4458 2972 4518 me;
3010 4451 3154 4504 tunc
3192 4451 3634 4518 respondebunt

1977 4531 2031 4581 et
2052 4527 2170 4596 ipsi
2189 4528 2446 4587 dicentes
2492 4547 2513 4586 .·
2551 4533 2819 4605 Domine,
2867 4536 3109 4606 quando
3144 4542 3201 4593 te
3225 4539 3481 4595 vidimus
3509 4555 3637 4595 esu-

1975 4617 2246 4686 rientem,
2294 4625 2400 4675 aut
2426 4621 2739 4691 sitientem,
2773 4629 2879 4679 aut
2912 4625 3220 4694 hospitem,
3250 4631 3355 4682 aut
3386 4627 3636 4700 nudum,

1975 4710 2082 4760 aut
2112 4706 2419 4774 inﬁrmum
2447 4710 2539 4764 vel
2562 4712 2624 4765 in
2656 4726 2914 4782 carcere,
2941 4719 2995 4768 et
3023 4729 3142 4770 non
3163 4715 3641 4772 ministravimus

1976 4795 2088 4850 tibi
2111 4795 2138 4850 ?
2165 4800 2308 4852 tunc
2329 4801 2703 4867 respondebit
2729 4802 2873 4866 illis,
2902 4803 3103 4860 dicens
3135 4821 3147 4859 :
3179 4805 3373 4862 Amen
3393 4806 3524 4862 dico
3547 4823 3642 4863 vo-

1979 4884 2082 4947 bis,
2103 4885 2373 4955 quandiu
2403 4901 2522 4942 non
2550 4888 2775 4957 fecistis
2797 4892 2906 4945 uni
2934 4891 3007 4947 de
3037 4894 3371 4950 minoribus
3403 4895 3514 4958 his,
3536 4912 3642 4953 nec

1976 4975 2127 5031 mihi
2147 4975 2393 5045 fecistis.
2427 4979 2497 5032 Et
2524 4977 2692 5034 ibunt
2727 4980 2792 5036 hi
2825 4983 2886 5037 in
2920 4985 3284 5053 supplicium
3325 4993 3642 5056 aeternum,

1964 5066 2125 5134 justi
2147 5071 2345 5122 autem
2366 5067 2430 5122 in
2454 5068 2639 5124 vitam
2666 5076 2948 5128 aeternam
2969 5073 3570 5148 (Matth.xxv,31,46).

2045 5155 2193 5210 Ecce
2222 5154 2350 5228 ipse
2375 5156 2665 5212 Dominus
2696 5160 2815 5215 Rex
2848 5176 3084 5232 regum,
3133 5164 3647 5237 omnipotentissi-

1976 5258 2111 5299 mus
2131 5247 2188 5301 et
2219 5246 2642 5318 sempiternus,
2674 5248 2779 5320 qui
2814 5255 2949 5307 ante
2979 5252 3204 5309 saecula
3242 5253 3403 5310 diem
3430 5253 3644 5325 judicii

1977 5331 2244 5390 futurum
2275 5335 2738 5410 constituit,ipse
2769 5337 2830 5394 in
2857 5339 2974 5397 ﬁne
3008 5345 3353 5415 temporum
3379 5343 3647 5416 seipsum

1974 5420 2304 5481 identidem
2333 5425 2700 5496 agitaturum
2731 5429 3026 5502 praedixit,
3078 5437 3135 5488 et
3172 5432 3405 5505 absque
3437 5434 3645 5506 cujus-

1975 5528 2161 5585 quam
2183 5513 2388 5583 ﬁgurze
2404 5514 2722 5572 locutionis
2737 5517 3060 5590 fucojustis
3077 5525 3356 5592 paratum
3367 5539 3511 5592 regn
3521 5539 3645 5578 um.

1976 5602 2223 5658 diabolo
2246 5608 2302 5658 et
2323 5605 2552 5673 angelis
2570 5607 2700 5679 ejus
2713 5613 2992 5680 paratum
3011 5609 3214 5679 ignem
3230 5615 3410 5666 tetern
3421 5629 3523 5668 um
3541 5617 3648 5668 tes.

1979 5679 2136 5749 tatus
2159 5691 2439 5764 est,nutlo
2459 5679 2926 5765 praedicatorum
2947 5696 3218 5754 ﬁdelium
3235 5699 3646 5767 docente,imo

3114 5802 3178 5850 37
