4116 6186
461 162 599 221 H63

1562 156 1617 211 S.
1642 148 2008 211 PBUDENTII
2039 144 2418 203 TRECENSIS
2444 142 2753 200 EPISCOPI

3736 136 3863 194 1164

456 285 765 352 sentiente,
816 280 982 355 quod
1023 278 1187 337 solus
1224 278 1497 336 omnium
1526 277 1842 347 hominum
1874 274 2100 344 ﬁngere
2130 272 2176 326 A
2211 264 2517 339 [al.,quid]
2541 265 2631 322 lex
2661 264 2883 355 habeat
2913 278 3036 355 non
3060 259 3531 333 requirit.Neque
3561 259 3722 355 enim
3741 260 3870 332 lege

454 350 799 437 nullatenus
828 350 1108 437 metuisti,
1156 367 1430 425 videlicet
1483 367 1566 424 uti
1604 367 1782 423 bonis
1817 368 2097 439 paratum
2211 370 2457 413 necesse
2487 358 2577 410 est
2605 353 2839 426 perimi,
2872 352 2977 424 qui
2997 351 3127 419 lege
3148 365 3464 439 nunquam
3489 350 3684 421 potuit
3718 354 3873 406 tene-

451 477 707 533 regnum
743 474 866 521 non
914 458 1189 529 ﬁgurate,
1243 455 1443 530 impiis
1482 473 1621 514 vero
1645 461 1924 530 paratum
1953 470 2097 526 sup-

449 550 696 627 plicium
719 549 993 620 ﬁgurate,
1030 547 1093 605 id
1120 550 1209 604 est
1237 562 1359 604 non
1387 551 1664 620 paratum
1693 545 2055 615 intelligatur
2084 559 2097 598 :

449 642 660 702 contra
685 654 930 699 omnem
959 636 1197 711 penitus
1226 635 1496 694 divinam
1517 640 1574 694 et
1602 636 1935 692 humanam
1957 649 1993 690 a
2010 649 2099 688 ic-

447 730 909 802 toritatem,quae
926 727 1194 801 utrisque
1209 730 1489 799 paratum
1518 742 1554 783 a
1574 729 1689 783 Deo
1711 724 1802 781 vel
1824 739 2097 793 regnum,

446 818 544 881 vel
584 816 950 892 supplicium
999 815 1379 884 inclamant;
1429 814 1725 887 judicium
1768 817 1970 871 autem
2008 810 2103 868 vel

444 906 750 975 bifariam,
779 906 875 963 vel
901 903 1338 979 quadrifariam
1366 903 1720 974 agitandum
1758 903 1934 959 beato
1970 902 2102 957 Gre-

447 996 617 1069 gorio
644 996 707 1053 in
729 995 897 1073 libris
918 993 1235 1055 Moralibus
1265 996 1603 1066 exponente
1632 991 1966 1061 discamus,
1996 990 2102 1063 qui

445 1085 680 1151 inlibro
712 1102 854 1145 xxvr
883 1084 1039 1156 (cap.
1072 1082 1163 1155 20)
1193 1082 1275 1139 ita
1288 1080 1602 1154 eloquitur.

517 1265 655 1337 [Sed
678 1280 800 1324 non
833 1263 1030 1323 salvat
1054 1261 1284 1331 impios,
1317 1265 1373 1318 et
1403 1259 1709 1329 judicium
1739 1255 2102 1327 pauperibus

448 1351 659 1416 tribuit
696 1347 826 1422 (Job
844 1363 1050 1412 XXXVI,
1082 1346 1157 1418 6),
1189 1344 1251 1403 id
1279 1349 1366 1403 est
1395 1344 1583 1419 elatos
1612 1342 1881 1409 destruit,
1904 1339 2101 1397 humi-

445 1438 532 1505 les
553 1454 694 1505 vero
723 1453 833 1512 per
857 1434 1155 1508 judicium
1179 1433 1399 1493 liberos
1428 1431 1623 1493 reddit
1652 1448 1665 1487 :
1700 1430 1793 1486 vel
1823 1435 1978 1488 certe
2004 1430 2100 1500 ju-

447 1528 673 1597 (licium
700 1524 1075 1609 pauperibus
1104 1521 1327 1593 tribuit,
1379 1521 1526 1594 quia
1575 1520 1632 1577 lli
1672 1519 1777 1592 qui
1813 1534 1974 1577 nunc
2003 1534 2101 1574 ne-

2210 445 2280 501 ri.
2321 445 2406 501 Ita
2444 460 2586 513 ergo
2618 444 2679 499 iu
2709 447 2977 499 extremo
3003 439 3232 511 judicio
3263 443 3321 495 et
3350 438 3559 509 legalis
3589 439 3757 495 illum
3788 440 3871 496 in-

2208 532 2401 590 vectio
2432 532 2705 605 percutit,
2730 532 2831 605 qui
2865 531 2940 587 ab
2968 546 3038 585 eo
3069 528 3235 603 quod
3267 528 3643 601 professione
3669 531 3868 595 tenuit,

2209 622 2441 679 actione
2472 621 2811 687 declinavit,
2839 620 3021 676 etiste
3043 619 3170 673 sine
3186 617 3394 687 judicii
3422 618 3759 674 invectione
3779 634 3874 691 pe-

2206 711 2570 783 rimitur,qui
2594 711 2724 779 lege
2749 709 2885 765 ﬁdei
2913 724 3035 763 non
3070 709 3407 764 tenetur.Ex
3430 706 3760 763 electorum
3782 724 3872 763 ve-

2207 816 2275 857 ro
2307 805 2475 872 parte
2509 800 2607 856 alii
2637 799 2989 869 judicantur
3017 802 3073 853 et
3098 797 3483 868 regnant,qui
3514 797 3647 852 vita;
3670 814 3871 853 macu-

2208 889 2297 945 las
2322 889 2611 961 ‘lacrymis
2640 892 2899 957 tergunt,
2930 887 3053 958 qui,
3090 885 3252 942 mala
3272 886 3682 958 praecedentia
3709 887 3869 942 factis

2210 976 2598 1048 sequentibus
2614 972 3297 1045 redimentes.quidquid
3322 972 3592 1029 illicitum
3609 972 3874 1046 aliquan—

2209 1064 2289 1121 do
2315 1064 2583 1121 fecerunt
2619 1064 2696 1123 ab
2730 1063 2919 1119 oculis
2957 1062 3181 1133 judicis
3213 1060 3743 1133 eleemosynarum
3774 1079 3867 1118 su-

2208 1153 2598 1227 perductione
2630 1152 3001 1225 cooperiunt.
3053 1150 3281 1216 Quibus
3309 1150 3502 1220 judex
3530 1152 3777 1208 veniens
3811 1152 3871 1207 in

2209 1243 2454 1298 dextera
2485 1241 2948 1297 consistentibus
2978 1240 3118 1295 dicit
3149 1256 3161 1293 :
3212 1240 3483 1303 Esurioi,
3525 1248 3583 1298 et
3626 1242 3869 1299 dedistis

2210 1333 2364 1395 mihi
2400 1330 2810 1399 manducare;
2858 1330 3041 1399 sitivi,
3078 1334 3134 1386 et
3174 1329 3421 1385 dedistis
3461 1331 3616 1386 mihi
3644 1331 3874 1387 bibere:

2213 1422 2420 1490 hospes
2441 1436 2627 1486 cram,
2652 1426 2705 1476 et
2729 1420 3051 1490 coltcgistis
3066 1434 3158 1475 me
3187 1432 3210 1489 ,'
3239 1419 3461 1490 nudus,
3490 1426 3544 1476 et
3565 1421 3875 1491 opertu'stis

2212 1525 2303 1571 me
2328 1525 2350 1579 ,'
2385 1511 2682 1579 inﬁrmus,
2709 1515 2764 1567 et
2796 1510 3077 1566 visitastis
3104 1523 3213 1565 me.
3243 1510 3317 1564 In
3350 1524 3591 1567 carcere
3619 1516 3874 1577 eram,el

448 1617 649 1692 quiten
672 1598 1120 1689 opprimuntur,
1148 1610 1261 1684 ipsi
1311 1614 1453 1671 tunc
1484 1625 1667 1682 super
1716 1624 2102 1682 oppressores
2132 1622 2176 1677 ῃ
2215 1600 2455 1692 uenistis
2498 1600 2578 1692 ad
2608 1612 2745 1692 me;
2788 1598 3011 1692 quibus
3036 1599 3345 1692 praemittit
3372 1598 3614 1656 dicens:
3656 1602 3871 1692 Venite,

449 1724 592 1771 suos
613 1705 845 1779 judices
865 1702 1277 1781 veniunt.Duae
1307 1700 1534 1774 quippe
1561 1703 1700 1757 sunt
1726 1697 2102 1772 partes,elec—

447 1796 647 1873 totum
674 1792 901 1855 scilicet
923 1797 1108 1866 atque
1128 1788 1661 1864 reproborum,scd
1679 1787 1803 1846 bini
1828 1788 1962 1859 [al.,
1993 1786 2103 1843 bo-

446 1881 537 1950 ni]
562 1882 805 1945 ordines
834 1882 1063 1941 eisdem
1094 1879 1345 1950 singulis
1386 1877 1661 1952 partibus
1703 1876 2102 1942 continentur,

449 1969 551 2034 alii
588 1986 857 2043 namque
883 1969 1231 2041 judicantur
1255 1971 1312 2024 et
1341 1970 1595 2040 pereunt
1628 1985 1643 2035 ;
1678 1965 1772 2027 alii
1804 1980 1927 2022 non
1952 1964 2107 2035 judi-

450 2062 665 2123 cantur
693 2063 751 2118 et
780 2061 1036 2130 pereunt
1067 2056 1569 2129 ;aliijudicantur
1597 2062 1653 2116 et
1681 2059 1975 2127 regnant;
2008 2053 2108 2111 alii

449 2163 576 2209 non
599 2147 968 2220 judicantur,
983 2152 1040 2206 et
1060 2151 1335 2217 regnant.
1368 2145 1622 2205 Judican
1633 2150 1725 2204 tur
1755 2150 1811 2203 ct
1833 2147 2105 2217 pereunt,

450 2237 676 2314 quibus
720 2236 1036 2297 Dominica
1080 2236 1463 2297 inclinatione
1503 2238 1633 2307 tab,
1665 2252 1810 2293 voce
1838 2236 1898 2293 in
1934 2234 2108 2291 dam-

450 2327 718 2405 natione]
744 2326 987 2387 dicitur:
1014 2327 1341 2398 Esurivi,et
1361 2342 1481 2385 non
1504 2326 1747 2385 dedistis
1776 2327 1927 2383 mihi
1946 2341 2110 2393 man—

453 2419 719 2489 ducare;
749 2417 931 2483 sitivi,
964 2421 1021 2475 et
1049 2431 1172 2476 non
1197 2416 1443 2475 dedistis
1472 2416 1624 2473 mihi
1652 2421 1862 2486 potum
1911 2432 1924 2470 :
1985 2416 2111 2472 hos-

452 2521 555 2578 pes
584 2521 770 2578 eram,
795 2511 853 2567 et
879 2521 999 2565 non
1030 2505 1354 2575 collegistis
1372 2517 1489 2576 me;
1507 2504 1727 2574 nudus,
1758 2510 1813 2561 et
1842 2519 1961 2560 non
1983 2517 2113 2572 ope-

456 2595 671 2663 ruistis
690 2609 782 2653 me
810 2606 837 2667 ,t
861 2608 1018 2666 ager
1034 2600 1091 2655 et
1119 2594 1185 2655 in.
1215 2607 1475 2662 carcere,
1507 2598 1567 2649 et
1583 2608 1703 2650 non
1726 2592 2008 2649 visitastis
2024 2607 2116 2648 me

2217 1690 2510 1751 benedicti
2530 1690 2737 1746 Patris
2766 1690 2901 1758 mei,
2937 1688 3233 1757 possidete
3268 1695 3555 1758 paratum
3600 1691 3762 1746 vobis
3785 1706 3877 1746 re-

2214 1795 2399 1851 gnum
2439 1794 2475 1836 a
2517 1780 2942 1853 constitutione
2968 1778 3181 1835 mundi
3211 1779 3440 1850 (Matth.
3474 1795 3604 1847 xxv,
3634 1783 3725 1849 3i,
3754 1781 3866 1849 35).

2219 1868 2328 1924 Alii
2375 1872 2575 1925 autem
2628 1883 2751 1924 non
2776 1866 3127 1938 judicantur
3176 1872 3233 1923 et
3258 1871 3514 1937 regnant,
3546 1867 3648 1939 qui
3677 1868 3860 1923 etiam

2215 1962 2519 2030 praecepta
2541 1956 2690 2026 legis
2720 1955 3084 2028 perfectione
3105 1955 3385 2012 virtutum
3408 1956 3863 2024 transcendunt;

2215 2045 2360 2120 quia
2396 2061 2787 2118 nequaquam
2813 2045 2927 2101 hoc
2958 2044 3156 2101 solum
3183 2045 3348 2117 quod
3380 2045 3605 2102 cunctis
3640 2044 3869 2100 divinae

2216 2133 2311 2191 lex
2339 2132 2884 2211 praecipiidmplere
2916 2133 3180 2190 contenti
3200 2133 3469 2203 sunt,sed
3497 2133 3879 2207 praestantio-

2217 2240 2280 2281 re
2309 2222 2608 2281 desiderio
2656 2223 2792 2294 plus
2838 2222 3120 2280 exhibere
3168 2227 3463 2295 appetunt
3507 2239 3702 2295 quam
3734 2238 3883 2295 prie-

2219 2313 2406 2387 ceptis
2434 2312 2812 2383 generalibus
2843 2310 3051 2389 audire
3082 2316 3447 2384 potuerunt;
3478 2313 3707 2386 quibus
3738 2313 3881 2368 divi-

2220 2419 2300 2461 na
2330 2417 2474 2459 voce
2505 2403 2634 2472 [al.,
2662 2400 2993 2472 Dominica]
3023 2400 3239 2461 dicitur
3272 2418 3287 2457 :
3332 2404 3439 2458 Vos
3479 2404 3586 2475 qui
3614 2403 3882 2474 reliquis-

2222 2494 2295 2551 tis
2326 2493 2524 2549 omnia
2556 2496 2773 2561 vestra,
2823 2496 2879 2547 et
2908 2492 3095 2551 secuti
3136 2493 3272 2548 estis
3323 2507 3435 2561 me,
3481 2509 3619 2548 cum
3669 2493 3880 2549 sederit

2221 2582 2416 2637 Filius
2462 2580 2715 2637 hominis
2756 2581 2817 2636 in
2862 2580 2996 2637 sede
3037 2582 3370 2649 maiestatis
3418 2596 3563 2648 suae,
3609 2583 3880 2639 sedebitis

456 2683 685 2759 quibus
717 2681 1098 2756 praemittitur
1148 2698 1161 2739 :
1211 2681 1509 2742 Discedite
1533 2696 1700 2747 ame,
1726 2679 2035 2739 maledicti
2051 2681 2114 2735 in
2224 2677 2277 2728 et
2305 2686 2403 2735 vos
2447 2684 2629 2739 super
2674 2669 2986 2725 duodecim
3017 2668 3651 2740 thronos,judicantes
3676 2671 3884 2728 duode-

457 2777 657 2846 ignem
686 2777 974 2835 avtemum
996 2770 1103 2842 qui
1122 2775 1508 2840 praeparatus
1531 2774 1615 2827 est
1654 2769 1893 2827 diabolo
1922 2774 1981 2826 et
2005 2785 2115 2826 an-

459 2862 609 2936 gelis
629 2863 757 2933 eius
787 2859 1030 2937 (Matth.
1061 2872 1200 2928 xxv,
1236 2858 1437 2931 $2,“).
1460 2857 1569 2917 Alii
1595 2873 1735 2917 vero
1764 2857 1827 2915 in
1855 2861 2116 2915 extremo

2225 2762 2337 2827 cim
2364 2759 2553 2815 tribus
2575 2760 2770 2819 Israel
2790 2759 3276 2831 (Matth.x1x,28);
3316 2765 3375 2815 et
3398 2759 3476 2816 de
3506 2760 3727 2832 quibus
3746 2777 3887 2832 pro-

2225 2850 2407 2923 pheta
2434 2847 2514 2906 ait
2546 2865 2560 2904 :
2592 2849 2877 2905 Dominus
2906 2848 3301 2918 adjudicium
3326 2851 3519 2906 veniet
3542 2865 3673 2906 cum
3696 2852 3885 2906 senio-

456 2950 686 3029 judicio
709 2964 836 3013 non
860 2948 1208 3021 judicantur
1236 2951 1293 3004 et
1319 2951 1575 3021 pereunt
1604 2965 1617 3004 :
1652 2946 1729 3007 de
1753 2947 1975 3021 quibus
2013 2963 2119 3020 per
2148 2974 2188 3030 ρ
2226 2940 2391 2996 ribus
2416 2940 2633 3030 populi
2655 2940 2752 2994 sui
2777 2938 2918 3030 (lsa,
2944 2938 3141 3030 nuli).
3164 2941 3229 2995 Et
3256 2939 3330 2994 de
3361 2939 3586 3030 quibus
3604 2940 3887 3030 Salomon

462 3040 829 3115 Prophetam
863 3038 1151 3101 Dominus
1195 3036 1297 3107 ait,
1345 3038 1478 3110 [al.,
1512 3037 1809 3111 Propheta
1847 3037 1955 3102 ait]
1998 3052 2118 3094 non

467 3132 794 3207 resurgunt
822 3127 953 3200 [al.,
984 3126 1323 3198 resurgant]
1376 3127 1548 3196 impii
1584 3128 1646 3183 in
1664 3126 1899 3196 judicio
1932 3127 2116 3197 (Psal.

465 3236 509 3292 ι,
538 3219 619 3291 4);
650 3222 707 3281 et
736 3217 812 3279 de
840 3215 1065 3290 quibus
1094 3215 1386 3275 Dominus
1416 3214 1563 3273 dicit
1592 3232 1607 3273 :
1638 3215 1752 3282 Qui
1782 3221 1982 3273 autem
2000 3232 2123 3273 non

470 3308 660 3371 credit
679 3308 813 3377 jam
834 3306 1148 3376 judicatus
1187 3310 1271 3367 est
1302 3305 1498 3381 (Joan.
1550 3319 1632 3369 tu,
1664 3304 1784 3374 l8);
1813 3307 1872 3362 et
1897 3303 1972 3362 de
1998 3304 2127 3376 qui-

468 3397 587 3461 bus
612 3393 830 3453 Paulus
852 3392 951 3455 ait:
973 3393 1089 3459 Qui
1122 3393 1250 3453 sine
1276 3393 1403 3469 lege
1422 3397 1831 3461 peccaverunt
1853 3394 1980 3450 sine
2002 3394 2128 3463 lege

466 3480 1153 3557 peribunt(Rom.u,l2).
1176 3481 1518 3549 Resurgunt
1544 3495 1687 3539 vero
1716 3480 1895 3537 etiam
1916 3497 2128 3551 omnes

471 3568 765 3645 inﬁdeles,
795 3568 907 3631 sed
930 3566 1010 3629 ad
1040 3570 1357 3633 tormenta,
1384 3580 1508 3629 non
1528 3567 1607 3627 ad
1628 3567 1926 3638 judicium
1960 3587 1975 3638 ;
2004 3586 2130 3627 non

475 3660 637 3723 enim
666 3672 878 3735 eorum
906 3660 1047 3717 tunc
1068 3672 1255 3715 causa
1279 3655 1648 3721 discutietur.
1681 3657 1827 3730 quia
1854 3658 1933 3717 ad
1959 3675 2130 3717 cons-

474 3753 719 3827 pectum
743 3745 992 3813 districti
1022 3744 1245 3817 iudicis
1268 3745 1399 3817 jam
1419 3761 1559 3805 cum
1590 3745 1979 3807 damnatione
2005 3766 2131 3806 sua:

474 3835 842 3901 inﬁdelitatis
870 3833 1248 3895 descendunt
1278 3834 1407 3906 [al.,
1430 3834 1745 3915 accedunt]
1778 3851 1791 3890 :
1820 3836 2135 3910 professio.

476 3944 621 3991 nem
647 3942 804 4007 verae
835 3923 977 3985 ﬁdei
1002 3923 1339 3991 retinentes,
1395 3922 1505 3980 sed
1532 3924 1922 3996 professionis
1950 3943 2137 4000 opera

477 4032 605 4081 non
631 4015 950 4085 habentes,
971 4013 1417 4085 redarguuntur
1439 4017 1503 4075 ut
1522 4020 1772 4086 pereant
1805 4033 1821 4085 ;
1850 4016 1955 4088 qui
1992 4033 2136 4075 vero

479 4120 593 4165 nec
620 4102 762 4161 ﬁdei
784 4106 1163 4169 sacramenta
1182 4105 1517 4173 tenuerunt,
1544 4101 2015 4176 increpationem
2038 4105 2137 4176 ju-

483 4192 632 4255 dicis
653 4191 719 4257 in
745 4195 1011 4258 extrema
1033 4182 1478 4250 examinatidne
1519 4207 1649 4263 non,
1687 4191 1962 4260 audiunt,
1993 4194 2138 4266 quia

483 4279 863 4357 praejudicati
917 4278 1287 4341 inﬁdelitatis,
1333 4295 1461 4343 sua:
1488 4279 1745 4342 tenebris
1779 4280 1909 4352 ejus
1955 4297 2137 4354 quem

483 4371 884 4448 despexeram
928 4366 1264 4437 invectione
1300 4366 1585 4437 redargui
1629 4384 1753 4425 non
1788 4372 2134 4443 merentur].

485 4460 575 4527 Illi
602 4459 815 4521 saltem
839 4457 1024 4519 verba
1046 4455 1269 4513 iudicis
1298 4455 1566 4521 audient,
1618 4457 1764 4530 quia
1820 4458 1950 4529 ejus
1999 4459 2141 4517 ﬁdei

486 4549 765 4622 sola[al.,
795 4546 1031 4619 saltem]
1079 4544 1267 4605 verba
1305 4548 1650 4616 tenuerunt;
1675 4546 1772 4610 isti
1799 4547 1863 4605 in
1890 4548 2143 4611 damna.
2209 4538 2221 4548 “

484 4640 645 4701 tione
672 4655 784 4705 sua
812 4636 1016 4705 interni
1039 4634 1258 4709 judicis
1286 4651 1397 4703 nec
1422 4634 1608 4694 verba
1635 4637 2145 4713 percipiunt,quia

487 4730 619 4801 ejus
645 4726 1042 4787 reverentiam
1059 4740 1172 4785 nec
1193 4723 1552 4794 verbotenus
1574 4741 1812 4787 servare
1830 4726 2144 4788 voluerunt

489 4818 624 4888 [al.,
653 4815 1038 4887 maluerunt].
1093 4813 1179 4870 Illi
1228 4812 1498 4885 legaliter
1533 4822 1807 4889 pereunt,
1857 4818 2002 4892 quia
2030 4818 2143 4879 sub

488 4900 622 4971 lege
650 4901 828 4973 positi
856 4904 1262 4973 peccaverunt
1288 4918 1301 4969 ;
1334 4900 1460 4969 istis
1489 4901 1552 4958 in
1581 4904 1918 4976 perditione
1941 4923 2050 4973 sua
2068 4908 2143 4966 de

490 4989 631 5060 lege
651 4988 801 5047 nihil
827 4989 1060 5058 dicitur,
1092 4988 1237 5061 quia
1290 4989 1438 5049 nihil
1492 4989 1643 5061 legis
1693 4994 1917 5053 habere
1946 4996 2145 5054 conati

491 5079 652 5137 sunt.
698 5076 981 5151 Prmceps
1030 5090 1297 5151 namque
1355 5082 1657 5149 terrenam
1710 5083 2147 5154 rempublicam

490 5182 707 5241 regens
759 5165 927 5226 aliter
997 5166 1175 5240 punit
1232 5168 1426 5237 civem
1483 5168 1728 5239 interius
1793 5169 2146 5246 delinquen-

490 5262 825 5331 tem,atque.
850 5255 1020 5315 aliter
1054 5254 1291 5313 hostem
1328 5257 1597 5325 exterius,
1618 5258 2009 5325 rebellantem
2038 5281 2052 5332 ;
2084 5263 2148 5321 in

490 5344 592 5405 illo
601 5346 744 5419 jura
771 5361 883 5402 sua
902 5342 1452 5416 consulit,eumque
1474 5344 1588 5402 sub
1617 5346 1816 5407 verbis
1842 5347 2039 5420 dignae
2061 5352 2149 5410 in.

492 5436 782 5495 vectionis
813 5434 1056 5503 addicit;
1088 5436 1296 5490 contra
1321 5432 1558 5514 hostem
1588 5451 1730 5493 vero
1765 5436 1983 5505 bellum
2016 5460 2145 5500 mo-

491 5530 593 5587 vet
615 5526 1019 5595 instrumenta
1039 5523 1387 5607 perditionis
1415 5528 1666 5611 exercet,
1689 5527 1994 5604 dignaque
2015 5533 2145 5605 ejus

492 5616 736 5689 malitia:
764 5620 1066 5691 tormenta.
1078 5613 1351 5683 retribuit
1361 5631 1389 5687 ἱ.
1408 5613 1491 5687 ἀρ.
1505 5615 1679 5703 malo.
1700 5635 1842 5688 Yero
1857 5622 1987 5693 ejus
2008 5639 2146 5696 quae

2168 4329 2211 4387 D

2229 3046 2369 3086 cum
2415 3028 2490 3085 de
2522 3033 2743 3091 sanctae
2786 3026 3055 3087 Ecclesiae
3099 3043 3326 3099 sponso
3359 3029 3488 3098 (aL,
3523 3030 3779 3101 sponsa]
3805 3029 3891 3086 lo-

2228 3122 2531 3192 queretur,
2562 3116 2760 3179 intulit
2787 3117 3024 3174 dicens:
3053 3118 3287 3177 Nobilis
3302 3119 3365 3174 in
3388 3121 3586 3188 portis
3619 3121 3717 3177 vir
3745 3124 3890 3192 ejus,

2231 3209 2472 3280 quando
2500 3208 2717 3264 sederit
2746 3223 2879 3264 cum
2900 3208 3275 3267 senatoribus
3306 3213 3483 3265 terra
3510 3210 3725 3277 (Prov.
3744 3227 3890 3277 xxxi,

2231 3297 2419 3371 23).Hi
2437 3297 2640 3369 itaque
2669 3297 2731 3354 in
2761 3301 3029 3357 extremo
3055 3296 3288 3369 judicio
3309 3314 3433 3354 non
3457 3298 3897 3369 judicantur,et

2232 3391 2508 3455 regnant,
2539 3386 2685 3459 quia
2712 3402 2851 3445 cum
2882 3391 3125 3444 auctore
3170 3403 3283 3443 suo
3327 3387 3507 3443 etiam
3532 3387 3778 3459 judices
3802 3404 3899 3444 ve-

2234 3476 2425 3539 niunt.
2479 3474 2897 3548 Relinquentes
2938 3475 3164 3548 quippe
3193 3476 3418 3544 omnia,
3447 3476 3585 3549 plus
3611 3484 3899 3551 prompta

2236 3564 2556 3623 devotione
2577 3564 2843 3631 exsecuti
2864 3568 3024 3634 sunt,
3042 3581 3231 3637 quam
3251 3564 3448 3636 juberi
3476 3566 3611 3637 [al.,
3634 3568 3897 3639 jubere},

2238 3653 2589 3727 generaliter
2613 3654 2932 3717 audierunt
2959 3653 3201 3726 speciali
3220 3654 3445 3728 quippe
3452 3655 3735 3727 jussione
3756 3673 3905 3731 pau-

2240 3744 2321 3801 cis
2351 3742 2824 3817 perfectioribus,
2855 3748 2914 3801 et
2952 3759 3075 3801 non
3106 3743 3460 3815 generaliter
3489 3746 3786 3802 omnibus
3816 3747 3905 3801 di-

2241 3833 2392 3897 citur
2428 3833 2564 3903 hoc,
2605 3832 2773 3905 quod
2818 3832 3170 3893 adolescens
3205 3833 3375 3890 dives
3405 3833 3639 3891 audivit
3672 3853 3685 3892 :
3738 3837 3900 3893 Vade

2244 3923 2428 3983 vende
2456 3923 2615 3994 quod
2633 3923 2760 3994 [al.,
2784 3922 2989 3981 omnia
3013 3924 3172 3996 quae]
3202 3923 3402 3992 habes,
3429 3929 3484 3981 et
3514 3925 3596 3981 da
3622 3928 3912 3997 pauperi-

2247 4013 2372 4083 bus,
2397 4018 2453 4070 et
2483 4012 2723 4071 habebis
2769 4012 3117 4070 thesaurum
3158 4014 3223 4070 in
3276 4015 3442 4081 calo,
3482 4020 3539 4071 et
3578 4018 3720 4072 veni
3752 4023 3807 4072 et
3829 4031 3892 4072 se

2246 4118 2424 4176 quere
2451 4118 2545 4160 me
2580 4102 2819 4175 (Matth.
2846 4119 2953 4171 xui,
2979 4106 3092 4171 2t).
3120 4103 3173 4160 Si
3197 4103 3360 4160 enim
3381 4104 3494 4159 sub
3525 4105 3644 4163 hoc
3672 4106 3916 4163 mundo

2248 4196 2494 4248 cunctos
2532 4190 2722 4263 jussio
2772 4192 3064 4262 generalis
3113 4192 3488 4263 astringeret,
3547 4195 3747 4268 culpae
3777 4196 3915 4268 [0].,

2250 4279 2449 4353 culpa]
2477 4278 2744 4352 profecto
2769 4285 2927 4336 esset
2961 4280 3190 4355 aliquid
3220 4298 3334 4338 nos
3364 4282 3439 4339 de
3465 4284 3581 4340 hoc
3603 4290 3919 4358 praecepto

2248 4368 2577 4443 possidere.
2605 4367 2720 4424 Sed
2744 4367 2909 4424 aliud
2934 4373 3022 4426 est
3050 4370 3215 4443 quod
3248 4387 3373 4444 per.
3410 4372 3788 4445 Scripturam
3822 4391 3921 4431 sa-

2249 4474 2414 4516 cram
2437 4454 2789 4527 generaliter
2817 4458 3103 4515 omnibus
3144 4458 3507 4534 praecipitur,
3547 4462 3717 4520 aliud
3745 4464 3923 4539 quod

2250 4544 2583 4621 specialiter
2606 4538 3059 4619 perfectioribus
3086 4549 3436 4623 imperatur.
3487 4551 3559 4608 Hi
3579 4568 3725 4623 ergo
3752 4538 3924 4611 recte

2250 4637 2366 4695 sub
2410 4635 2673 4708 generali
2709 4635 2937 4709 judicio
2968 4654 3092 4695 non
3122 4643 3417 4710 tenentur,
3475 4647 3533 4699 et
3586 4642 3727 4721 quia
3752 4659 3927 4717 prse-

2250 4731 2423 4801 cepta
2461 4727 2761 4798 generalia
2792 4727 3051 4785 vivendo
3080 4730 3386 4788 vicerunt:
3421 4731 3573 4789 sicut
3593 4732 3761 4790 enim
3786 4749 3926 4791 non

2245 4818 2595 4891 judicantur
2626 4822 2682 4874 et
2722 4823 2991 4892 pereunt,
3025 4818 3130 4892 qui
3180 4820 3468 4878 suadente
3497 4822 3761 4896 perﬁdia
3786 4824 3927 4895 lege

2251 4907 2435 4964 teneri
2468 4911 2858 4965 contemnunt
2891 4908 3009 4965 :ita
3026 4924 3150 4965 non
3167 4909 3520 4981 judicantur
3550 4918 3607 4969 et
3633 4920 3927 4986 regnant,

2252 4994 2357 5069 qui
2376 4995 2664 5053 suadente
2684 4996 2903 5070 pietate
2922 4998 3101 5055 etiam
3123 4999 3278 5056 ultra
3294 5000 3710 5077 generalia[at.
3723 5021 3933 5077 ,gene

2252 5085 2415 5158 ralis]
2432 5085 2809 5159 divinaelegis
2822 5094 3121 5164 praecepta
3137 5090 3632 5165 proﬁciunt.llinc
3645 5100 3740 5153 est
3755 5094 3934 5171 quod

2252 5175 2471 5233 Paulus
2497 5176 2679 5234 etiam
2696 5179 2975 5252 specialia
2996 5184 3933 5261 praeceptatranscendens,plus

2254 5281 2434 5341 opere
2463 5267 2943 5342 exhibuit,quam
2963 5269 3331 5330 institutione
3343 5275 3772 5349 promissionis
3792 5276 3935 5349 :al.,

2251 5354 3096 5432 permissionisjaccepit.Cum
3124 5362 3283 5419 enim
3306 5364 3641 5438 accepisset
3653 5372 3719 5423 ut
3736 5369 3937 5423 Evan—

2256 5446 2475 5515 gelium
2507 5448 2841 5520 praedicans
2865 5450 2938 5505 de
2964 5452 3280 5523 Evangelio
3309 5455 3552 5525 viveret,
3578 5462 3636 5513 et
3656 5460 3940 5527 Evange.

2253 5534 2401 5593 lium
2422 5537 2802 5595 audientibus
2819 5542 3149 5614 contulit,et
3167 5548 3368 5601 tamen
3386 5547 3696 5617 Evangelii
3713 5562 3938 5619 sump-

2255 5623 2418 5687 tibus
2438 5629 2760 5691 sustentari
2779 5631 3093 5692 recusavit.
3110 5634 3233 5692 Cur.
3243 5649 3388 5708 ergo
3405 5634 3847 5708 istejudicetur
3869 5640 3943 5693 ut
