4128 6200
211 170 350 225 H65

1146 173 1236 225 DE
1274 166 1945 226 ΡΒΕΒΕΞΊῚΝΑῬΙΟΝΕ
1980 166 2256 225 CONTRA
2297 171 2346 224 1.
2391 171 2681 228 SGOTUM.

3494 171 3639 226 Ησϐ,

204 295 436 362 regnet,
466 290 573 363 qui
600 288 811 347 minus
836 290 1003 364 quod
1034 298 1296 350 servaret
1320 293 1570 367 accepit,
1598 291 1703 348 sed
1735 308 1863 348 ma-
1898 291 1949 347 Α
1980 293 2158 351 nullis
2176 294 2652 368 praecedentibus
2668 292 2916 365 meritis,
2934 293 3282 367 impendere
3302 292 3643 352 miseriast».

201 382 325 452 jus,
364 378 530 452 quod
573 378 819 449 viveret,
869 380 1110 437 invenit.
1160 381 1401 438 Dicatur
1449 382 1627 453 igitur
1668 385 1865 437 recte:

205 469 514 525 Iudicium
549 470 917 539 pauperibus
955 471 1165 526 tribuit
1204 472 1260 541 (Ι
1299 473 1493 528 Thess.
1526 488 1586 538 ιι,
1618 472 1693 544 9),
1727 470 1873 544 quia

209 560 443 631 quanto
491 556 632 613 huic
678 557 910 614 mundo
963 574 1190 629 magna
1233 560 1569 617 humilitate
1610 560 1875 633 despecti

124 690 129 697 .
210 650 370 713 sunt,
397 651 567 702 tanto
589 649 737 702 tunc
771 648 1034 721 acceptis
1060 648 1313 705 sedibus
1342 651 1573 722 majore
1610 648 1873 707 culmine

210 735 526 811 potestatis
554 741 931 792 excrescunt.

283 827 328 897 -ι-
360 823 666 896 Quidquid
695 824 771 880 de
798 825 914 881 hoc
947 826 1048 883 Dei
1085 826 1513 901 omnipotentis
1551 824 1880 896 inevitabili

214 913 652 985 tremendoque
693 913 925 985 judicio
968 914 1060 971 vel
1113 916 1267 989 ipse,
1314 916 1408 972 vel
1455 915 1883 988 praedicatores

214 1006 363 1077 ejus,
406 1003 647 1077 pietatis
693 1002 921 1060 intimae
964 1004 1170 1061 litteris
1218 1005 1682 1073 mandaverunt,
1726 1004 1789 1060 id
1827 1013 1887 1066 et

213 1093 367 1151 nihil
403 1093 569 1150 aliud
606 1093 681 1149 de
728 1094 916 1166 ipsius
959 1095 1487 1167 prtedestinatione
1535 1095 1878 1152 sentimus:

216 1185 305 1241 ita
323 1189 390 1241 ut
411 1199 527 1240 nec
554 1182 1146 1256 praedestinationem
1166 1185 1399 1258 absque
1413 1185 1663 1256 judicio,
1686 1199 1891 1257 neque.

211 1272 515 1349 jmudiciu
538 1272 665 1328 sine
681 1272 1209 1345 praedestinatione
1225 1274 1552 1343 fateamur;
1591 1274 1883 1347 quoniam

215 1362 391 1436 quod
416 1378 481 1418 se
494 1360 909 1433 judicaturum
937 1363 1253 1434 prmscivit,
1277 1364 1393 1419 hoc
1416 1364 1617 1437 utique
1635 1362 1884 1436 nequid-

213 1467 408 1525 quam
439 1450 599 1508 aliud
622 1449 923 1507 facturum
953 1451 1422 1524 praedestinavit.
1460 1456 1525 1508 Et
1547 1454 1685 1508 haec.
1706 1456 1881 1508 sunt:

213 1540 451 1611 Magna
493 1554 676 1607 opera
710 1541 969 1607 Domini,
1012 1542 1311 1611 exquisita
1340 1542 1407 1597 in
1442 1557 1640 1597 omnes
1677 1542 1884 1597 volun-

1980 383 2184 452 diam;
2217 385 2330 444 illis
2379 388 2622 459 propter
2662 383 2827 449 mala
2864 382 3266 457 praecedentia
3307 382 3643 454 justissima

1980 474 2308 547 rependere
2338 474 2646 531 ultionem.
2688 476 2768 529 De
2807 473 3029 546 quibus
3058 476 3385 546 Apustotus
3405 471 3647 545 procla-

1983 568 2110 619 mat
2138 582 2149 619 :
2186 564 2477 631 Quoniam
2499 566 2673 635 cujus
2702 564 2834 625 vult
2861 563 3214 634 miseretur;
3243 567 3300 619 et
3317 576 3492 635 quem
3511 563 3647 619 υαιι

1984 652 2232 708 indurat
2269 654 2453 723 (Rom.
2485 669 2566 722 ix,
2602 655 2716 720 18).
2757 655 2983 724 Nempe
3018 652 3337 708 miseretur
3360 648 3532 711 nullo
3552 648 3649 708 du-

1985 739 2132 811 bito,
2178 743 2433 798 indurat
2471 741 2637 798 nulla
2684 740 2999 814 iniquitate
3028 756 3164 807 sua,
3197 741 3484 813 qucum
3524 754 3649 797 non

1988 835 2073 887 est
2099 830 2386 901 iniquitas
2410 831 2576 901 apud
2602 830 3006 903 Deum(1bid.,
3028 833 3137 900 14),
3170 828 3404 891 dicente
3434 827 3651 887 eodem

1990 919 2277 992 Apostolo
2310 937 2322 975 :
2349 921 2641 993 Nunquid
2669 922 2931 992 iniquus,
2963 920 3069 993 qui
3097 920 3289 991 infert
3317 920 3519 991 iram;
3555 916 3656 976 cui

1988 1009 2285 1067 humiliter
2317 1010 2726 1083 veraciterque
2756 1009 3496 1083 correspondemus,absit,
3525 1022 3658 1066 om-

1988 1098 2134 1155 nino
2165 1100 2319 1156 absit
2350 1103 2415 1155 ut
2438 1114 2571 1156 esse
2612 1098 2909 1155 ullatenus
2950 1097 3233 1170 iniquitas
3262 1098 3460 1155 valeat
3487 1096 3654 1171 apud

1994 1192 2194 1244 Deum.
2230 1189 2344 1257 Qui
2366 1190 2551 1259 infert
2578 1190 2753 1257 iram,
2786 1187 2845 1243 id
2875 1189 2963 1243 est
2984 1186 3079 1243 vel
3106 1188 3356 1246 indurat
3386 1203 3527 1243 eum
3544 1185 3652 1259 qui

1989 1282 2270 1349 meretur,
2316 1279 2412 1335 vel
2454 1277 2719 1335 vindicat
2745 1281 2925 1350 atque
2953 1275 3258 1332 ulciscitur
3286 1277 3353 1332 in
3380 1292 3520 1335 eum
3549 1274 3654 1348 qui

1991 1367 2200 1439 procul
2230 1367 2418 1423 dubio
2451 1370 2843 1441 promeretur.

2062 1456 2349 1511 Auferens
2371 1472 2513 1525 ergo
2530 1454 3120 1528 praedestinationem
3139 1453 3460 1520 malorum,
3484 1454 3657 1513 aufer

1983 1545 2319 1616 judicium;
2361 1559 2484 1616 quo
2524 1543 2781 1611 sublato,
2823 1547 3260 1616 consequenter
3305 1543 3443 1600 tolle
3484 1544 3659 1616 justi-

218 1636 372 1688 tates
410 1632 539 1700 ejus
582 1631 767 1695 (Psal.
811 1645 901 1695 cx,
947 1633 1021 1701 2).
1062 1631 1477 1688 Misericordia
1516 1630 1792 1689 videlicet
1829 1636 1886 1688 et
1912 1650 1955 1703 Β
1991 1635 2173 1702 tiam;
2205 1632 2667 1703 ablatajustitia,
2693 1646 2851 1701 nega
2874 1631 3076 1704 ipsum
3103 1631 3287 1688 etiam
3314 1631 3659 1705 Deum,qui

204 1720 458 1792 justitia
484 1718 706 1792 quibus
742 1719 939 1775 reddit
979 1720 1300 1791 unicuique
1337 1720 1661 1777 secundum
1700 1735 1884 1790 opera

216 1825 331 1873 sua
362 1808 600 1879 (Matth.
645 1824 762 1877 xvs,
808 1807 901 1878 27)
924 1826 941 1873 ;-
980 1808 1109 1864 hmo
1141 1825 1205 1865 se
1244 1809 1540 1867 facturum
1568 1809 1880 1882 prtedesti-

216 1897 406 1967 navit,
436 1896 731 1970 quoniam
760 1897 891 1952 haec
918 1913 981 1953 se
1002 1898 1411 1969 judicaturum
1430 1899 1881 1955 retributurum-

217 2005 343 2062 que
375 1986 674 2061 praescivit
719 1991 899 2060 atque
936 1988 1210 2060 praevidit
1255 2005 1267 2043 :
1309 1988 1424 2044 hoc
1463 1991 1551 2043 est
1591 1987 1741 2043 illud
1777 1987 1879 2043 Dei

214 2077 513 2150 judicium
544 2091 737 2149 capax
766 2077 1224 2146 contrariorum,
1256 2077 1427 2149 quod
1457 2076 1561 2133 tibi
1586 2076 1875 2149 displicet,

218 2166 408 2241 quod,
436 2168 547 2223 etsi
580 2170 685 2222 tua
708 2165 860 2222 ratio
890 2166 1167 2237 denegat,
1196 2166 1415 2222 veritas
1438 2165 1657 2239 probat
1678 2183 1692 2233 ;
1715 2165 1877 2236 judi-

218 2257 382 2315 cium
423 2255 633 2329 utiquc
672 2254 971 2312 malorum
1020 2259 1077 2311 et
1120 2255 1420 2312 bonorum
1453 2273 1473 2312 ι
1499 2255 1613 2312 etsi.
1657 2270 1881 2325 negare

218 2345 406 2415 voles,
446 2344 751 2401 destruere
791 2360 1109 2417 nunquam
1147 2344 1333 2416 vales,
1365 2345 1538 2416 cujus
1580 2348 1745 2401 tanta
1791 2348 1881 2403 est

216 2435 539 2501 evidentia,
570 2438 643 2489 ut:
661 2432 737 2489 de
757 2449 828 2489 eo
849 2434 998 2489 nulli
1025 2433 1203 2490 liccat
1221 2434 1515 2490 dubitare.
1544 2435 1721 2490 Hanc
1739 2448 1876 2489 con-

218 2524 564 2591 trariorum,
592 2522 991 2595 capacitatem
1017 2523 1069 2578 si
1092 2523 1359 2593 deneges
1390 2524 1451 2579 in
1486 2522 1874 2595 praedestina-

219 2614 403 2680 tione,
431 2627 681 2669 necesse
704 2616 795 2668 est
820 2613 885 2668 in
903 2611 1165 2683 judicio;
1196 2612 1508 2685 quoniam,
1544 2613 1696 2669 sicut
1724 2611 1875 2667 dixi-

218 2719 386 2767 mus,
418 2701 583 2774 quod
611 2718 683 2757 se
701 2701 1110 2773 judicaturum
1149 2704 1305 2757 Deus
1332 2701 1732 2775 praesciverat,
1762 2701 1877 2756 hoc

225 2808 297 2847 se
310 2791 609 2855 facturum
628 2805 749 2846 nec
760 2789 932 2847 aliud
944 2790 1489 2864 praedestinaverat.
1498 2790 1644 2846 Huic
1669 2790 1751 2846 rei
1772 2805 1879 2862 per

220 2880 437 2938 omnia.
456 2879 721 2936 concinit
735 2878 1003 2939 deﬁnitio
1027 2895 1206 2953 super
1221 2879 1465 2937 nomine
1495 2878 1881 2952 praedestina-

222 2967 408 3026 tionis
420 2968 750 3024 beatissimi
763 2968 943 3024 Patris
959 2968 1484 3042 Augustini,qua1n
1502 2968 1737 3025 conaris
1752 2983 1879 3040 per—

219 3062 461 3125 vertere
489 3056 854 3131 perindeque
874 3062 1151 3113 esertere.
1178 3057 1277 3113 Ait
1290 3057 1473 3127 enim,
1506 3062 1575 3112 ut
1598 3057 1797 3129 ponis,
1820 3056 1882 3112 in

219 3148 381 3205 libro
420 3146 502 3204 ad
540 3150 894 3218 Prosperum
923 3150 981 3203 et
1007 3146 1297 3203 Hilarium
1325 3147 1398 3203 de
1422 3146 1617 3202 Praed.
1649 3148 1881 3223 Sanct.,

223 3253 363 3310 cap.
399 3237 510 3292 t0.:
543 3235 1011 3307 [Praedestinatio
1041 3241 1135 3293 est
1174 3252 1310 3309 quae
1352 3236 1477 3291 sine
1516 3234 1889 3307 praescientia

224 3342 365 3393 non,
378 3329 570 3397 potest
588 3341 716 3381 esse
740 3344 751 3381 :
778 3330 979 3398 potest
992 3330 1193 3382 autem
1211 3341 1339 3382 esse
1363 3324 1491 3380 sine
1508 3323 1891 3396 prsedestina-

231 3414 399 3470 tione
418 3413 816 3486 prsescientia;
848 3415 1374 3488 praedestinatione
1394 3414 1621 3487 quippe
1643 3417 1798 3469 Deus
1821 3428 1892 3468 ea

223 3502 533 3576 praescivit
554 3520 691 3576 quae
719 3504 915 3563 fuerat
954 3504 1083 3576 ipse
1128 3504 1433 3572 facturus;
1465 3503 1631 3559 unde
1664 3502 1893 3559 dictum

221 3597 325 3649 est
353 3610 373 3648 ι
398 3594 545 3663 fecit
570 3609 703 3665 qua
724 3594 945 3664 futura
967 3599 1108 3650 sunt
1138 3594 1277 3666 (18a.
1314 3610 1448 3659 XLV,
1486 3593 1541 3647 1:1
1578 3608 1690 3650 sec.
1722 3593 1891 3664 LXX).

224 3682 503 3739 Prsescire
529 3687 733 3739 autem
760 3688 959 3755 potest
999 3683 1127 3754 [al.,
1164 3688 1379 3756 potens
1410 3683 1519 3754 est]
1547 3682 1729 3739 etiam
1758 3697 1896 3754 quas

223 3771 362 3845 ipse
388 3787 513 3827 non
542 3770 703 3842 facit,
745 3770 903 3827 sicut
925 3788 1283 3844 quacumque
1313 3771 1608 3844 peccata].

301 3861 346 3931 1-
378 3864 498 3917 Hoc
526 3865 587 3917 et
609 3876 725 3917 nos
750 3859 1027 3928 dicimus,
1060 3861 1175 3917 hoc
1214 3860 1491 3926 fatemur,
1533 3874 1646 3915 nec
1675 3857 1754 3914 ab
1784 3858 1898 3914 ista

225 3948 582 4017 definitione
610 3949 912 4006 ullatenus
937 3949 1291 4007 aberramus
1317 3967 1329 4004 :
1355 3964 1542 4021 quam
1564 3948 1612 4003 si
1633 3946 1899 4003 veritatis

227 4039 463 4096 lumine
484 4040 701 4096 fuisses
720 4039 992 4111 intuitus,
1010 4054 1328 4112 nunquam
1349 4038 1434 4093 ita
1455 4035 1898 4110 praescientiam

229 4131 296 4185 et
322 4128 913 4201 praedestinationem
953 4128 1371 4195 confunderes,
1404 4131 1468 4181 ut
1494 4139 1681 4181 unam
1716 4128 1897 4196 atque

229 4217 420 4290 idem,
447 4234 558 4274 nec
602 4218 765 4275 aliud
810 4217 1060 4274 omnino
1099 4232 1229 4273 esse
1268 4217 1561 4272 ﬁrmares.
1602 4211 1898 4270 Praescivit

1991 1725 2216 1777 estnon
2241 1719 2701 1787 accidentaliter,
2724 1720 2831 1776 sed
2849 1719 3267 1786 essentialitcr,
3282 1718 3661 1793 perindeque

1989 1809 2440 1869 immutabiliter
2469 1809 2835 1882 sempiterna
2867 1808 3121 1880 justitiu.
3160 1808 3473 1874 Quomodo
3507 1824 3657 1881 ergo

1988 1900 2193 1959 reddet
2224 1900 2544 1969 unicuique
2571 1897 2896 1953 secundum
2926 1912 3110 1968 opera
3126 1912 3241 1953 sua
3258 1899 3286 1954 ‘2
3310 1901 3399 1952 An
3421 1897 3651 1957 unicui-

1987 2004 2104 2061 que
2129 1988 2431 2045 bonorum
2454 1992 2510 2043 et
2531 1986 2679 2042 nulli
2701 1985 3001 2042 malorum
3022 1986 3053 2041 ἳ
3081 1989 3285 2043 Peccet
3308 2000 3459 2056 ergo:
3482 1985 3655 2058 quise.

1986 2093 2104 2150 que
2143 2075 2611 2150 quantumlibet,
2654 2074 2967 2148 quoniam,
3008 2073 3246 2131 sublato
3281 2072 3656 2146 judicio..de-_.

1987 2172 2294 2240 tractaque
2333 2166 2583 2238 justitia,
2624 2166 2875 2239 impune
2915 2164 3189 2238 peccabit
3211 2182 3235 2232 ;-
3267 2169 3329 2222 et
3365 2164 3461 2221 die
3503 2180 3654 2223 cum

1986 2257 2100 2313 illis
2144 2256 2249 2329 qui
2295 2260 2627 2327 posuerunt
2673 2256 2738 2312 in
2784 2255 2928 2313 cato
2976 2270 3041 2311 os
3089 2269 3284 2325 suum,
3330 2257 3395 2311 ec
3432 2254 3651 2325 inagna

1986 2363 2189 2404 eorum
2229 2346 2519 2403 transivit
2537 2346 2603 2401 in
2630 2350 2836 2415 terra;
2882 2349 2941 2401 et
2977 2345 3268 2401 dixerunt
3350 2343 3649 2415 quomoda

1986 2439 2101 2494 scit
2116 2438 2292 2505 Deus,
2325 2441 2379 2493 et
2409 2437 2461 2497 si
2487 2441 2573 2497 est
2601 2435 2859 2492 scientia
2883 2435 2945 2490 in
2973 2435 3204 2492 eacelso
3242 2434 3427 2504 (Psat.
3467 2449 3641 2505 unus,

1986 2526 2139 2597 9-1'1)
2160 2544 2183 2593 ;η
2207 2529 2388 2598 atque
2427 2523 2792 2596 judicandos
2835 2527 2899 2580 et
2934 2523 3131 2583 bonos
3158 2526 3217 2578 et
3242 2522 3653 2596 maiessnpm.

1984 2616 2124 2672 riori
2152 2615 2381 2670 Domini
2405 2613 2699 2670 sententia
2713 2611 3084 2669 declaratum
3104 2616 3211 2682 est,
3243 2616 3299 2668 et
3318 2610 3641 2689 Apostolus

1986 2709 2237 2762 testatur
2264 2703 2472 2759 dicens
2504 2719 2517 2758 :
2553 2703 2789 2759 Scimus
2823 2702 2982 2758 enim
3020 2701 3307 2773 quoniam
3339 2699 3642 2771 judicium

1986 2796 2091 2852 Dei
2115 2800 2201 2850 est
2226 2793 2553 2850 secundum
2584 2793 2891 2848 veritatem
2916 2791 2985 2846 in
3001 2806 3093 2847 eos
3122 2790 3230 2861 qui
3255 2790 3409 2847 talia
3428 2795 3639 2862 agunt.

1987 2884 2317 2941 Existimas
2346 2887 2543 2938 autem
2566 2882 2696 2948 hoc,
2718 2896 2751 2939 ο
2783 2880 2973 2947 homo,
3010 2880 3369 2950 quijudicas
3395 2894 3508 2947 eos,
3540 2879 3653 2949 qui:

1911 3005 1954 3059 Ο
1993 2974 2144 3029 talia
2171 2976 2382 3059 agunt,
2407 2976 2463 3025 et
2486 2970 2661 3059 facis
2680 2983 2769 3059 ea,
2804 2968 2949 3059 quia
2977 2974 3043 3023 tu

1990 3063 2102 3117 Dei
2126 3064 2155 3115 ?
2183 3064 2291 3115 aut
2318 3058 2559 3113 divitias
2582 3056 2862 3111 bonitatis
2891 3057 3019 3125 ejus
3044 3059 3096 3111 et
3113 3054 3424 3127 patientiae
3440 3059 3499 3110 et)
3519 3054 3646 3110 lon-

1992 3149 2365 3223 ganimitatis
2421 3147 2747 3204 contemnis
2790 3150 2823 3202 2
2864 3146 3123 3216 Ignoras
3164 3145 3447 3216 quoniam
3493 3143 3659 3201 benis

1994 3242 2194 3313 gnitas
2221 3238 2330 3294 Dei
2349 3238 2431 3293 ad
2453 3236 2877 3306 paenitentiam
2899 3240 2959 3290 te
2982 3232 3232 3289 adducit
3259 3237 3288 3289 Ρ
3325 3232 3661 3290 secundum

1997 3329 2285 3387 duritiam
2319 3330 2516 3384 autem
2547 3330 2715 3381 tuam
2742 3328 2798 3380 et
2827 3323 3205 3393 impcenitens
3230 3336 3333 3379 cor

1999 3434 2098 3476 zas
2130 3418 2238 3473 tibi
2254 3418 2412 3471 iram
2439 3416 2503 3470 in
2529 3414 2626 3471 die
2653 3414 2760 3470 ira?
2783 3418 2839 3470 et
2861 3412 3253 3475 reuelationis
3266 3409 3660 3481 iustijudicii

2002 3509 2130 3578 Dei,
2159 3507 2263 3577 qui
2290 3504 2495 3561 reddet
2517 3503 2839 3574 unicuique
2856 3500 3183 3558 secundum
3203 3514 3395 3570 opera
3409 3499 3664 3571 quam}

2003 3597 2239 3671 quidem
2263 3593 2714 3665 qui,secundum
2741 3590 3095 3663 patientiam
3128 3588 3265 3645 boni
3292 3588 3507 3660 operis,
3533 3589 3663 3660 ριος

2005 3689 2159 3744 riam
2176 3690 2227 3743 et
2248 3684 2531 3740 honorem
2548 3686 2603 3738 et
2617 3680 3132 3750 incorruptionem
3159 3677 3668 3750 quarentibusviu

2006 3784 2129 3835 tam
2155 3782 2440 3833 aeternam
2471 3788 2491 3828 .·
2520 3772 2613 3829 his
2640 3771 2984 3840 autem,qui
2998 3773 3143 3825 sunt
3164 3783 3243 3826 ea:
3269 3769 3663 3837 contentione,

2007 3873 2059 3924 et
2083 3867 2189 3937 qui
2200 3880 2321 3920 non
2348 3862 2735 3932 acquiescant
2760 3858 3023 3925 veritati,
3057 3857 3308 3914 credam
3330 3861 3531 3912 autem
3557 3857 3670 3913 ini-

2006 3954 2246 4028 quitati,
2274 3954 2373 4007 ira
2401 3955 2455 4005 et
2482 3947 2820 4017 indignatio
2850 3945 3186 4012 tribulatio,
3212 3948 3277 4000 eo
3297 3942 3670 4013 augustia'in

2007 4054 2233 4097 omnem
2267 4037 2533 4093 animam
2560 4034 2816 4091 hominis
2844 4033 3149 4102 operantis
3186 4030 3437 4099 malum,
3471 4029 3674 4088 Judai

1999 4130 2268 4200 primum
2285 4132 2341 4183 et
2362 4122 2790 4182 GraciGtoria
2805 4127 3007 4178 autem
3019 4127 3073 4178 et
3092 4122 3353 4179 honoret
3367 4135 3498 4191 pas:
3510 4130 3678 4187 omni

2007 4216 2285 4289 aperanti
2305 4215 2541 4282 bonum,
2561 4212 2773 4269 Judwo
2789 4212 3076 4282 primum,
3100 4215 3157 4267 ct
3182 4211 3389 4268 Graeco
3409 4227 3423 4266 :
3444 4225 3577 4267 non
3587 4212 3676 4267 est

232 4308 402 4364 enim
437 4310 591 4365 Deus
618 4309 842 4414 omnia,
888 4312 947 4364 et
973 4323 1111 4414 qua:
1143 4306 1334 4362 fuerat
1356 4306 1485 4414 ipfe
1515 4305 1809 4414 faqturus;
1834 4306 1898 4358 ut
1937 4358 1980 4414 Β
2009 4300 3679 4414 enimpersonarumqqceptiq‘apudDeum‘Uiommgst1).

235 4402 389 4453 sunt
416 4414 794 4471 quaecunque
814 4397 998 4467 bona,
1016 4400 1073 4453 et
1093 4412 1230 4469 quae
1258 4410 1381 4451 non
1410 4392 1605 4451 fuerat
1628 4393 1759 4466 ipse
1783 4391 1902 4448 fac-
1937 4388 1980 4414 ”
2085 4396 2236 4463 Quia
2274 4394 2455 4466 igitur
2486 4392 2718 4465 justitia
2743 4390 3165 4463 judiciumque
3196 4388 3298 4445 Dei
3327 4389 3538 4460 negari
3565 4388 3681 4446 mi-

232 4493 437 4558 turus,
467 4493 534 4544 ut
562 4493 700 4545 sunt
728 4503 1107 4561 quaecunque
1135 4491 1424 4559 peccata;
1455 4483 1907 4559 praedestinavit
2012 4486 2174 4542 nime
2203 4487 2479 4557 possunt,
2504 4480 2775 4553 sequitur
2804 4484 2870 4535 ut
2886 4477 3425 4552 praedestinatio-et
3449 4492 3686 4549 praepa-

233 4582 455 4637 autem
491 4592 739 4650 prorsus
784 4577 936 4634 nihil
979 4575 1144 4633 aliud
1185 4575 1301 4633 nisi
1342 4575 1510 4647 quod
1548 4574 1741 4630 fuerat
1779 4572 1908 4645 ipse
2013 4574 2171 4631 ratio
2196 4572 2357 4628 illius
2384 4569 2727 4628 nullatenus
2753 4567 3144 4639 denegantur,
3175 4566 3237 4622 in
3262 4566 3367 4621 his
3385 4564 3681 4623 duntaxat

237 4667 540 4736 facturus,
558 4667 618 4724 id
636 4672 724 4724 est
738 4665 1211 4724 misericordiam
1232 4670 1289 4721 et
1309 4663 1626 4735 judicium,
1650 4662 1771 4718 sive
1786 4662 1911 4732 jus-
2018 4663 2241 4737 quibus
2266 4660 2495 4733 justitia
2530 4658 2690 4715 illius
2717 4662 2897 4731 atque
2921 4656 3219 4728 judicium
3255 4654 3687 4739 prmdi‘cantur,

240 4756 462 4823 titiam,
502 4773 611 4814 seu
647 4757 982 4825 veritatem,
1017 4754 1195 4828 quod.
1229 4751 1585 4810 tantundem
1614 4751 1789 4808 valet.
1832 4752 1913 4806 De
2020 4751 2312 4825 quoniam
2343 4766 2417 4806 ea
2444 4752 2585 4809 sunt
2611 4763 2750 4820 quae
2775 4747 2993 4804 beatus
3019 4745 3389 4818 Augustinus
3435 4743 3509 4801 in~
3537 4743 3688 4800 deﬁ-

244 4844 479 4919 quibus
505 4846 748 4903 duobus
774 4845 1040 4919 loquitur
1065 4850 1123 4901 et
1158 4842 1454 4915 Propheta
1483 4858 1496 4896 :
1531 4841 1727 4898 Semel
1756 4840 1915 4895 tocu-
2021 4840 2250 4899 nitione
2273 4835 2815 4912 prmdestinationis
2835 4834 2984 4892 dixit
3010 4851 3023 4890 :
3058 4836 3224 4906 [Quin
3246 4837 3402 4891 Deus
3421 4848 3485 4891 se
3501 4832 3691 4892 factu-

242 4939 346 4992 ιω
380 4940 467 4993 est
492 4938 651 4993 Deus
677 4936 849 4993 :-duo
882 4935 1006 4991 haec
1044 4934 1270 5002 audivi,
1314 4932 1458 5003 quia
1489 4935 1757 5001 potestas
1786 4929 1915 4999 Dei,
2024 4946 2162 4987 rum
2191 4943 2323 4985 esse
2350 4925 2626 5000 praevidit
2672 4924 2799 4981 sive
2840 4923 3185 4998 prmscivit.]
3234 4925 3377 4991 Quae
3418 4921 3689 4981 deﬁnitio

241 5030 304 5083 et
338 5025 465 5090 tibi,
496 5026 769 5093 Domine,
792 5024 1209 5082 misericordia
1239 5038 1259 5079 :
1284 5022 1429 5095 quia
1459 5026 1525 5077 tu
1544 5019 1755 5077 reddes
1784 5019 1919 5075 uni—
2027 5017 2320 5094 quoniam
2359 5016 2475 5074 tuis
2519 5013 2963 5073 assentiunculis
3002 5012 3331 5087 plurimum
3366 5016 3693 5087 repugnat,

239 5115 665 5187 adquejua'ta
684 5130 869 5186 opera
892 5130 1003 5171 sua
1030 5114 1215 5187 (Psat.
1241 5128 1356 5183 LXI,
1383 5111 1467 5181 l2,
1497 5110 1600 5184 13).
1629 5112 1762 5167 Haec
1783 5123 1923 5177 sunt
2030 5108 2266 5166 conaris
2290 5123 2425 5165 eam
2455 5106 2768 5169 invertere,
2794 5107 2851 5161 et
2878 5103 3046 5177 quod
3082 5118 3295 5177 neque»
3319 5102 3694 5175 Augustinus

239 5219 479 5275 magna
516 5220 701 5276 opera
742 5204 1002 5275 Domini,
1043 5202 1348 5276 exquisita
1383 5203 1449 5259 in
1479 5215 1677 5258 omnes
1708 5200 1922 5258 volun-
2034 5197 2187 5256 dixit
2211 5211 2410 5270 neque
2436 5194 2629 5253 sensit
2648 5193 2955 5265 aﬂingere.
2988 5191 3147 5249 Dicis
3165 5192 3346 5250 enim.

241 5300 406 5352 tates
441 5297 575 5366 ejus
601 5296 790 5369 (Psat.
825 5311 911 5362 cx,
959 5294 1034 5369 2).
1082 5293 1376 5352 Nimirum
1403 5292 1533 5347 haec
1578 5293 1717 5346 sunt
1744 5303 1927 5359 opera

238 5385 499 5443 Domini
516 5389 574 5443 et
591 5385 759 5443 nulla
784 5385 925 5457 alia,
953 5400 1089 5458 quas
1120 5399 1182 5441 se
1214 5382 1516 5439 facturum
1539 5378 1931 5451 praedestina-

236 5473 358 5545 vit,
389 5474 665 5533 videlicet
695 5474 880 5547 gratis
903 5473 1167 5531 misereri
1197 5474 1253 5529 et
1277 5472 1441 5542 juste
1471 5468 1786 5524 damnare.
1819 5469 1931 5524 Ho-
2144 5469 2286 5542 Cap.
2315 5472 2399 5533 lt,
2423 5482 2595 5525 num.
2619 5470 2669 5535 6,
2697 5468 2836 5522 sect.
2871 5470 2924 5520 7.
2933 5480 2948 5537 )
2970 5470 3010 5518 Θ
3044 5464 3149 5519 Est
3170 5463 3361 5534 igitur
3385 5460 3527 5517 talis
3545 5458 3712 5547 diﬁ'ef

238 5580 395 5623 rum
424 5545 719 5634 misereri,
734 5582 861 5624 non
880 5565 1025 5639 quia
1040 5564 1419 5629 meruerunt;
1452 5559 1584 5615 illos
1606 5557 1927 5631 damnare,
2040 5564 2239 5615 rentia
2254 5560 2409 5614 inter
2416 5556 3001 5628 prwdestinationem
3019 5558 3075 5610 et
3091 5552 3533 5623 praescicntiam
3552 5545 3713 5639 quod

244 5655 395 5717 sine
436 5653 625 5721 dubio
672 5655 817 5730 quia
864 5636 1254 5715 meruerunt:
1301 5650 1432 5708 istis
1476 5646 1684 5721 gratis,
1730 5646 1791 5704 id
1842 5640 1931 5705 est
2044 5646 2233 5704 omnis
2246 5646 2702 5715 pradestinatio
2729 5643 3135 5715 prcescientia,
3158 5658 3279 5697 non
3297 5644 3501 5697 autem
3522 5636 3712 5697 omnis

2601 5355 2849 5405 JOANNES
2902 5355 3129 5397 SCOTUS.
