4128 6200
538 163 672 216 “67

1611 152 1666 206 S.
1709 147 2084 206 PRUDENTII
2121 142 2496 202 TRECENSIS
2533 147 2874 206 EPISCOPI.

3817 153 3959 208 1168

525 281 903 353 praescienlia
955 275 1400 348 prmdestinatio
1445 290 1466 331 :
1508 273 1885 345 praescientia
1930 284 2188 342 namque
2220 269 2267 322 A
2307 284 2431 325 non
2469 271 2648 328 etiam
2680 272 3159 345 praedestinasse,
3189 287 3327 345 quae
3365 287 3488 328 non
3516 288 3586 329 ex
3615 273 3751 346 ipso
3793 279 3966 330 erant

529 374 661 442 ipsa
687 386 805 442 qua
836 371 994 424 Deus
1021 365 1325 437 praesciuit
1353 379 1423 422 ea
1451 380 1580 437 qua:
1604 365 1810 435 fuerat
1841 362 1966 432 ipse
1989 361 2188 430 factu-

529 478 655 530 rus,
683 457 1138 528 praedestinatio
1165 470 1300 513 vere
1337 455 1793 524 specialiterque
1821 452 2062 508 dicitur.
2095 450 2188 506 Ea

528 564 667 606 vero
685 547 1090 618 praescientia,
1115 559 1235 616 qua
1263 559 1332 600 ea
1352 558 1484 614 qua:
1513 557 1632 599 non
1659 542 1834 612 facit,
1858 538 2186 610 praesciuit,

525 639 590 695 id
614 644 699 695 est
718 642 968 708 peccata
998 649 1318 706 eorumque
1337 647 1570 703 plenas,
1597 631 1995 702 praescientia,
2025 628 2189 684 abso-

530 730 654 786 lute
688 727 926 798 placuit
976 724 1201 788 vocari,
1246 729 1337 782 lla
1366 728 1433 778 ut
1460 737 1529 779 ea
1560 717 1968 778 tantummodo
2002 729 2184 786 praes-

527 817 768 883 cientia,
801 830 936 888 quae
956 811 1668 883 diciturpraedestinatio,
1698 810 1762 864 in
1787 809 1933 863 bono
1958 818 2188 874 semper

525 906 913 976 intelligatur
941 920 962 959 :
987 905 1118 960 sola
1148 918 1286 960 vero
1309 899 1696 972 prcescientia
1724 898 1850 953 sine
1880 893 2188 966 praedesti-

524 997 770 1054 natione
797 995 1038 1052 omnino
1067 995 1366 1050 malorum
1389 996 1492 1060 est,
1524 1004 1656 1061 quae
1675 989 1832 1044 Deus
1863 1001 1981 1042 non
2010 984 2181 1054 facit.

1191 1149 1498 1193 CORRECTIO
1507 1177 1518 1189 .

598 1267 641 1336 -ζ-
671 1263 918 1334 Agimus
965 1261 1171 1334 utique
1204 1263 1320 1316 Deo
1357 1256 1603 1328 gratias,
1647 1253 1752 1328 qui
1783 1256 1836 1310 te
1881 1250 2184 1308 nolentem

528 1352 796 1410 fortassis
822 1350 1309 1421 nescientemque
1331 1346 1468 1403 fecit
1489 1345 1867 1416 aliquatenus
1891 1339 2058 1413 quod
2083 1355 2183 1394 ve-

527 1459 664 1500 rum
694 1447 785 1499 est
804 1439 1091 1498 conﬁteri.
1110 1439 1221 1504 Qui
1246 1437 1408 1493 enim
1431 1436 1725 1491 hactenus
1748 1429 2184 1504 praescientiam

529 1537 588 1588 et
621 1527 1209 1603 praedestinationem
1238 1541 1430 1581 unum
1458 1539 1587 1579 esse
1621 1526 1978 1586 astruxeras,
2023 1533 2185 1574 nunc

2305 372 2553 413 causam
2578 360 2942 432 operationis
2958 360 3284 423 habitura]
3307 363 3347 431 -ι-
3373 360 3966 431 Fulgentius‘initium

2300 447 2767 519 responsionum
2791 448 3037 506 secundi
3065 448 3202 504 libri
3225 448 3304 504 ad
3329 449 3655 506 Monimum
3677 450 3762 506 ita
3792 467 3968 507 exor-

2300 550 2403 589 sus
2454 541 2542 592 est
2593 537 2786 608 [Satis,
2839 541 2905 593 ut
2951 537 3228 608 arbitror,
3276 538 3527 594 Monime
3583 539 3969 610 charissime,

2299 624 2694 694 quaestionem
2725 626 2800 683 de
2824 626 3164 683 diversitate
3183 626 3755 698 praedestinationis,
3782 628 3970 699 justo.

2294 726 2430 768 rum
2482 714 2704 771 scilicet
2751 720 2807 771 et
2843 715 3210 788 iniquorum,
3253 716 3367 771 hoc
3415 720 3507 772 est
3547 732 3766 772 eorum
3813 733 3970 788 quos

2297 802 2554 872 gratuita
2578 803 2990 860 misericordia
3020 804 3121 860 Dei
3144 804 3514 878 praeveniens
3539 805 3970 876 justiﬁcandos

2295 893 2602 965 convertit,
2647 893 3050 964 gloriticatura
3099 911 3442 962 conversos,
3475 900 3768 952 eteorum
3813 912 3971 969 quos

2290 981 2456 1054 justa
2483 982 2586 1038 Dei
2616 984 2899 1040 severitas
2931 984 2991 1040 in
3020 985 3281 1058 peccatis
3303 983 3662 1058 derelinquit
3676 985 3974 1058 punitum

2295 1071 2638 1143 damnatos,
2683 1073 2954 1145 superior
2999 1089 3222 1140 sermo,
3253 1073 3314 1129 in
3338 1079 3638 1147 quantum
3670 1076 3972 1131 Dominus

2293 1159 2678 1233 pusillitatem
2718 1165 2989 1218 nostram
3024 1162 3307 1232 dignatus
3337 1167 3425 1220 est
3471 1162 3788 1234 adjuvare,
3841 1180 3974 1236 per-

2295 1252 2609 1305 tractatam
2658 1250 2920 1306 continet
2968 1255 3026 1307 et
3074 1251 3332 1308 solutam
3376 1269 3390 1307 :
3430 1252 3512 1308 ita
3557 1257 3622 1308 ut
3667 1253 3950 1326 plerique

2299 1337 2437 1395 licet
2463 1338 2526 1394 in
2555 1355 2626 1395 ea
2657 1339 2848 1396 solent
2872 1357 2994 1396 non
3022 1340 3226 1398 leviter
3253 1342 3611 1414 permoveri,
3632 1342 3813 1398 facile
3836 1320 3976 1416 pos:

2301 1427 2421 1484 sint
2457 1432 2516 1484 et
2558 1428 2902 1486 divinorum
2945 1430 3233 1486 librorum
3262 1431 3613 1487 testimoniis
3640 1432 3888 1498 instrui,
3919 1438 3977 1487 et

2303 1518 2362 1574 S.
2408 1516 2724 1587 Augustini
2767 1517 2955 1587 libris,
3004 1523 3062 1574 et
3107 1519 3377 1591 Prosperi
3418 1520 3808 1575 eruditissimi
3863 1521 3972 1576 viri

529 1619 788 1683 differre,
854 1615 1136 1689 quamvis
1195 1612 1467 1680 subdole,
1537 1609 1857 1667 conﬁteris.
1924 1605 2184 1663 Dicendo
2217 1623 2256 1677 Β
2296 1606 2794 1678 responsionibus
2834 1607 3165 1674 informari,
3193 1607 3414 1681 quibus
3441 1614 3778 1680 agnoscant
3807 1626 3971 1683 prae.-

528 1707 775 1780 quippe,
805 1705 994 1762 omnis
1018 1703 1470 1775 praedestinatio
1497 1700 1900 1771 prwscientia,
1932 1713 2052 1753 non
2083 1711 2188 1753 au-

518 1804 644 1854 tem
676 1797 864 1852 omnis
895 1795 1274 1865 praescienlia
1305 1791 1780 1862 praedestinatio,
1812 1787 2076 1862 profecto
2115 1801 2188 1841 ea

529 1885 734 1957 aliquo
781 1883 966 1940 modo
1013 1880 1249 1938 differre
1293 1880 1693 1936 demonstras.
1740 1879 1978 1947 Verum,
2021 1871 2189 1948 quod

526 1972 968 2048 praescientiam
993 1968 1585 2044 praedestinationem
1610 1982 1955 2039 nuncupas,
1987 1981 2024 2021 a
2045 1977 2188 2019 vero

529 2064 732 2121 devias
755 2082 768 2119 :
800 2077 997 2135 neque
1023 2059 1184 2117 enim
1205 2058 1586 2129 prmscientia
1607 2062 1698 2114 est
1721 2052 2187 2130 praedestinatio,

527 2170 726 2227 neque
763 2149 1211 2225 praedestinatio
1249 2148 1646 2222 praescientia,
1687 2144 1966 2220 quamvis
2003 2159 2187 2216 praes-

529 2243 744 2300 cientia
768 2257 879 2316 pro
904 2239 1428 2314 praedestinatione
1452 2237 1639 2295 soleat
1661 2234 1974 2309 aliquoties
2002 2231 2184 2306 poni;

527 2333 712 2390 veluti
741 2347 882 2388 cum
907 2329 1056 2386 dixit
1092 2328 1416 2402 Apostolus
1460 2346 1472 2384 :
1511 2326 1850 2384 Secundum
1877 2323 2190 2395 praescien-

530 2426 676 2480 tiam
700 2423 815 2479 Dei
838 2422 1050 2478 electos
1083 2419 1339 2491 (1.Petr.
1368 2434 1406 2486 ι,
1424 2418 1503 2490 2),
1526 2416 1731 2489 utique
1750 2412 2188 2488 praescientiam

526 2527 639 2585 pro
669 2509 1194 2583 praedestinatione
1219 2507 1490 2580 posuisse
1511 2505 1857 2575 intelligitur
1884 2521 1897 2561 :
1930 2502 2188 2576 prinde:-

528 2600 740 2656 tinatio
768 2614 911 2653 vero
931 2613 1041 2670 pro
1067 2596 1440 2668 praescientia
1466 2610 1772 2667 nusquam
1802 2593 1998 2666 posita
2017 2607 2188 2664 repe-

526 2687 697 2744 ritur.
723 2684 976 2741 Proinde
1005 2682 1333 2739 dicendum
1347 2682 1558 2750 fuerat,
1579 2682 1734 2738 sicut
1752 2679 2187 2736 memorandus

525 2779 698 2834 Pater
727 2772 1094 2844 Augustinus
1123 2771 1272 2828 dixit
1308 2771 1402 2844 (de
1429 2770 1720 2827 Prwdest.
1768 2770 2001 2840 Sanct.,
2051 2784 2184 2841 cap.

530 2864 641 2937 10),
665 2862 810 2938 quia
829 2859 1276 2935 praedestinatio
1307 2858 1431 2916 sine
1451 2858 1827 2933 przescientia
1847 2873 1968 2914 non
1993 2861 2190 2930 potest

525 2971 654 3012 esse
659 2997 677 3026 ,
703 2956 903 3027 potest
928 2956 1130 3009 autem
1149 2965 1281 3007 esse
1302 2950 1428 3006 sine
1452 2947 1975 3023 praedestinatione
2003 2964 2188 3020 praes—
2217 2976 2257 3032 ο

525 3044 760 3104 cientia.
787 3042 942 3110 Quid
963 3041 1293 3100 claritatem
1308 3039 1607 3097 dictorum
1635 3037 1958 3096 obnubilas
1986 3038 2014 3094 ?
2040 3036 2188 3111 quid

525 3151 718 3208 aquas
754 3131 1114 3206 purissimas
1153 3129 1482 3186 faeculentis
1515 3126 2024 3202 disputationibus
2071 3131 2187 3182 tur-

522 3224 638 3282 bas
663 3226 690 3280 ?
718 3225 833 3280 Cur
861 3237 972 3278 nos
1001 3237 1039 3278 a
1064 3218 1186 3276 vivi
1223 3218 1403 3284 fontis
1431 3221 1579 3291 potu
1607 3217 1932 3291 purissimo
1957 3215 2035 3272 ad
2080 3231 2188 3272 ets-

527 3319 730 3370 ternas
757 3327 889 3383 quae
915 3327 1036 3366 non
1067 3311 1274 3366 valent
1301 3323 1490 3380 aquas
1521 3307 1826 3363 continere
1847 3306 1988 3378 (Jer.
2022 3321 2084 3375 II,
2104 3304 2185 3377 13)

525 3400 790 3458 traducis
818 3400 846 3455 ?
886 3403 1110 3469 Nempe
1136 3412 1277 3451 cum
1307 3395 1537 3468 aliquid
1565 3411 1677 3468 pro
1707 3394 1893 3451 altero
1923 3393 2184 3466 ponitur,

526 3490 690 3546 aliud
715 3502 960 3542 necesse
998 3489 1086 3540 est
1117 3485 1190 3540 sit
1219 3485 1386 3556 quod
1422 3485 1683 3557 ponitur,
1725 3484 1890 3541 aliud
1927 3499 2037 3556 pro
2066 3498 2188 3556 quo

526 3576 790 3650 ponitur.
833 3576 901 3630 Et
938 3589 1077 3628 cum
1103 3571 1320 3628 dicitur
1347 3572 1811 3644 praedestinatio,
1843 3588 1968 3628 non
1996 3574 2192 3645 potest

527 3681 663 3723 esse
712 3664 842 3720 sine
886 3659 1296 3734 praescientia;
1337 3659 1711 3733 praescientia
1758 3665 1958 3717 autem
1996 3665 2193 3734 potest

528 3769 658 3810 esse
714 3753 841 3808 sine
896 3748 1440 3825 prredestinatione,
1491 3748 1806 3822 perspicue
1854 3749 2191 3808 declaratur

529 3843 694 3900 aliud
723 3857 853 3898 esse
889 3838 1336 3914 praescientiam
1380 3842 1559 3912 atque
1603 3837 1766 3896 aliud
1794 3839 2189 3913 praedestina-

525 3934 775 3991 tionem.
808 3931 948 3988 Ideo
975 3930 1200 4003 quippe
1226 3929 1672 4003 prmdestinatio
1693 3945 1819 3987 non
1841 3933 2042 4005 potest
2061 3947 2190 3988 esse

530 4025 660 4080 sine
689 4019 1082 4095 praescientia,
1099 4019 1244 4092 quia
1266 4019 1471 4075 nullus
1494 4019 1609 4075 nisi
1636 4019 2008 4093 praesciendo
2036 4037 2190 4094 pree-

529 4113 791 4168 destinat
813 4127 826 4164 :
854 4124 1030 4165 nemo
1051 4108 1213 4164 enim
1233 4108 1560 4164 nesciendo
1576 4109 1989 4182 prtedestinat;
2017 4126 2195 4183 praes-

533 4199 748 4254 cientia
791 4211 934 4252 vero
981 4194 1205 4251 idcirco
1252 4195 1381 4252 sine
1420 4195 1943 4268 praedestinatione
1997 4201 2192 4270 potest

2300 1694 2766 1753 destinationem
2805 1696 2906 1753 Dei
2935 1697 3083 1753 nihil
3121 1696 3286 1753 aliud
3322 1714 3470 1766 esse,
3509 1699 3624 1754 nisi
3660 1714 3972 1771 prepara—

2295 1784 2519 1841 tionem
2565 1802 2818 1859 operum
2863 1787 3014 1859 ejus,
3057 1804 3193 1860 quae
3241 1787 3302 1844 in
3344 1792 3566 1844 aeterna
3604 1804 3716 1845 sua
3757 1789 3971 1861 dispo-

2297 1873 2529 1946 sitione,
2561 1879 2669 1932 aut
2704 1875 3164 1932 misericorditer
3203 1893 3265 1932 se
3307 1877 3602 1934 facturum
3636 1877 3963 1950 praescivit,

2299 1966 2402 2020 aut
2436 1963 2617 2034 juste.
2664 1968 2731 2021 Et
2777 1965 2922 2038 quia
2964 1966 3026 2021 in
3079 1966 3338 2040 peccatis
3390 1982 3500 2022 nec
3547 1965 3964 2024 misericordia

2299 2053 2605 2110 invenitur
2622 2071 2734 2111 nec
2744 2055 2975 2127 justitia
3009 2073 3022 2111 :
3055 2056 3312 2128 ideoque
3336 2072 3580 2112 omnem
3609 2056 3961 2130 iniquorum

2297 2141 2525 2198 malam
2574 2143 2946 2201 voluntatem
2998 2161 3123 2218 qua
3179 2150 3431 2218 peccant
3471 2162 3508 2201 a
3553 2146 3671 2201 Deo
3717 2147 3962 2218 praesci-

2297 2234 2446 2305 tam,
2483 2248 2606 2289 non
2649 2237 2850 2290 tamen
2881 2250 3012 2291 esse
3053 2250 3089 2290 a
3129 2238 3248 2291 Deo
3279 2235 3789 2308 praedestinatam,
3818 2252 3959 2292 cum

2297 2319 2496 2394 ipsam
2543 2322 2911 2380 voluntatem
2961 2323 3187 2380 malam
3236 2339 3359 2380 non
3405 2322 3573 2380 aliter
3613 2328 3812 2380 essent
3857 2325 3963 2381 ha-

2293 2409 2503 2480 bituri,
2533 2411 2648 2468 nisi
2685 2412 2748 2468 in
2785 2428 2857 2470 eo
2893 2413 3061 2486 quod
3099 2413 3354 2470 fuissent
3389 2429 3427 2470 a
3469 2413 3720 2470 Domino
3762 2430 3962 2470 reces-

2296 2500 2440 2568 suri,
2490 2517 2600 2558 nec
2649 2505 2839 2559 Deum
2893 2503 3352 2576 praedestinasse
3398 2502 3816 2560 discessionem
3853 2505 3961 2561 ho-

2295 2588 2475 2644 minis
2505 2606 2542 2646 a
2573 2607 2655 2656 se,
2688 2608 2827 2648 cum
2857 2609 3044 2649 causa
3081 2593 3249 2666 ipsus
3277 2592 3646 2649 discessionis
3670 2591 3796 2647 sola
3842 2609 3953 2648 vo-

2293 2677 2557 2735 luntaria
2586 2687 2742 2736 esset
2781 2682 3012 2738 aversio
3040 2682 3390 2756 peccatoris,
3418 2699 3552 2756 quae
3582 2682 3716 2756 quia
3746 2681 3953 2738 Deum

2295 2765 2495 2824 futura
2558 2784 2682 2826 non
2744 2769 2916 2827 latuit
2981 2771 3044 2828 in
3109 2776 3332 2828 aeterna
3393 2771 3753 2844 prtescientia
3818 2773 3958 2842 ejus

2295 2861 2698 2929 praeparatam
2749 2859 2862 2915 sibi
2905 2875 3152 2933 poenam
3188 2861 3369 2932 justae
3411 2859 3806 2917 retributionis
3860 2860 3958 2916 in-

2293 2944 2501 3017 venit]

2373 3033 2415 3103 ἦ
2429 3035 2656 3100 Quibus
2677 3037 3130 3094 deﬁnitionibus
3151 3041 3496 3095 sanctorum
3511 3041 3751 3094 Patrum
3768 3038 3957 3113 liquet

2294 3126 2460 3186 aliud
2489 3143 2622 3183 esse
2651 3127 3106 3200 praescientiam.
3146 3127 3312 3184 aliud
3339 3127 3950 3201 prtedestinationem.

2297 3217 2412 3276 Sed
2441 3232 2581 3272 cum
2607 3215 2755 3271 dicis
2785 3231 2798 3270 :
2830 3217 2977 3273 Sola
2999 3232 3135 3273 vero
3151 3218 3528 3287 praescientia
3546 3218 3676 3274 sine
3698 3218 3954 3288 przdes-

2298 3307 2590 3363 tinatione
2606 3305 2845 3361 omnino
2861 3307 3160 3363 malorum
3177 3312 3282 3377 est,
3305 3322 3432 3379 quas
3451 3308 3608 3362 Deus
3624 3323 3750 3363 non
3767 3307 3918 3376 facit
3933 3320 3956 3376 ;

2296 3411 2507 3452 verum
2527 3398 2638 3465 est,
2659 3393 2710 3449 si
2725 3398 2927 3450 tamen
2947 3395 3248 3452 malorum
3272 3395 3516 3452 nomine
3536 3400 3817 3468 peccata,
3838 3411 3956 3451 non

2297 3483 2476 3540 etiam
2519 3499 2731 3540 eorum
2775 3499 2990 3556 poenas
3036 3483 3333 3555 intelligis,
3383 3500 3536 3557 quas
3572 3486 3696 3541 Deo
3726 3485 3954 3540 vindice

2297 3573 2543 3630 retribui
2581 3571 2782 3628 nullus
2826 3573 3256 3631 catholicorum
3303 3578 3501 3644 negat.
3548 3576 3740 3631 Porro
3775 3574 3957 3631 malo-

2296 3679 2434 3719 rum
2463 3662 2898 3735 preescientiam
2936 3662 3161 3734 dicens,
3204 3663 3416 3736 utquid
3456 3663 3742 3736 superius
3780 3663 3959 3721 malo-

2297 3767 2435 3808 rum
2464 3751 2901 3824 praescientiam
2935 3752 3223 3825 tantisper
3254 3753 3592 3823 negaveris,
3621 3759 3731 3810 aut
3759 3759 3956 3810 utrum

2298 3841 2361 3897 in
2391 3839 2482 3896 his
2505 3840 2684 3896 etiam
2708 3840 2906 3897 verbis
2931 3840 3046 3897 tuis
3070 3858 3108 3898 a
3133 3842 3426 3898 contrario
3449 3841 3782 3899 identidem
3811 3843 3954 3900 velis

2299 3929 2545 4001 intelligi
2587 3944 2711 3986 non
2750 3929 2958 3986 elucet.
3011 3929 3184 3996 Quod
3221 3931 3270 3986 si
3313 3931 3663 4002 admittitur,
3709 3949 3956 4006 prorsus

2299 4018 2447 4075 nihil
2493 4035 2625 4076 esse
2675 4018 3064 4077 convincitur.
3108 4023 3324 4077 Verum
3371 4036 3446 4076 ne
3494 4021 3571 4077 de
3627 4023 3956 4078 contrario-

2299 4125 2435 4166 rum
2467 4107 2665 4165 adhuc
2695 4109 3026 4182 capacitate
3055 4109 3344 4181 queraris,
3376 4109 3684 4167 fatendum
3712 4117 3807 4167 est
3835 4111 3957 4167 ﬁde

2299 4197 2668 4254 inconcussa
2693 4198 2859 4270 quod
2889 4212 3087 4271 neque
3106 4197 3575 4270 praedestinatio,
3592 4215 3790 4272 neque
3806 4199 3958 4271 judi-

527 4303 686 4358 esse,
707 4286 1000 4359 quoniam
1026 4284 1217 4341 multa
1245 4288 1500 4356 possunt
1527 4285 1663 4341 sciri
1693 4289 1873 4358 atque
1903 4287 2185 4359 praesciri,
2218 4329 2264 4383 D
2302 4285 2462 4341 cium
2496 4285 2598 4341 Dei
2629 4285 2960 4341 secundum
2990 4286 3322 4359 quemdam
3350 4287 3604 4344 modum
3633 4289 3955 4345 contrario-

531 4392 668 4449 quaa
696 4375 1037 4432 nullatenus
1061 4371 1580 4446 praedestinentur.

605 4467 728 4522 Hoc
755 4464 939 4521 habet
978 4461 1246 4519 deﬁnitio
1293 4461 1628 4518 beatissimi
1656 4462 1993 4532 Augustini,
2031 4464 2190 4522 hanc

535 4558 868 4630 sequuntur
897 4565 1110 4610 omnes
1139 4549 1414 4608 catholici
1443 4551 1784 4608 divinorum
1814 4552 2192 4626 eloquiorum

507 4649 904 4714 ,tractatores,
959 4657 1221 4715 quorum
1266 4643 1518 4712 Prosper
1565 4640 1649 4697 ita
1697 4640 1990 4699 adversus
2034 4644 2194 4702 Pela-

537 4735 768 4804 gianos,
799 4735 1080 4806 parentes
1105 4734 1262 4797 tuos,
1299 4744 1489 4800 agens
1523 4728 1788 4803 loquitur
1815 4731 1916 4803 (ad
1943 4733 2190 4803 capital.

540 4824 725 4889 Gatl.,
751 4837 886 4892 cap.
921 4821 1009 4892 45)
1041 4836 1053 4875 :
1088 4818 1223 4891 [Qui
1250 4818 1687 4892 praescientiam
1714 4819 1817 4875 Dei
1846 4819 1908 4875 in
1929 4821 2094 4878 nullo
2114 4821 2193 4878 ab

535 4910 724 4980 ipsius
750 4909 1279 4980 praedestinatione
1299 4907 1604 4976 discernit,
1627 4909 1793 4981 quod
1809 4909 2193 4968 tribuendum

538 5003 628 5054 est
655 4999 774 5054 Deo
800 5001 874 5052 de
903 4996 1100 5064 bonis,
1135 4996 1252 5053 hoc
1290 4997 1343 5052 ei
1387 4997 1568 5055 etiam
1611 4997 1685 5055 de
1727 4998 1902 5058 malis
1943 5004 2196 5060 conatur

539 5086 864 5144 ascribere:
893 5085 999 5141 sed
1027 5101 1168 5142 cum
1186 5085 1352 5143 bona
1379 5087 1459 5143 ad
1480 5087 1825 5158 largitorem
1847 5094 2196 5160 cooperato-

536 5192 786 5251 remque
812 5191 1021 5232 eorum
1039 5176 1250 5246 Deum,
1274 5176 1439 5234 mala
1467 5180 1669 5234 autem
1691 5174 1770 5231 ad
1789 5174 2193 5236 voluntariam

535 5266 845 5326 rationalis
875 5269 1160 5322 creaturae
1199 5265 1530 5337 nequitiam
1570 5263 1882 5321 referenda
1912 5263 2047 5337 sint,
2079 5267 2193 5324 du-

535 5356 707 5414 bium
735 5371 860 5413 non
891 5359 978 5411 est
1008 5353 1134 5410 sine
1160 5352 1283 5409 ulla
1303 5351 1618 5425 temporali
1651 5350 1984 5410 differentia
2004 5355 2192 5413 Deum

537 5446 916 5520 etprrisscissc
933 5443 1111 5499 simul
1136 5447 1192 5498 et
1215 5441 1679 5513 prmdcstinasse
1707 5456 1842 5512 qum
1870 5442 2001 5516 ipso
2025 5450 2192 5503 erant

536 5539 779 5592 auctore
799 5533 1095 5602 facienda,
1117 5530 1212 5586 vel
1235 5545 1369 5601 quae
1399 5528 1573 5584 malis
1598 5528 1822 5585 meritis
1835 5532 1999 5603 justo
2023 5539 2192 5593 erant

532 5623 760 5695 judicio
797 5619 1146 5689 tribuenda;
1173 5616 1481 5692 praescisse
1512 5620 1712 5676 autem
1742 5621 2182 5698 tantummodo,

2300 4392 2436 4432 rum
2477 4374 2726 4447 capacia
2763 4379 2918 4432 recte
2959 4376 3253 4447 dicantur,
3296 4395 3438 4434 cum
3475 4378 3538 4435 in
3567 4379 3654 4435 eis
3683 4379 3838 4436 nihil
3886 4379 3955 4434 sit

2301 4464 2550 4520 omnino
2571 4465 2954 4521 contrarium.
2975 4466 3066 4522 Ad
3085 4467 3672 4540 praedestinationem
3693 4485 3953 4542 namque

2300 4569 2370 4610 ac
2421 4553 2719 4624 judicium
2777 4554 2877 4610 Dei
2923 4555 3071 4612 nihil
3111 4562 3326 4629 praeter
3366 4558 3849 4616 misericordiam
3905 4562 3955 4614 et

2296 4642 2606 4715 justitiam,
2637 4642 2733 4698 vel
2761 4643 3222 4719 quibuscunque
3248 4647 3378 4703 aliis
3397 4648 3708 4705 vocabulis
3726 4663 3957 4704 nuncu-

2299 4736 2536 4806 pentur,
2564 4732 2857 4805 pertinere
2886 4738 3114 4792 certum
3141 4739 3234 4792 est
3263 4753 3277 4793 :
3308 4753 3445 4810 quae
3469 4737 3817 4795 nullatenus
3846 4737 3956 4793 sibi

2302 4821 2420 4879 dici
2455 4822 2659 4879 valent
2695 4824 3014 4896 contraria,
3059 4826 3350 4898 quoniam
3377 4831 3435 4883 et
3461 4828 3883 4886 misericordia
3909 4831 3955 4883 et

2297 4912 2527 4983 justitia
2550 4911 2785 4985 absque
2813 4913 3281 4973 contradictione
3321 4915 3486 4974 bona
3523 4923 3685 4989 sunt,
3728 4918 3835 4975 illo
3875 4917 3954 4973 ni-

2301 5000 2524 5056 mirum
2561 5006 2824 5072 auctore,
2870 5003 2976 5075 qui
3019 5019 3257 5061 summe
3299 5021 3435 5062 vere
3477 5006 3955 5081 sempiterneque

2299 5088 2499 5144 bonus
2532 5094 2639 5162 est,
2671 5095 2728 5147 et
2757 5107 2794 5148 a
2831 5107 2952 5165 quo
2983 5096 3071 5148 est
3101 5093 3397 5166 quidquid
3427 5094 3573 5151 boni
3603 5099 3716 5152 est.
3751 5103 3838 5156 Ac
3864 5111 3958 5172 per

2299 5179 2416 5236 hoc
2459 5179 2509 5235 si
2559 5180 2695 5252 quis
2736 5181 3210 5239 misericordiam
3240 5187 3296 5240 et
3332 5184 3626 5256 justitiam
3666 5186 3780 5243 Dei
3811 5188 3957 5245 bona

2301 5283 2433 5325 esse
2485 5269 2810 5342 negaverit,
2862 5269 3004 5327 ﬁdei
3048 5271 3352 5329 catholicae
3397 5272 3684 5330 inimicus
3734 5276 3956 5349 absque

2301 5357 2487 5415 dubio
2524 5359 2971 5432 comprobatur.
3007 5359 3090 5418 Sit
3118 5377 3259 5432 ergo
3287 5362 3750 5435 praedestinatio
3791 5373 3851 5424 et
3879 5367 3958 5438 ju-

2300 5448 2525 5504 dicium
2552 5448 2653 5505 Dei
2681 5465 3072 5523 nequaquam
3099 5453 3534 5509 contrariorum
3565 5471 3798 5529 capax,
3830 5457 3954 5531 qui:

2299 5554 2435 5610 quae
2478 5538 2643 5594 bona
2682 5537 2848 5595 bono
2891 5543 3156 5611 auctore,
3197 5541 3470 5598 videlicet
3499 5543 3644 5615 Deo,
3677 5548 3956 5604 existunt.

2299 5626 2600 5686 contraria
2626 5627 2740 5686 sibi
2770 5644 2899 5688 esse
2918 5629 3259 5690 nullatenus
3283 5636 3554 5706 possunt.
3581 5636 3854 5710 Prosper
3873 5634 3961 5707 (ad
