4128 6200
175 249 310 306 1169

170 371 377 440 object.
412 367 671 437 Gallor.,
695 382 828 437 cap.
852 368 903 440 6)
929 385 942 423 :
975 368 1586 440 [Prindestinationem
1615 371 1818 424 autem
1845 371 1894 426 Α

171 458 269 514 Dei
298 460 424 514 sive
452 457 532 514 ad
560 457 813 524 bonum,
844 457 966 513 sive
997 457 1075 514 ad
1104 459 1334 515 malum
1377 460 1439 515 in
1468 457 1819 515 hominibus

170 545 406 622 operari
432 545 801 619 ineptissime
831 546 1064 614 dicitur,
1094 551 1160 604 ut
1177 547 1256 604 ad
1286 553 1609 622 utrumque
1629 546 1821 604 homi-

171 653 274 694 nes
299 635 588 710 queedam
634 635 956 694 necessitas
986 636 1254 694 videatur
1304 637 1648 711 impellere;
1681 651 1820 692 cum

171 727 232 784 in
249 725 424 783 bonis
452 724 732 782 voluntas
757 725 831 782 sit
854 725 1242 797 intelligenda
1259 727 1333 783 de
1364 727 1576 799 gratia,
1598 726 1661 781 in
1688 740 1819 782 ma-

172 817 244 874 lis
263 819 463 872 autem
475 813 757 871 voluntas
782 814 1169 886 intelligenda
1189 816 1316 874 sine
1342 816 1577 888 gratia].
1600 816 1634 882 ἦ·
1655 815 1820 871 Idem

174 910 424 978 Prosper
453 904 674 977 (Ibid).
711 903 1175 978 [Praedestinatio
1219 906 1399 977 igitur
1436 907 1538 963 Dei
1585 921 1823 978 semper

172 996 235 1052 in
260 995 422 1052 bono
453 997 560 1066 est,
593 998 697 1050 aut
727 994 804 1050 ad
844 994 1294 1052 retributionem
1318 996 1580 1068 justitiae,
1611 999 1713 1053 aut
1742 994 1822 1052 ad

170 1084 556 1140 donationem
577 1083 832 1157 pertinet
856 1084 1154 1156 gratiae.]+
1168 1085 1330 1142 Idem
1346 1089 1594 1159 Prosper
1605 1084 1771 1157 (Ibid.
1782 1085 1818 1154 ):

171 1173 609 1230 Praedestinatio
632 1189 876 1247 quoque
899 1175 1000 1230 Dei
1021 1191 1259 1248 semper
1283 1175 1345 1231 in
1370 1175 1534 1231 bono
1552 1178 1661 1246 est,
1682 1190 1819 1247 quae

170 1265 481 1336 peccatum
512 1261 639 1319 sola
659 1262 923 1320 hominis
943 1263 1250 1320 voluntate
1281 1264 1696 1333 commissum,
1719 1267 1824 1320 aut

167 1351 588 1408 remittendum
620 1353 788 1410 novit
835 1369 975 1408 cum
1028 1354 1208 1410 laude
1239 1353 1684 1420 misericordiae,
1719 1355 1822 1410 aut

165 1439 546 1513 plectendum
594 1457 734 1498 cum
790 1441 968 1498 laude
1015 1442 1303 1514 justitias.]
1341 1443 1377 1510 -Ῑ-
1424 1442 1718 1514 Adjungis
1764 1445 1821 1498 et

165 1529 336 1586 dicis.

727 1636 969 1678 JOANNES
1021 1637 1245 1679 SCOTUS.

237 1730 399 1800 (Cap.
437 1727 519 1796 ll,
551 1743 721 1784 num.
756 1732 811 1800 8,
858 1733 997 1787 sect.
1042 1733 1122 1799 7.)
1161 1735 1200 1784 Θ
1246 1731 1324 1786 Et
1354 1745 1429 1787 ne
1470 1730 1636 1786 ullus
1680 1729 1822 1786 inde
1851 1743 1890 1798 Β

164 1818 482 1886 dubitaret,
532 1818 798 1888 adjecit:
849 1819 1165 1891 [Quocirca
1207 1820 1660 1890 praedestinatio
1711 1819 1822 1876 Dei

163 1923 294 1980 qua
311 1909 374 1963 in
402 1907 550 1963 bono
581 1912 686 1977 est,
708 1909 922 1978 gratim
941 1914 1025 1964 est
1041 1911 1429 1979 praeparatio,
1455 1911 1656 1980 gratia
1681 1923 1818 1965 vero

164 2003 249 2054 est
275 1999 458 2067 ipsius
477 1998 1029 2067 praedestinationis
1059 1999 1346 2070 effectus]
1378 1999 1542 2055 Idem
1572 1999 1635 2053 in
1664 1999 1818 2054 libro

163 2087 236 2142 de
258 2088 420 2143 Dono
451 2088 917 2157 perseverantiae
954 2089 1156 2145 eadem
1180 2089 1430 2158 planius
1487 2087 1682 2158 aperit
1733 2087 1820 2143 di-

164 2192 332 2234 cens:
357 2176 500 2248 [Ista
529 2178 720 2248 igitur
739 2192 848 2233 sua
874 2177 1034 2234 dona
1065 2177 1514 2250 quibuscunque
1540 2178 1696 2233 Deus
1717 2176 1818 2232 do-

162 2271 288 2337 nat,
311 2268 532 2338 procul
556 2267 736 2323 dubio
769 2282 830 2324 se
876 2268 1164 2324 daturum
1194 2283 1315 2325 esse
1335 2267 1638 2338 praesciuit
1669 2271 1724 2323 et
1752 2267 1816 2323 in

160 2372 268 2412 sua
289 2357 672 2427 praescientia
710 2359 1107 2428 praeparavit,
1139 2373 1294 2431 quos
1345 2373 1485 2428 ergo
1510 2355 1816 2429 praedesti-

160 2446 323 2502 navit
345 2445 509 2520 ipsos
539 2450 597 2503 et
624 2447 860 2503 vocavit
892 2447 1082 2518 (Rom.
1116 2464 1190 2517 XI,
1221 2451 1336 2514 29),
1367 2448 1676 2504 vocatione
1701 2446 1815 2503 illa

161 2536 232 2592 de
257 2551 375 2606 qua
421 2535 646 2592 dictum
677 2545 758 2591 est
782 2552 795 2591 :
839 2535 974 2592 Sine
1003 2536 1353 2609 poenitentia
1378 2539 1517 2592 sunt
1564 2534 1730 2592 dona
1756 2537 1815 2591 et

158 2624 390 2680 vocatio
416 2624 517 2680 Dei
542 2641 554 2678 :
584 2625 857 2695 Namque
877 2625 940 2681 in
965 2640 1096 2694 sua,
1127 2641 1259 2697 quae
1285 2626 1434 2696 falli
1469 2625 1814 2696 mutarique

157 2728 280 2768 non
295 2717 504 2782 potest,
528 2715 932 2782 praescienlia,
956 2729 1137 2784 opera
1157 2729 1268 2771 sua
1292 2716 1510 2784 futura
1535 2714 1809 2784 dispone-

159 2816 244 2870 re,
273 2801 336 2856 id
361 2803 597 2858 omnino
625 2817 732 2860 nec
761 2803 935 2859 aliud
953 2804 1279 2876 quidquam
1309 2810 1394 2861 est
1407 2804 1809 2874 praedestina-

154 2890 264 2966 re.]
293 2893 451 2948 Huic
474 2894 823 2950 clarissimae
849 2893 1006 2951 tubce
1025 2900 1206 2967 atque
1231 2897 1616 2965 apertissima?
1636 2895 1810 2951 Chri-

151 2981 489 3037 stianorum
537 2987 865 3038 castrorum
913 2985 1045 3054 quis
1097 2985 1406 3041 dissonare
1428 2983 1807 3055 praesumat?

151 3086 287 3143 quae
333 3073 708 3140 apertissima
758 3087 896 3130 voce
947 3088 1227 3130 resonare
1283 3090 1403 3130 non
1442 3074 1677 3130 desinit.
1741 3073 1808 3128 Id
1833 3097 1876 3150 ο

149 3162 390 3218 omnino
429 3177 536 3218 nec
579 3163 751 3218 aliud
797 3179 916 3220 esse
951 3164 1137 3220 Deum
1166 3163 1598 3234 praedestinare
1627 3177 1805 3235 quam

150 3252 524 3322 prmscientia
551 3267 661 3309 sua
706 3268 909 3324 opera,
938 3269 1072 3326 qua?
1107 3254 1232 3324 ipse
1273 3253 1553 3325 facturus
1598 3256 1807 3324 fuerat

157 3341 487 3410 disponere.

817 3466 1138 3508 CORRECTIO.

225 3555 261 3620 τ·
287 3557 369 3610 Tu
397 3555 522 3611 sine
549 3555 735 3613 dubio
779 3557 919 3613 huic
958 3557 1304 3614 clarissimae
1337 3557 1492 3614 tubae
1524 3573 1712 3614 ausus
1741 3572 1804 3613 es

147 3642 483 3706 dissonare,
516 3644 619 3715 qui
663 3649 872 3700 contra
901 3646 1211 3716 Augustini
1237 3646 1648 3702 deﬁnitionem
1679 3661 1804 3702 ma-

149 3731 287 3802 gnis
315 3738 611 3804 quantum
645 3733 705 3789 in
735 3739 788 3790 te
809 3738 895 3790 est
916 3734 1334 3807 disputationis
1359 3734 1590 3791 efficere
1617 3734 1805 3792 volui-

149 3821 244 3886 sti,
280 3821 425 3876 nihil
456 3821 622 3878 aliud
661 3822 1252 3896 prredestinationem
1305 3825 1407 3880 Dei
1435 3841 1621 3898 quam
1650 3840 1803 3898 prae-

149 3910 463 3967 scientiam
491 3912 620 3983 ejus
662 3912 878 3969 debere
910 3913 1137 3986 accipi:
1173 3917 1229 3970 et
1256 3913 1408 3970 inter
1437 3930 1621 3987 opera
1647 3914 1803 3970 illius

147 4015 365 4072 poenas
396 4017 552 4074 quas
597 4002 987 4074 peccantibus
1035 4003 1192 4075 juste
1235 4003 1616 4076 praeparavit,
1642 4002 1808 4058 nullo

147 4089 339 4145 modo
364 4091 722 4162 computari.
756 4091 876 4148 Hoc
925 4093 1123 4166 ipsum
1172 4092 1536 4149 deﬁnitionis
1580 4091 1808 4148 ratione

146 4177 408 4233 moliens
458 4177 777 4244 afﬁrmare,
818 4182 1037 4238 transis
1095 4181 1174 4238 ad
1226 4180 1664 4251 conglutinatas
1703 4179 1810 4236 tibi

147 4267 770 4342 consuetissimasque
812 4270 1423 4338 ratiocinatiunculas,
1455 4269 1680 4344 quibus
1712 4286 1811 4326 ve-

143 4355 346 4411 ritatis
378 4357 754 4414 munimenta
786 4360 1160 4429 confringere
1185 4359 1570 4428 machinaris,
1618 4375 1809 4432 caque

145 4444 231 4500 ab
261 4444 383 4500 alio
411 4444 833 4519 disputationis
862 4447 1029 4504 initio
1053 4449 1287 4505 ordiris.

814 4629 1038 4683 CAPUT
1075 4627 1186 4683 XII.

472 4771 555 4825 De
579 4769 922 4838 deﬁnitione
940 4769 1510 4839 prcedestinatiom‘s.

225 4891 637 4949 Duodecimus
682 4893 862 4964 igitur
888 4892 1368 4966 disputationum
1409 4897 1649 4950 tuarum
1680 4893 1814 4950 titu-

140 4981 248 5037 lus
280 4985 402 5037 est:

729 5107 967 5147 JOANNES
1015 5107 1242 5148 SCOTUS.

221 5197 430 5267 (Num.
462 5213 500 5266 ι,
533 5202 674 5254 sect.
699 5199 764 5269 1.)
789 5202 829 5251 Θ
856 5199 944 5254 De
970 5198 1313 5267 deﬁnitione
1348 5201 1822 5271 praedestinatio-

136 5287 269 5342 nis.
299 5286 447 5343 Fiat
488 5287 690 5358 igitur,
725 5287 1024 5360 inquiens,
1054 5289 1236 5360 hujus
1282 5291 1643 5360 deﬁnitionis
1687 5305 1823 5344 con—

133 5376 353 5433 versio
381 5376 497 5432 sic:
529 5375 596 5433 Si
624 5392 828 5434 verum
858 5383 941 5434 est
979 5394 1110 5445 sua,
1138 5395 1269 5451 qum
1311 5381 1457 5440 falli
1482 5378 1823 5448 mutarique

129 5481 275 5521 non
302 5472 521 5534 potest,
548 5469 926 5536 praescientia
963 5484 1143 5538 opera
1164 5469 1380 5538 futura
1400 5469 1731 5537 disponere,
1759 5467 1825 5522 id

133 5554 404 5609 omnino
426 5569 532 5609 nec
547 5557 722 5610 aliud
734 5558 1059 5628 quidquam
1077 5563 1161 5613 est
1175 5557 1622 5626 prwdestinare,
1643 5571 1821 5626 quam

131 5644 208 5698 in
242 5658 365 5699 sua
398 5657 530 5714 qua
555 5644 702 5713 falli
727 5647 1068 5716 mutarique
1096 5660 1215 5700 non
1262 5650 1449 5714 potest
1471 5646 1823 5714 praecientia

132 5748 349 5805 opera
373 5747 486 5791 sua
509 5735 729 5804 futura
756 5734 1084 5805 disponere.

1090 246 1180 300 DE
1218 241 1882 300 PREDESTINATIONE
1914 243 2193 302 CONTRA
2227 245 2276 301 J.
2319 241 2627 302 SCOTUM.

3444 241 3582 294 1170

2597 379 2900 424 COBRECTIO
2908 406 2921 420 .

1999 485 2035 554 '1‘
2065 485 2206 542 Huic
2253 482 2618 541 definitionis
2677 479 3057 538 conversioni
3105 479 3398 553 quoniam
3444 496 3584 538 vera

1930 578 2036 644 est,
2067 574 2294 648 tibique
2345 589 2454 647 per
2480 571 2686 629 omnia
2728 585 3095 645 repugnans,
3127 569 3374 626 conﬁcis
3399 568 3584 626 aliam

1929 665 2380 722 conversionem
2437 679 2686 736 prorsus
2731 661 3117 728 contrariam,
3167 676 3306 717 cum
3355 660 3417 715 in
3464 659 3583 716 ﬁne

1929 753 2249 826 superioris
2289 769 2361 808 ex
2388 752 2588 809 verbis
2614 750 2933 822 Augustini
2963 748 3256 822 posueris.
3290 748 3583 820 [Deﬁnitio

1927 841 2076 899 nihil
2104 842 2328 910 minus,
2351 841 2501 897 nihil
2531 840 2792 914 amplius
2822 839 3084 896 continet
3112 853 3300 911 quam
3329 837 3391 892 id
3416 837 3583 911 quod

1930 935 2276 1004 susceptum
2301 935 2390 987 est
2414 929 2860 1004 explicandum,
2894 927 3062 984 aliter
3090 927 3338 984 omnino
3369 928 3586 986 vitiosa

1929 1021 2056 1092 est].
2097 1019 2241 1078 Hinc
2273 1019 2586 1092 conjicitur
2612 1018 2830 1075 falsam
2876 1032 3006 1074 esse
3033 1017 3216 1074 aliam
3245 1021 3414 1075 tuam
3445 1033 3586 1075 con-

1927 1110 2286 1178 versionem,
2317 1126 2452 1184 quae
2485 1109 2567 1166 ita
2595 1125 2658 1166 se
2687 1107 2905 1165 habet:

2495 1268 2733 1310 JOANNES
2781 1267 3003 1309 SCOTUS.

1999 1371 2163 1443 (Cap.
2195 1374 2280 1435 t2,
2305 1384 2474 1425 num.
2506 1373 2561 1438 2,
2594 1371 2735 1425 sect.
2770 1369 2816 1440 l)
2845 1373 2884 1422 Θ
2915 1367 2985 1425 Si
3003 1367 3192 1422 omnis
3203 1367 3587 1436 praescientza

1925 1474 2046 1532 qua
2071 1461 2226 1515 Deus
2255 1473 2438 1528 opera
2468 1473 2577 1514 sua
2603 1458 2823 1528 futura
2853 1457 3161 1526 disposuit,
3190 1456 3397 1513 divina
3428 1473 3586 1527 prcc-

1927 1549 2244 1606 destinatio
2271 1554 2374 1619 est,
2406 1547 2596 1603 omnis
2616 1545 3092 1616 prwdestinatio,
3123 1559 3244 1616 qua
3273 1547 3429 1602 Deus
3451 1562 3586 1616 ope-

1927 1654 2002 1696 ra
2024 1653 2136 1696 sua
2163 1638 2378 1709 futura
2409 1637 2722 1707 disposuit,
2747 1636 2956 1692 divina
2976 1634 3356 1704 prwscientia
3382 1640 3487 1692 est.

2597 1793 2897 1836 CORRECTIO
2905 1822 2918 1835 .

1997 1897 2034 1964 1-
2057 1899 2186 1954 Non
2213 1895 2329 1952 hoc
2367 1893 2704 1951 continetur
2743 1884 2824 1948 in'
2850 1891 3199 1948 deﬁnitione
3229 1892 3544 1960 Augustini
3569 1910 3583 1948 :

1925 2002 2050 2044 non
2078 1987 2239 2043 enim
2269 1985 2418 2042 dixit
2443 1984 2610 2057 quod
2640 1983 2842 2039 omnis
2865 1981 3256 2056 prwscientia,
3282 1997 3406 2054 qua
3431 1982 3586 2037 Deus

1925 2091 2111 2150 opera
2161 2090 2274 2132 sua
2303 2073 2505 2131 futura
2540 2072 2860 2146 disposuit,
2889 2071 3095 2128 divina
3140 2069 3586 2144 praedestinatio

1925 2171 2049 2222 est:
2103 2163 2211 2221 sed
2255 2163 2420 2237 quod
2468 2162 2530 2218 in
2578 2177 2708 2225 sua,
2736 2177 2873 2235 quae
2926 2159 3049 2218 falli
3088 2160 3428 2232 mutarique
3458 2175 3582 2216 non

1923 2259 2141 2328 potest,
2173 2251 2551 2327 praescientia
2595 2265 2782 2324 opera
2828 2265 2941 2306 sua
2986 2249 3188 2306 futura.
3235 2248 3579 2321 disponere,

1923 2345 1986 2401 id
2014 2343 2264 2401 omnino
2295 2357 2405 2398 nec
2437 2340 2604 2398 aliud
2645 2339 2983 2414 quidquam
3011 2342 3104 2396 est
3129 2338 3580 2412 praedestinare.

1923 2437 2038 2490 Nec
2067 2432 2234 2500 dixit,
2269 2429 2644 2489 Prasscientia
2688 2433 2777 2486 est
2823 2428 3136 2501 dispositio
3182 2443 3436 2501 operum
3475 2427 3582 2484 Dei

1920 2522 2298 2590 futurorum;
2341 2520 2448 2576 sed
2502 2522 2563 2575 in
2599 2517 2979 2592 praescientia
3005 2517 3210 2590 posuit
3233 2516 3581 2589 dispositio-

1918 2627 2082 2681 nem,
2106 2610 2167 2667 id
2195 2614 2287 2667 est
2309 2607 2918 2683 prmdestinationem.
2951 2605 3128 2663 Aliud
3156 2609 3245 2663 est
3269 2619 3411 2680 ergo
3431 2620 3581 2677 pra:-

1920 2701 2190 2766 scientia,
2212 2700 2275 2756 in
2299 2715 2422 2773 qua
2445 2699 2870 2772 disponuntur,
2891 2697 3008 2754 hoc
3035 2699 3123 2753 est
3145 2695 3579 2770 praedestinan-

1916 2795 2013 2848 tur
2060 2805 2248 2863 opera
2299 2789 2403 2844 Dei
2448 2788 2687 2845 futura:
2743 2787 2908 2844 aliud
2955 2785 3289 2860 dispositio,
3321 2785 3437 2842 hoc
3488 2789 3578 2842 est

1916 2877 2365 2953 praedestinatio
2423 2876 2764 2933 futurorum
2815 2890 3070 2947 operum
3124 2873 3284 2930 illius
3335 2875 3398 2929 in
3444 2875 3575 2944 ejus

1913 2965 2286 3042 prmscientia
2305 2963 2649 3021 constituta.
2671 2962 3044 3020 Praescientia
3067 2962 3230 3018 enim
3250 2961 3568 3033 disposuit,

1914 3057 2030 3114 hoc
2055 3059 2143 3113 est
2166 3052 2628 3128 praadestinavit,
2656 3067 2843 3125 opera
2873 3067 2983 3108 sua
3019 3051 3241 3122 futura,
3271 3065 3395 3107 non
3424 3065 3572 3122 pra:-

1915 3145 2306 3202 destinatione
2337 3140 2632 3215 prin-scivit
2649 3155 2835 3212 opera
2855 3156 2966 3198 sua
2985 3140 3188 3197 futura
3216 3157 3229 3196 :
3253 3138 3572 3212 praescien-

1913 3235 1998 3292 tia
2046 3233 2272 3307 quippe
2327 3231 2556 3288 ratione
2608 3229 3202 3304 praedestinationem
3263 3227 3565 3302 praecedit,

1911 3323 2186 3381 videlicet
2230 3320 2376 3395 quia
2421 3336 2491 3375 ex
2535 3318 2912 3393 praescientia
2948 3318 3412 3393 praedestinatio,
3443 3333 3569 3374 non

1911 3429 1985 3471 ex
2033 3409 2558 3485 prmdestinatione
2611 3407 2813 3482 prodit
2858 3409 3254 3482 praescientia.
3304 3411 3372 3464 Et
3417 3407 3572 3462 sicut

1909 3505 2065 3559 recte
2113 3499 2328 3556 dicitur
2381 3497 2756 3572 praesciendo
2805 3497 3211 3571 praedestinat,
3268 3495 3571 3569 praedesti-

1909 3589 2115 3648 nando
2160 3587 2430 3662 praescit:
2467 3587 2548 3644 ita
2593 3602 2718 3644 non
2763 3591 2922 3644 recte
2952 3586 3306 3659 generaliter
3331 3585 3568 3652 dicitur,

1908 3677 2284 3754 praescientia
2317 3676 2722 3752 praedestinat,
2751 3676 3280 3750 prcedestinatione
3308 3677 3566 3750 prtescit.

1850 3793 1858 3800 -
1912 3771 1979 3826 Id
2029 3773 2120 3826 est
2167 3783 2308 3824 cum
2345 3770 2501 3823 recte
2549 3765 2803 3834 dicatur,
2835 3765 3212 3838 praescientia
3256 3765 3572 3837 praedesti-

1912 3874 2080 3928 nare,
2111 3872 2238 3914 non
2268 3860 2391 3912 tam
2437 3855 2553 3912 late
2601 3858 2757 3911 recte
2786 3854 3020 3910 dicatur
3050 3853 3575 3926 prmdestinatione

1914 3945 2226 4020 praescire;
2259 3958 2383 3999 non
2420 3942 2582 3999 enim
2611 3957 2684 3998 ex
2711 3940 3237 4013 praedestinatione
3259 3940 3576 4012 praescien-

1916 4036 2015 4104 tia,
2076 4033 2183 4089 sed
2229 4048 2301 4088 ex
2360 4030 2736 4104 praescientia
2789 4029 3236 4102 praadestinatio
3298 4029 3572 4086 sumitur.

1918 4125 2177 4196 Ideoque
2206 4124 2465 4196 possunt
2506 4119 2697 4177 multa
2721 4119 2993 4194 prmsciri
3022 4119 3256 4194 absque
3278 4119 3579 4193 praedesti-

1916 4215 2181 4280 natione,
2231 4211 2292 4268 id
2335 4215 2427 4269 est
2467 4227 2600 4284 quae
2642 4209 3040 4284 praaseiantur
3080 4214 3335 4278 tantum,
3367 4214 3424 4266 et
3452 4225 3579 4266 non

1917 4302 2434 4378 praedestinentur,
2461 4299 2629 4358 nulla
2669 4315 2809 4358 vero
2864 4302 3120 4373 possunt
3163 4298 3584 4373 praedestinari

1919 4393 2036 4450 nisi
2059 4391 2473 4466 praesciantur.
2504 4393 2814 4463 Nusquam
2854 4405 2999 4446 sane
3028 4389 3123 4446 vel
3153 4389 3582 4459 Augustinum,

1921 4483 2017 4540 vel
2036 4487 2283 4539 caeteros
2310 4483 2512 4538 Patres
2538 4479 2755 4536 dixisse
2784 4479 3127 4537 invenimus
3156 4493 3402 4534 omnem
3431 4493 3585 4550 prae-

1925 4571 2236 4629 scientiam
2264 4585 2393 4626 esse
2422 4567 3026 4642 praedestinationem,
3047 4566 3145 4624 vel
3173 4581 3418 4624 omnem
3441 4581 3589 4638 pras-

1924 4660 2385 4720 destinationem
2466 4674 2598 4716 esse
2680 4658 3158 4731 praescientiam;
3227 4655 3335 4713 sed
3407 4671 3587 4729 posse

1921 4749 2362 4826 prmscientiam
2390 4763 2526 4804 esse
2557 4748 2685 4804 sine
2713 4746 3260 4820 prmdesﬁnaﬁone,
3283 4743 3592 4818 praedesti-

1924 4841 2236 4898 nationem
2265 4853 2410 4894 vero
2442 4838 2569 4894 sine
2619 4836 2996 4910 prtescientia
3031 4852 3371 4910 nunquam.
3406 4834 3589 4905 Igitur

1927 4929 2204 4990 falsitatis
2250 4926 2618 4984 convincitur
2667 4925 2976 4984 conversio
3026 4930 3150 4996 tua,
3205 4943 3339 5000 quae
3386 4924 3595 4983 deﬁni-

1932 5019 2109 5079 tionis
2147 5022 2338 5074 metas
2384 5016 2706 5089 excedens,
2737 5021 3080 5074 commenta
3132 5020 3240 5085 est,
3271 5016 3440 5090 quod
3469 5031 3595 5072 non

1931 5110 2114 5166 habet
2162 5107 2380 5165 veritas
2439 5106 2820 5163 deﬁnitionis.
2880 5109 2995 5163 Nec
3060 5107 3281 5163 mirum
3349 5106 3398 5162 si
3457 5121 3600 5163 con-

1930 5199 2264 5255 versionem
2322 5196 2619 5265 nomines,
2675 5212 2812 5270 quae
2870 5212 2908 5253 a
2975 5195 3212 5254 veritate
3277 5194 3597 5251 discedens

1933 5292 2182 5344 conatur
2258 5287 2541 5343 inducere
2615 5285 2956 5355 falsitatem,
3015 5303 3154 5343 cum
3228 5283 3600 5341 vocabulum

1933 5377 2342 5434 conversionis
2395 5375 2753 5446 ambiguum
2821 5375 3134 5442 habeatur,
3189 5378 3314 5430 tam
3380 5372 3604 5444 scilicet

1933 5482 1970 5522 a
2026 5465 2186 5522 malo
2242 5465 2301 5521 in
2350 5465 2606 5536 bonum,
2660 5465 2831 5540 quod
2887 5470 2976 5522 est
3026 5462 3355 5534 laudabile,
3414 5477 3603 5536 quam

1933 5571 1970 5611 a
1998 5555 2160 5611 bono
2193 5555 2253 5610 in
2282 5556 2531 5624 malum,
2561 5556 2727 5612 quod
2771 5560 2859 5612 est
2895 5553 3312 5627 vituperabile.
3346 5556 3475 5609 Non
3502 5553 3606 5608 ita-

1934 5659 2051 5717 que
2099 5642 2424 5698 dicendum
2480 5649 2588 5712 est,
2622 5644 2820 5701 omnis
2866 5643 3242 5717 praescientia
3280 5659 3404 5714 qua
3449 5646 3602 5696 Deus

1935 5748 2122 5807 opera
2143 5747 2252 5790 sua
2271 5730 2473 5792 futura
2500 5733 2820 5807 disposuit,
2847 5732 3052 5795 divina
3072 5730 3450 5821 praescientia
3469 5732 3559 5787 est
3586 5732 3602 5785 ;
