4128 6200
535 224 663 278 1171

1591 216 1648 270 S.
1690 214 2062 270 PRUDENTH
2101 211 2478 271 TRECENStS
2516 211 2850 269 EPiSCOPl.

3814 214 3950 267 H72

531 352 590 404 et
612 343 809 400 omnis
833 338 1296 415 praadestinatio,
1322 354 1448 411 quo
1468 338 1623 394 Deus
1646 353 1829 410 opera
1850 354 1959 393 sua
1988 336 2186 393 futura
2213 340 2260 393 Α
2296 334 2533 403 sufﬁcit,
2566 336 2672 408 qui
2701 334 3064 409 posthabita,
3098 334 3220 390 imo
3250 349 3361 390 nec
3386 333 3642 404 cogitata
3670 334 3958 406 perversi-

529 431 848 507 disposuit,
882 429 1084 486 divina
1132 427 1549 501 prmscientia;
1583 426 1689 483 sed
1718 427 1778 482 in
1809 426 2186 500 praescientia

528 520 651 589 Dei,
674 536 799 593 qua
827 530 1012 593 opera
1043 533 1155 572 sua
1176 515 1374 573 futura
1394 512 1931 589 disposuit,divina
1955 515 2185 589 praede-

527 608 772 668 stinatio
801 612 908 679 est,
940 609 996 663 et
1021 604 1217 663 omnis
1243 603 1692 681 prtedestinatio
1723 606 1873 677 ejus,
1900 622 2027 678 qua
2048 621 2187 678 ope-

525 715 597 758 ra
624 714 735 755 sua
761 696 963 754 futura
992 690 1307 769 disposuit,
1338 694 1401 749 in
1431 693 1635 750 divina
1665 694 2046 773 prersciontia
2073 697 2182 750 est.

526 791 744 847 Verum
772 789 862 845 est
888 783 1069 858 igitur
1094 778 1259 858 quod
1292 782 1599 839 concludis
1623 774 1898 840 dicendo.

1095 927 1122 969 Ι
1130 926 1341 967 OANNBS
1385 926 1613 967 SCOTUS.

591 1022 762 1094 (Cap.
798 1020 883 1090 {2,
909 1030 1079 1076 num.
1103 1022 1156 1087 3,
1182 1020 1325 1074 sect.
1356 1016 1426 1091 t.)
1455 1022 1494 1072 Θ
1514 1018 1845 1087 Conﬁcitur
1873 1028 2012 1089 ergo
2033 1028 2186 1088 prcr-

522 1111 972 1170 destinationem
1002 1110 1113 1166 Dei
1135 1122 1255 1165 non
1288 1122 1408 1165 esse
1448 1108 1569 1163 nisi
1616 1110 1678 1163 in
1729 1108 2004 1177 operibus
2035 1110 2182 1177 ejus,

524 1203 766 1276 quando
818 1200 977 1257 nihil
1023 1200 1241 1267 minus,
1275 1199 1433 1255 nihil
1464 1198 1724 1268 amplius
1755 1199 2096 1253 continetur
2123 1199 2186 1252 in

523 1295 651 1362 ejus
676 1291 1017 1361 deﬁnitione
1038 1294 1267 1359 praeter
1286 1286 1629 1343 divinorum
1664 1302 1905 1356 ope-rum
1937 1288 2185 1356 disposi-

524 1378 761 1438 tionem.

1191 1476 1512 1523 CORRECTIO.

593 1572 629 1644 '2-
657 1579 875 1635 Verum
905 1574 1073 1650 quod
1102 1566 1217 1632 hoc
1244 1573 1454 1631 dolose
1475 1572 1791 1648 protuleris
1814 1572 2180 1643 manifestas,

522 1681 661 1723 cum
691 1663 965 1740 protinus
996 1662 1300 1736 adj’ungis.

1097 1802 1341 1845 ,ιοΑΝκεε
1387 1800 1610 1843 SCOTUS.

591 1886 759 1961 (Cap.
810 1888 897 1956 £2,
945 1898 1116 1943 num.
1146 1887 1201 1952 4,
1246 1887 1388 1941 sect.
1421 1886 1503 1951 2.)
1554 1890 1593 1937 θ
1633 1886 1753 1941 Sed
1792 1885 1873 1941 ad
1927 1884 2071 1948 haec,
2102 1884 2187 1941 in-

519 1975 755 2051 quiens,
785 1977 1057 2034 dicturus
1101 1989 1161 2032 es
1203 1975 1285 2031 ad
1334 1976 1446 2031 Dei
1474 1988 1649 2043 opera
1690 1976 1993 2044 pertinere
2022 1978 2190 2045 justc

518 2066 895 2123 damnandos
917 2064 1354 2135 praedestinare
1381 2063 1463 2119 ad
1484 2077 1749 2133 poenam,
1769 2065 1925 2119 sicut
1956 2064 2036 2119 ad
2057 2067 2186 2133 eius

520 2165 704 2225 opera
721 2155 984 2225 pertinet
1028 2154 1235 2224 gratia
1284 2153 1610 2210 salvandos
1648 2152 2080 2221 praedestinare
2106 2153 2190 2209 ad

522 2243 990 2315 beatitudinem;
1016 2248 1073 2298 et
1104 2241 1214 2298 hoc
1236 2242 1585 2298 testimoniis
1605 2241 1865 2311 ejusdem
1889 2241 1952 2297 8.
1976 2242 2187 2312 Augu-

519 2333 666 2389 stini
689 2330 938 2403 ﬁrmare
962 2330 1291 2399 conaberis,
1314 2342 1448 2403 qua
1470 2344 1534 2387 eo
1564 2345 1679 2402 quo
1707 2332 1961 2400 posuisti
1978 2331 2189 2386 ordine

515 2423 847 2492 posuimus,
874 2426 940 2477 ut
971 2422 1034 2477 in
1063 2421 1145 2477 eis
1175 2433 1295 2476 non
1339 2420 1500 2491 quod
1525 2424 1616 2489 tu,
1644 2420 1749 2475 sed
1779 2419 1939 2490 quod
1963 2420 2069 2475 ille
2092 2435 2186 2475 vo-

523 2511 637 2566 luit
667 2509 997 2574 videamus,
1027 2520 1283 2580 quorum
1307 2509 1361 2563 si
1387 2520 1575 2564 unum
1614 2513 1771 2565 recte
1794 2508 1987 2578 fuerit
2010 2523 2189 2577 εει-ραι

520 2599 722 2664 situm,
749 2597 1018 2668 sufﬁciat
1048 2597 1130 2652 ad
1172 2602 1389 2652 caetera
1427 2597 1846 2669 intelligenda.
1878 2598 2187 2653 Ponamus

521 2699 660 2757 ergo
689 2685 849 2741 illud
875 2685 1175 2758 (August,
1204 2685 1455 2741 Enchir.
1482 2699 1616 2754 cap.
1650 2686 1768 2756 £00)
1794 2701 1808 2739 ι

596 2776 810 2845 Magna
837 2787 1026 2847 opera
1053 2772 1308 2841 Domini,
1332 2772 1630 2846 exquisita
1660 2770 1721 2828 in
1743 2782 1957 2829 omnes
1975 2773 2188 2831 volun.

520 2866 675 2921 tates
705 2862 839 2934 ejus
869 2862 991 2931 (Ps.
1025 2876 1113 2930 cx,
1136 2863 1217 2931 2).
1247 2864 1317 2917 Et
1368 2867 1494 2919 tam
1540 2862 1843 2932 sapienter
1866 2862 2186 2934 exquisita,

519 2958 587 3010 ut
611 2966 747 3010 cum
775 2951 1052 3024 angelica
1078 2956 1133 3009 et
1159 2950 1429 3008 humana
1462 2951 1746 3009 creatura
1772 2960 2092 3024 peccasset,
2123 2955 2188 3009 id

518 3048 603 3101 est
645 3057 767 3100 non
816 3042 976 3115 quod
1021 3040 1148 3109 ille,
1178 3041 1283 3099 sed
1308 3042 1467 3113 quod
1511 3041 1702 3098 uoluit
1749 3044 1882 3112 ipsa
1923 3044 2186 3113 fecisset,
2218 3052 2261 3108 ο

518 3133 698 3189 etiam
740 3145 852 3202 per
879 3131 1143 3189 eamdem
1191 3137 1486 3188 creaturas
1523 3133 1914 3202 voluntatem,
1947 3148 2069 3203 qua
2094 3134 2191 3203 fa-

520 3223 683 3280 ctum
710 3227 797 3279 est
823 3222 985 3294 quod
1038 3222 1292 3279 Greater
1329 3222 1544 3291 noluit,
1577 3224 1852 3292 impleret
1880 3224 2008 3293 ipse
2033 3222 2193 3294 quod

520 3312 733 3368 voluit.
752 3310 915 3368 Bene
937 3314 1109 3367 utens
1139 3316 1193 3368 et
1223 3309 1401 3367 malis
1425 3316 1712 3381 tanquam
1734 3324 1961 3367 summe
1980 3311 2187 3380 bonus,

521 3400 604 3457 ad
631 3412 834 3457 eorum
863 3400 1336 3469 damnationem,
1365 3413 1513 3469 quos
1533 3401 1703 3468 juste
1738 3400 2193 3469 pra-destinavit

521 3487 605 3544 ad
642 3499 926 3556 ptenam;
973 3488 1031 3543 et
1078 3486 1160 3543 ad
1210 3501 1414 3543 eorum
1460 3488 1735 3559 salutem,
1767 3502 1913 3561 quos
1944 3489 2195 3559 benigne

510 3574 971 3647 praedestinavit
1008 3574 1091 3631 ad
1118 3576 1404 3644 gratiam.
1438 3577 1592 3632 Ecce
1619 3576 1685 3632 in
1716 3588 1840 3633 una
1872 3579 2194 3649 eademque

519 3664 842 3736 sententia,
862 3663 1341 3735 pradestinavit,
1386 3663 1599 3737 inquit,
1632 3666 1714 3721 ad
1745 3680 2009 3737 parmam,
2040 3682 2194 3738 prte-

522 3754 847 3811 destinavit
870 3751 954 3810 ad
978 3755 1265 3825 gratiam.
1300 3753 1427 3825 Ubi,
1445 3765 1805 3825 qutesumus,
1832 3758 2192 3827 respondeas

526 3841 607 3901 ad
633 3852 704 3899 ω
730 3856 869 3914 qua:
892 3841 1334 3913 interrogamus
1360 3856 1375 3897 :
1412 3842 1628 3898 Utrum
1656 3844 1738 3900 ad
1750 3845 2053 3914 justitiam
2084 3847 2196 3903 Det

523 3946 608 3990 an
634 3931 717 3989 ad
742 3933 872 4002 ejus
898 3932 1164 4003 gratiam
1188 3931 1492 4001 pertineat
1515 3934 1960 4002 pravaestinare
1980 3936 2193 4005 impios

520 4021 603 4080 ad
623 4030 867 4092 plenam
885 4024 914 4076 ?
937 4021 1356 4092 Respondebis,
1383 4021 1582 4088 credo,
1613 4023 1696 4079 ad
1705 4025 2011 4093 justitiam
2038 4028 2067 4080 ?
2089 4025 2194 4081 Ait

524 4110 705 4181 enim,
755 4123 904 4181 quos
938 4112 1105 4179 juste
1147 4111 1604 4180 prsidestinavit
1654 4117 1735 4168 ad
1772 4127 2041 4183 ptenam,
2072 4129 2192 4170 non

525 4200 719 4270 igitur
735 4199 819 4255 ad
835 4200 1121 4270 gratiam.
1139 4200 1231 4257 Ae
1238 4214 1355 4270 per
1375 4200 1504 4271 hoc,
1520 4202 1574 4256 si
1591 4216 1783 4270 paena!
1800 4204 2194 4271 praedestina-

527 4288 615 4344 tia
640 4286 863 4345 donum
884 4290 995 4346 Dei
1015 4303 1139 4345 non
1165 4295 1271 4357 est,
1290 4290 1395 4346 sed
1413 4291 1975 4360 peccatijudicium,
1993 4307 2190 4350 neces-

2298 428 2413 481 tate
2464 428 2587 495 tua,
2625 424 2872 481 beatum
2920 424 3319 495 Augustinum
3373 422 3834 497 prmdesﬁnatos
3880 423 3955 480 ad

2296 528 2543 586 poenam
2594 529 2717 570 non
2766 514 3079 577 contrarie,
3111 513 3215 569 sed
3262 517 3438 580 recte,
3468 526 3595 568 non
3637 512 3959 583 negatione

2296 603 2405 659 sed
2468 598 2713 660 veritate
2771 603 3026 660 sensisse
3092 607 3272 675 atque
3336 602 3556 659 dixisse
3614 602 3958 660 conﬁrmat.

2294 693 2545 749 Proinde
2586 709 2726 749 cum
2748 709 2943 765 pinnas
2975 692 3417 749 Praedestinatio
3445 692 3679 749 donum
3705 691 3809 748 Hei
3838 706 3960 748 non

2296 782 2387 852 sit,
2420 782 2523 838 sed
2556 782 2785 855 peccati
2802 781 3118 853 judicium,
3146 781 3208 837 id
3237 784 3329 838 est
3351 781 3592 853 justities
3622 781 3957 851 retributio,

2294 888 2418 929 non
2447 871 2787 935 necessario
2808 871 3075 943 sequitur
3096 875 3160 927 ut
3179 875 3283 927 aut
3302 870 3520 928 falsum
3549 872 3625 928 sit
3641 871 3813 944 quod
3834 871 3960 944 ipse

2294 961 2661 1031 Augustinus
2693 960 2813 1017 ait:
2850 959 3313 1033 [Pi'iedestinatio
3358 959 3478 1030 Dei,
3509 975 3647 1032 qua)
3685 960 3749 1016 in
3796 960 3962 1016 bono

2295 1056 2402 1120 est,
2434 1051 2638 1121 gratias
2668 1055 2756 1107 est
2808 1050 3210 1123 praeparatio.)
3242 1052 3359 1106 Aut
3387 1065 3424 1106 a
3466 1050 3768 1107 contrario
3809 1051 3965 1106 acci-

2295 1142 2494 1213 piatur
2524 1140 2968 1213 prmdestlnatlo
3000 1156 3355 1213 poenarum;
3388 1139 3492 1213 qui
3522 1140 3681 1196 enim
3709 1154 3841 1197 non
3873 1140 3967 1196 di-

2295 1230 2375 1285 cit
2401 1228 2693 1296 absolute,
2727 1227 3175 1301 praedestinatio
3232 1220 3331 1283 Dei
3375 1227 3579 1297 gratiae
3609 1232 3693 1285 est
3719 1244 3969 1301 praepa-

2293 1318 2468 1385 ratio,
2528 1322 2631 1374 aut
2678 1322 2877 1374 omnis
2935 1316 3379 1390 prmdestinatio
3448 1318 3546 1375 Dei
3603 1317 3806 1387 gratiae
3870 1321 3969 1373 est

2293 1408 2677 1481 praeparatio,
2708 1412 2812 1464 aut
2856 1406 3300 1481 pres-destinatio
3351 1407 3448 1463 Dei
3494 1406 3643 1463 nihil
3672 1412 3761 1464 est
3790 1407 3966 1464 aliud

2292 1513 2478 1570 quam
2510 1497 2711 1568 gratiae
2738 1496 3245 1569 praeparatio,sed
3266 1496 3516 1565 addidit,
3547 1512 3683 1569 quae
3705 1496 3766 1553 in
3792 1496 3964 1554 bono

2293 1591 2398 1649 est,
2430 1585 2696 1658 profecto
2725 1585 2917 1642 innuit
2960 1603 3022 1642 se
3070 1602 3204 1642 eam
3258 1586 3676 1642 tantummodo
3716 1586 3962 1659 prende-

2216 1696 2257 1751 Β
2294 1675 2678 1732 stinationem
2727 1691 2863 1747 quae
2911 1674 2990 1732 ad
3042 1674 3257 1731 electos
3304 1674 3572 1748 pertinet,
3616 1691 3739 1731 non
3790 1676 3961 1732 illam

2293 1782 2431 1839 quas
2462 1764 2754 1838 reprobos
2796 1765 2956 1836 juste
2999 1758 3191 1838 punit,
3223 1754 3543 1833 definisse;
3577 1764 3683 1821 sed
3707 1781 3839 1823 una.
3866 1782 3965 1823 ea-

2294 1850 2553 1928 demque
2603 1853 2915 1921 sententia,
2952 1851 3105 1910 sicut
3140 1852 3421 1911 veraciter
3459 1850 3624 1922 dixit,
3652 1854 3963 1928 praedesti-

2296 1947 2470 1999 natos
2522 1941 2597 1997 ad
2649 1942 2926 2013 gratiam,
2960 1940 3042 1998 ita
3084 1936 3370 1997 veraciter
3400 1941 3611 2009 intulit,
3652 1942 3960 2016 praedesti-

2294 2036 2469 2088 natos
2500 2028 2577 2113 ad
2607 2046 2873 2103 poenam.
2905 2031 3076 2096 Quod
3098 2048 3239 2087 cum
3270 2029 3374 2086 tibi
3404 2028 3736 2103 displiceat,
3757 2048 3961 2105 neque

2296 2118 2445 2178 alios
2476 2121 2655 2178 latere
2681 2115 2920 2185 videris,
2956 2118 3100 2194 quin
3131 2116 3297 2194 quod
3327 2136 3489 2176 nunc
3518 2120 3770 2177 breviter
3803 2139 3959 2195 plus-

2295 2208 2642 2279 libavimus,
2678 2209 2781 2266 tibi
2811 2209 3065 2284 quisque
3098 2209 3358 2283 prudens
3386 2216 3587 2285 posset
3625 2227 3955 2285 opponere.

2297 2301 2543 2357 Secutus
2572 2296 2863 2357 adnectis.
3181 2293 3185 2297 ’

2866 2404 3109 2447 JOANNES
3160 2405 3384 2446 SCOTlTS.

2369 2472 2530 2552 (Cap.
2573 2466 2655 2549 l2,
2690 2494 2857 2534 num.
2906 2483 2956 2534 ὅ.
2994 2482 3133 2535 sect.
3181 2481 3258 2546 3).
3310 2483 3349 2531 Θ
3392 2478 3513 2536 Sed
3541 2494 3613 2536 ne
3642 2476 3829 2549 forte,
3873 2474 3962 2537 in-

2295 2565 2532 2642 quiens,
2566 2566 2835 2637 objicias,
2868 2583 2988 2623 non
3039 2566 3196 2624 dixit
3232 2568 3669 2638 praedestinatzb
3712 2568 3839 2623 Dei
3867 2576 3961 2625 est

2294 2660 2509 2730 grattce
2533 2659 2928 2730 praeparatio,
2953 2656 3074 2725 sed,
3101 2655 3543 2728 praadestinatio
3568 2650 3690 2724 Dei,
3712 2672 3849 2728 quae
3883 2658 3962 2713 in

2298 2749 2446 2805 bono
2469 2755 2574 2817 est,
2596 2749 2813 2820 gratiae
2856 2754 2940 2806 est
2976 2751 3369 2819 praeparatio,
3401 2749 3507 2804 tibi
3526 2748 3755 2804 videtur
3789 2746 3964 2804 locus

2294 2834 2559 2910 relinqui
2603 2836 2854 2895 alterius
2898 2837 3465 2909 prcedestinationis,
3493 2853 3620 2910 quae
3656 2844 3961 2909 tanquam

2293 2928 2356 2984 in
2380 2928 2539 2984 malo
2568 2928 2683 2999 sit;
2711 2932 2816 2984 aut
2848 2926 3048 2984 eadem
3076 2922 3617 2998 prcedestinatio,si
3642 2942 3767 2984 una
3800 2930 3961 2984 sota-

2296 3034 2409 3093 que
2428 3024 2533 3089 est,
2566 3019 2630 3074 in
2657 3017 2805 3076 bono
2846 3024 2899 3076 et
2943 3020 3102 3075 malo
3129 3020 3265 3088 ﬁeri
3301 3034 3472 3089 posse
3512 3034 3634 3075 non
3678 3025 3956 3090 negatur.
4086 3048 4087 3091 ι

2297 3104 2570 3164 Primum
2615 3104 2857 3166 attende
2905 3124 3086 3164 unam
3121 3106 3517 3178 deﬁnitionem
3563 3108 3720 3165 duas
3742 3108 3947 3179 praede

2297 3196 2644 3255 stinationes
2683 3198 2921 3253 omnino
2961 3214 3080 3254 non
3132 3213 3304 3269 posse
3355 3199 3701 3255 continere:
3753 3197 3961 3255 deinde

2298 3284 2458 3358 quod
2480 3287 2530 3342 si
2552 3282 2726 3343 nulla
2757 3287 2881 3344 alia
2907 3286 3173 3355 deﬁnitio
3186 3280 3741 3357 praedestinationis
3767 3290 3959 3345 verior

2299 3378 2613 3449 aptiorque
2642 3374 2990 3433 inveniatur
3018 3392 3194 3449 quam
3228 3377 3339 3433 illa
3369 3393 3504 3448 qum
3530 3379 3833 3447 przdz'cta
3858 3384 3954 3437 est.

2298 3466 2458 3522 nihil
2487 3467 2605 3521 nisi
2642 3481 2824 3536 opera
2872 3462 3078 3523 divina
3110 3466 3577 3536 camprehendit,
3606 3484 3763 3539 quae,
3792 3469 3954 3524 nullo

2290 3558 2393 3625 pie
2418 3556 2785 3613 credentium
2808 3556 3142 3627 dubitante,
3177 3557 3330 3613 bona
3355 3562 3515 3624 sunt,
3554 3556 3710 3629 quid
3734 3576 3843 3614 nos
3871 3576 3953 3614 co-

2298 3645 2385 3715 git
2407 3644 2581 3700 aliud
2605 3642 2843 3717 aliquid
2866 3645 3211 3711 subaudire,
3241 3645 3550 3703 audientes
3569 3644 3953 3716 praedestina-

2300 3733 2517 3790 tionem
2547 3734 2676 3805 Det,
2704 3749 2837 3806 quae
2864 3734 2925 3791 in
2975 3733 3123 3791 bono
3162 3734 3266 3804 est,
3299 3734 3419 3792 nisi
3451 3746 3690 3807 semper
3732 3747 3865 3795 eam
3910 3740 3955 3793 et

2302 3822 2515 3880 bonam
2537 3829 2592 3880 et
2613 3824 2675 3879 in
2700 3823 2847 3880 bono
2876 3837 2996 3881 esse
3010 3826 3039 3878 Σ)

2965 3927 3278 3970 CORRBCTIO
3287 3958 3299 3970 .

2371 4001 2405 4068 ’ἕν
2436 4003 2479 4059 Ο
2510 4001 2717 4073 regule
2763 4001 2839 4057 de
2875 4001 3078 4058 radice
3107 4001 3337 4059 colubri
3368 4002 3707 4075 egrediens,
3734 4003 3814 4060 de
3844 4017 3959 4076 quo

2300 4091 2551 4148 canitur.
2587 4093 2631 4149 Ο
2679 4095 2944 4148 tortuose
2974 4106 3240 4164 serpens,
3272 4092 3377 4165 qui
3426 4092 3588 4148 mille
3613 4107 3721 4166 per
3747 4108 3962 4149 mean-
4066 4124 4067 4169 ι

2300 4179 2442 4277 dros
2476 4178 2845 4277 fraudesque
2870 4179 3172 4277 flexuosas
3217 4180 3411 4252 agitas
3438 4181 3641 4254 quieta
3670 4180 3883 4277 corda,
3911 4186 3959 4236 ct

2300 4268 2442 4324 item
2491 4268 2589 4323 cui
2639 4273 2776 4325 sunt
2826 4269 2986 4325 mille
3028 4270 3284 4326 nocendi
3336 4276 3516 4343 artes,
3549 4269 3701 4344 quid
3732 4271 3957 4327 veritati

525 4378 691 4436 εανέο
715 4381 986 4467 ἐστάθην
1009 4384 1077 4434 ατ
1099 4384 1207 4435 at“
1226 4356 1457 4450 lauat"
1486 4380 1563 4435 δίε
1589 4356 1746 4451 ςάοα
1762 4381 1889 4449 ερεε
1906 4380 2189 4453 August“
2219 4408 2267 4467 ι)
2301 4359 2478 4467 Ῐῗῗῗῗ
2491 4356 3957 4467 fidi???“935593393“LE?‘39°‘3§5"3?‘2

525 4481 647 4524 nus
662 4469 789 4525 ait:
820 4465 1301 4542 [Praedestinatio
1319 4469 1574 4540 Dei,quas
1591 4469 1657 4525 in
1685 4468 1835 4525 bono
1865 4473 2191 4540 est,gratias

528 4562 616 4615 est
639 4560 1049 4631 prwparatio],
1078 4564 1185 4615 aut
1214 4572 1247 4615 e
1279 4560 1588 4614 contrario
1615 4560 1946 4628 accipietur
1964 4561 2190 4631 praede-

526 4649 772 4705 stinatio
788 4662 1133 4719 poenarum.
1153 4648 1264 4704 Est
1283 4652 1481 4705 autem
1504 4662 1707 4705 verum
1739 4654 1795 4705 et
1819 4650 2191 4708 immutabile

526 4737 688 4811 quod
714 4739 916 4796 dicit:
944 4738 1412 4811 [pradestinatio
1439 4739 1568 4806 Dei,
1602 4751 1736 4811 qua:
1777 4739 1844 4795 in
1893 4740 2045 4797 bono
2080 4746 2187 4811 est,

526 4834 742 4905 gratiae
760 4842 844 4893 est
868 4837 1296 4909 praeparatio];
1346 4838 1684 4895 econtrario
1712 4837 1907 4908 igitur
1928 4838 2190 4910 intelligi

526 4920 723 4979 voluit
749 4925 909 4996 quod
927 4927 1154 4995 posuit,
1171 4927 1629 4996 praedestinavit
1659 4926 1741 4983 ad
1752 4938 2017 4997 poenam.
2131 4954 2151 4971 ο

1193 5066 1516 5108 CORRECTIO.

594 5147 632 5216 ἰ’
646 5146 1001 5222 Quicunque
1024 5149 1283 5208 veritatis
1310 5148 1538 5207 lumine
1562 5148 1912 5217 illustratur,
1935 5149 2185 5206 omnino

521 5236 685 5297 videt
712 5254 901 5312 quam
930 5236 1085 5296 falso
1124 5240 1237 5298 ista
1281 5238 1597 5312 protuleris
1644 5235 1900 5292 dicendo
1936 5236 2183 5296 beatum

519 5329 925 5400 Augustinum
948 5329 1539 5403 preedestinationem
1568 5326 1894 5400 impiorum
1908 5343 1945 5383 a
1961 5333 2186 5385 contra-

518 5416 609 5474 rio
627 5417 928 5491 posuisse,
942 5420 1113 5491 cujus
1137 5417 1571 5474 absurditatem
1588 5414 1917 5472 intellectus
1939 5420 2060 5473 tam
2080 5434 2184 5474 au-

519 5508 788 5566 ctoritate
812 5507 1251 5583 Scripturarum
1281 5521 1467 5578 quam
1499 5503 1785 5577 exemplis
1815 5507 2054 5562 Patrum
2080 5523 2179 5563 ve-

515 5594 885 5655 nerabilium
938 5611 1123 5670 supra
1174 5594 1523 5651 refellimus.
1576 5593 1822 5651 Omissis
1880 5595 2178 5670 siquidem

516 5684 748 5744 caeteris
765 5683 931 5747 solus
952 5683 1044 5747 vel
1060 5682 1329 5745 maxime
1344 5682 1424 5743 ad
1441 5684 1557 5744 hoc
1576 5688 1818 5743 sanctus
1840 5685 2179 5759 Fulgentius

2301 4445 2563 4501 veritatis
2595 4446 3047 4503 mendaciorum
3076 4447 3366 4505 cuniculis
3409 4447 3652 4505 inﬁcere
3695 4448 3958 4519 satagis?

2302 4533 2358 4590 Si
2406 4532 2599 4590 taliter
2647 4534 2990 4605 Fulgentius
3021 4536 3422 4607 Augustinum
3478 4537 3740 4593 sensisse
3782 4544 3953 4610 atque

2297 4622 2519 4678 dixisse
2563 4624 2846 4695 novisset,
2871 4640 3187 4698 nunquam
3217 4624 3626 4683 diversitatem
3649 4626 3953 4700 praedesti-

2296 4712 2557 4768 nationis
2605 4712 2966 4785 protulisset,
2998 4730 3315 4788 nunquam
3374 4716 3688 4787 Grcgorius
3725 4715 3956 4787 prinde-

2296 4801 2644 4858 stinationes
2692 4801 2999 4875 pluraliter
3028 4803 3440 4874 enuntiasset;
3486 4820 3811 4878 nunquam
3865 4804 3951 4859 Isi-

2294 4890 2482 4946 dorus
2531 4891 2831 4962 geminam
2882 4891 3472 4964 praedestinationem
3505 4900 3949 4968 nuncupasset;

2293 4993 2613 5052 nunquam
2680 4982 2877 5036 caeteri
2935 4981 3160 5054 quique
3213 4982 3489 5039 catholici
3558 4982 3845 5040 doctores
3901 4982 3948 5036 in

2293 5062 2417 5118 suis
2464 5063 2698 5136 scriptis
2748 5064 2920 5121 toties
2949 5064 3306 5135 destinatos,
3339 5066 3834 5140 praedestinatos,
3858 5083 3948 5141 pa~

2290 5155 2475 5219 ratos,
2532 5157 2929 5226 praeparatos,
2996 5153 3319 5229 deputatos
3386 5155 3831 5231 delegatosque
3886 5153 3943 5209 ad

2291 5254 2502 5312 poenas
2560 5241 2653 5297 vel
2708 5242 3011 5300 interitum
3065 5242 3471 5302 intimassent.
3529 5247 3617 5302 Ac
3683 5262 3801 5319 per
3854 5247 3943 5302 hoc

2292 5335 2349 5386 et
2398 5346 2510 5387 nos
2558 5347 2797 5404 semper
2847 5332 2947 5389 Dei
2993 5333 3586 5406 praedestinationem
3619 5334 3939 5397 bonane:

2290 5417 2351 5474 in
2377 5418 2538 5476 bono
2567 5436 2697 5476 esse
2727 5420 3156 5494 indubitanter,
3182 5423 3335 5479 sicut
3364 5428 3419 5478 et
3443 5423 3757 5494 judicium

2289 5505 2585 5566 fatemur:
2632 5510 2924 5583 quoniam
2977 5527 3117 5568 cum
3164 5511 3311 5567 nihil
3358 5511 3521 5568 aliud
3572 5512 3637 5569 in
3682 5515 3791 5570 Dei
3820 5527 3937 5588 pm

2288 5595 2682 5655 destinatione
2749 5604 2933 5674 atque
2990 5600 3220 5673 judicio
3286 5618 3475 5674 quam
3538 5600 3940 5661 misericordi-1

2287 5691 2345 5743 et
2380 5687 2612 5756 justitia
2655 5689 3051 5756 contineatur,
3098 5705 3495 5765 nequaquam
3545 5691 3684 5762 ejus
3734 5690 3939 5767 prode
