4116 6186
252 189 385 244 1173

1193 182 1283 236 DE
1321 174 1989 236 PREDESTINATIONE
2025 174 2305 233 CONTRA
2344 176 2393 233 J.
2438 176 2713 235 SCOTUM

3521 177 3657 235 ηπ

249 308 478 367 stinatio
508 311 566 362 et
588 303 889 376 judicium
918 303 1008 359 vel
1038 304 1201 362 mala
1227 304 1319 360 vel
1341 305 1403 360 in
1436 301 1595 360 malo
1616 316 1743 355 csse
1756 314 1897 371 pos-
1933 301 1980 354 A
2016 302 2200 357 Deum
2221 317 2348 359 esse
2379 302 2482 375 qui
2511 300 2568 357 et
2593 300 2789 373 justus
2818 304 2876 358 et
2899 298 3084 373 judex
3140 301 3274 358 est?
3304 303 3389 359 ita
3432 298 3657 375 quippe

246 402 396 467 sunt,
429 412 569 469 quae
592 409 718 450 non
750 392 916 448 aliud
942 408 1128 465 quam
1156 393 1320 449 bona
1374 392 1435 448 in
1482 407 1543 447 se
1576 390 1899 463 continent,

244 483 720 544 misericordiam
770 481 1043 539 videlicet
1089 486 1146 539 et
1172 482 1499 554 justitiam;
1554 497 1712 553 quae,
1755 478 1904 534 sicut

241 576 527 643 diximus,
555 573 690 630 licet
712 588 949 646 semper
965 572 1129 628 bona
1151 576 1207 628 et
1243 571 1303 627 in
1333 572 1495 628 bono
1527 568 1788 637 sit,aliud
1814 572 1900 623 ta-

246 682 385 724 men
424 665 637 722 beatus
666 661 1031 733 Augustinus
1062 661 1125 717 in
1150 676 1262 717 sua
1286 660 1627 717 deﬁnitione
1654 656 1902 714 attendit

248 755 504 813 dicendo
533 753 628 825 (de
657 752 854 808 Prazd.
887 756 1104 821 sancl.,
1134 766 1268 821 cap.
1305 751 1408 820 10):
1434 745 1900 820 [Prtedestinatio

251 845 370 909 Dei,
405 858 540 916 qua}
562 841 623 897 in
651 841 814 897 bono
851 844 959 907 est,
987 839 1191 910 gratiae
1223 841 1311 895 est
1328 836 1729 910 prteparatio].
1755 836 1895 900 Quae

250 933 311 988 in
342 933 503 988 bono
532 934 621 985 est
664 929 873 1002 inquit,
907 927 969 983 id
1002 932 1088 985 est
1116 944 1252 1000 quae
1304 926 1380 982 ad
1412 926 1638 981 bonum
1670 923 1899 980 electio-

248 1021 341 1077 nis
372 1025 717 1076 sanctorum
764 1018 1050 1090 pertinet:
1098 1022 1164 1072 ut
1218 1016 1401 1072 altera
1445 1014 1801 1084 intelligatur
1836 1012 1897 1068 in

245 1110 426 1176 malo,
455 1125 591 1181 quae
623 1123 744 1163 non
772 1106 847 1162 sit
870 1106 1121 1162 omnino
1160 1105 1341 1175 mala,
1375 1104 1519 1177 quia
1544 1103 1621 1160 ad
1653 1102 1753 1158 Dei
1778 1102 1900 1173 jus-

245 1197 431 1253 titiam
458 1196 752 1269 pertinet;
788 1194 897 1250 sed
924 1199 1123 1250 tamen
1157 1193 1315 1264 juste
1351 1192 1562 1266 puniat
1587 1189 1897 1263 reprobos,

239 1284 384 1357 quia
409 1285 576 1341 nullo
606 1284 936 1340 obsistente
952 1282 1179 1354 justitia
1204 1282 1408 1353 utique
1426 1280 1588 1336 bona
1605 1284 1710 1335 est.
1727 1278 1898 1344 Quod

241 1372 326 1432 ita.
359 1389 422 1428 se
449 1372 807 1429 intellexisse
852 1388 925 1428 ex
970 1370 1104 1427 aliis
1132 1386 1379 1426 suorum
1408 1368 1700 1425 librorum
1726 1366 1898 1422 dictis

240 1461 373 1534 ipse
405 1460 771 1528 manifestat,
804 1460 910 1533 qui
938 1459 998 1515 in
1020 1459 1174 1516 libro
1215 1456 1597 1514 Enchiridion
1630 1458 1784 1527 (cap.
1808 1455 1899 1526 55)

239 1538 418 1606 dicit:
453 1549 813 1622 [Aliquando
843 1548 1001 1605 enim
1049 1548 1342 1620 judicium
1400 1546 1499 1601 Dei
1548 1544 1793 1619 ponitur
1836 1543 1899 1599 in

2011 388 2089 443 ad
2119 405 2331 445 omnes
2363 391 2491 461 ejus
2534 389 2830 459 judicium
2860 386 3173 461 separasti,
3230 403 3300 445 ac
3333 388 3385 444 si
3426 388 3656 445 malum

2010 477 2189 534 velles
2218 478 2463 548 intelligi
2489 478 2817 549 judicium:
2842 483 2924 535 Ita
2943 478 3105 535 enim
3127 492 3189 534 se
3219 476 3447 535 habent
3471 477 3661 536 verba

2010 571 2148 625 tua:
2196 569 2316 625 Sed
2342 569 2627 640 quoniam
2651 580 2772 626 non
2802 573 2887 625 est
2923 568 3036 625 Dei
3072 568 3319 641 donum,
3366 579 3501 627 cum
3529 571 3658 640 ejus

2006 659 2084 714 sit
2101 659 2427 729 judicium;
2454 658 2632 731 quasi
2658 658 2806 715 nihil
2834 658 2998 716 aliud
3022 659 3214 732 possit
3232 672 3364 716 esse
3399 659 3631 717 bonum
3637 701 3656 733 ,

2006 745 2120 801 nisti
2148 749 2249 803 Dei
2279 747 2544 803 donum:
2568 750 2657 804 est
2679 749 2880 805 autem
2895 746 3191 819 judicium
3211 751 3419 821 estque
3432 748 3660 819 justitia

2004 837 2062 889 et
2088 835 2338 891 omnino
2357 835 2522 893 bona
2549 853 2564 905 ;
2595 834 2647 892 si
2674 850 2817 907 ergo
2845 841 2904 894 et
2919 836 3149 908 justitia
3172 839 3230 894 et
3248 834 3545 909 judicium
3564 836 3657 894 in-
3732 872 3741 877 ι

2004 922 2347 980 dubitanter
2374 924 2538 981 bona
2562 926 2741 994 sunt;
2773 925 3115 983 necessario
3170 924 3465 996 colligitur
3503 938 3657 1000 pra;-

2002 1011 2301 1069 destinare
2330 1012 2549 1086 impios
2588 1012 2670 1070 ad
2706 1028 2952 1087 poenam
2988 1015 3220 1072 bonum
3245 1027 3396 1085 esse;
3425 1026 3567 1073 cum
3586 1016 3661 1074 sit

2006 1101 2109 1157 Dei
2146 1102 2378 1173 justitia
2409 1106 2587 1176 atque
2630 1103 2959 1174 judicium;
3003 1120 3139 1178 quae
3191 1104 3467 1180 quisquis
3498 1106 3661 1164 bdna

2004 1207 2137 1248 esse
2177 1190 2502 1263 negaverit,
2554 1193 2681 1250 sine
2737 1193 2924 1251 dubio
2966 1195 3289 1268 impietatis
3339 1193 3479 1253 re'us
3528 1207 3658 1253 esse

2006 1281 2394 1339 convincitur.

2078 1372 2342 1445 Itemque
2367 1372 2535 1445 quod
2562 1373 2649 1430 ais
2669 1373 2827 1447 (cap.
2852 1378 2911 1430 11
2927 1370 3187 1445 ,ιιιιιιι.7;
3209 1377 3349 1432 sect.
3364 1374 3441 1448 4);
3456 1370 3659 1432 Omnis

2006 1467 2203 1517 autem
2233 1462 2685 1531 praedestinatio
2736 1463 2849 1520 Dei
2892 1465 3132 1520 omnino
3182 1470 3268 1522 est
3292 1456 3660 1536 praeparatio

2005 1550 2239 1619 gratim,
2269 1548 2486 1606 falsum
2516 1562 2589 1606 ex
2617 1548 2964 1607 deﬁnitione
2991 1549 3153 1608 beati
3197 1550 3515 1623 Augustini
3570 1560 3664 1611 ar-

239 1639 443 1708 malo;
474 1639 635 1694 unde
663 1638 813 1694 iIlud
843 1643 961 1694 est:
993 1638 1107 1706 Qui
1133 1642 1332 1694 autem
1351 1637 1509 1692 male
1536 1638 1806 1705 egerunt,
1834 1632 1898 1687 in
1934 1652 1978 1709 Β
2009 1636 2227 1707 guitur,
2284 1637 2388 1711 qui
2441 1650 2747 1712 nusquam
2800 1638 3022 1695 dixisse
3068 1638 3363 1713 reperitur
3392 1651 3408 1696 :
3456 1634 3663 1698 Omnis

240 1729 735 1786 resurrectionem
766 1728 993 1799 judicii
1047 1728 1245 1798 (Joan.
1304 1743 1360 1792 γ,
1410 1726 1520 1793 29),
1569 1722 1900 1796 aliquando

240 1824 300 1874 et
326 1817 389 1874 in
408 1818 592 1885 bono,
630 1817 966 1873 secundum
1006 1816 1174 1889 quod
1214 1815 1441 1872 dictum
1470 1816 1577 1870 est.
1626 1814 1806 1881 Deus,
1838 1812 1901 1866 in

240 1908 481 1964 nomine
510 1913 610 1963 tuo
639 1908 877 1963 salvum
905 1921 999 1963 me
1022 1908 1149 1977 fac,
1181 1912 1236 1962 et
1264 1906 1325 1961 in
1358 1905 1580 1961 virtute
1606 1908 1712 1958 tua
1730 1900 1901 1971 judi-

245 2012 317 2054 σα
343 2012 435 2055 me
464 1998 650 2069 (Psal.
691 2011 810 2064 ιλιι,
843 1998 916 2068 3).
952 1998 1058 2051 Per
1077 1994 1371 2066 judicium
1424 1992 1652 2065 quippe
1694 1990 1799 2046 Dei
1835 1988 1905 2044 ﬁt

245 2085 381 2156 ipsa
408 2085 714 2141 bonorum
743 2084 1163 2156 malorumque
1188 2082 1486 2148 discretio,
1518 2085 1582 2137 ut
1611 2078 1742 2154 [al.,
1775 2077 1900 2149 ubi]

250 2172 545 2229 liberandi
572 2189 609 2229 a
637 2173 818 2241 malo,
863 2187 989 2228 non
1036 2170 1327 2244 perdendi
1358 2186 1496 2226 cum
1524 2168 1721 2236 malis,
1752 2166 1901 2224 boni

251 2262 333 2317 ad
360 2262 665 2318 dexteram
695 2264 1343 2333 segregentur,propter
1369 2260 1533 2331 quod
1551 2258 1647 2314 ille
1675 2258 1901 2314 clamat

247 2351 383 2422 [al.,
413 2349 737 2421 clamabat]
762 2367 774 2405 :
797 2350 1014 2406 Judica
1040 2364 1152 2417 me,
1184 2350 1362 2405 Deus.
1392 2349 1458 2402 Et
1485 2346 1634 2419 quid
1688 2344 1901 2401 dixerit

244 2438 407 2495 velut
473 2455 834 2513 exponens:
900 2440 981 2497 Et
1028 2439 1319 2507 discerne,
1379 2435 1596 2509 inquit,
1656 2449 1897 2492 causam

241 2543 435 2585 meam
463 2529 586 2600 (Ps.
624 2544 754 2595 xm),
791 2532 863 2595 1).
894 2528 931 2595 Ἰ-
971 2527 1130 2584 Sicut
1175 2541 1318 2595 ergo
1366 2523 1657 2597 judicium
1714 2523 1809 2580 vel
1836 2522 1898 2579 in

237 2617 425 2689 malo,
452 2617 548 2679 vel
566 2617 629 2674 in
653 2616 841 2685 bono,
874 2617 958 2675 ita
982 2616 1396 2674 incunctanter
1419 2614 1897 2688 praedestinatio-

235 2722 384 2769 nem
413 2706 511 2763 vel
527 2705 590 2761 in
619 2705 802 2773 malo,
829 2705 927 2763 vel
951 2707 1013 2762 in
1042 2705 1227 2775 bono,
1260 2704 1380 2760 dici
1432 2708 1488 2760 et
1512 2702 1756 2773 intelligi
1788 2719 1895 2759 vo-

236 2795 368 2863 luit,
392 2810 528 2868 qute
559 2811 596 2852 a
623 2795 726 2852 Dei
747 2795 975 2867 judicio
1003 2809 1393 2878 nequaquam
1422 2792 1639 2863 differt,
1669 2793 1897 2850 interea

236 2884 564 2942 subnectis.

316 3032 345 3039 ..
564 3026 571 3034 .
793 2990 1044 3032 JOANNES
1083 2988 1309 3033 SCOTUS.

288 3062 477 3147 (Cap.
515 3066 601 3131 i2,
633 3078 801 3120 num.
826 3067 1031 3132 6,sect.
1061 3065 1138 3131 3).
1170 3066 1210 3115 Θ
1238 3062 1307 3117 Si
1335 3067 1533 3118 autem
1559 3060 1751 3118 dicis:
1779 3061 1893 3119 Βο-

234 3169 388 3211 num
417 3158 502 3210 est
522 3153 958 3223 praedestinare
979 3153 1194 3222 impios
1231 3151 1312 3208 ad
1351 3167 1617 3221 plenam,
1667 3157 1720 3208 et
1766 3152 1894 3207 ideo

232 3244 401 3299 inter
426 3256 609 3310 opera
637 3243 748 3298 Dei
792 3242 1220 3312 reputandum,
1272 3241 1729 3311 respondemus:
1774 3242 1894 3297 Bo-

232 3347 412 3400 num,
440 3331 587 3401 quia
603 3332 878 3401 justum;
927 3331 1029 3387 sed
1059 3331 1338 3402 quoniam
1384 3346 1504 3386 non
1551 3336 1633 3386 est
1659 3332 1771 3387 Dei
1795 3330 1894 3387 do-

235 3436 410 3487 num,
443 3435 576 3476 cum
598 3421 726 3490 ejus
754 3421 831 3476 sit
845 3419 1169 3489 judicium,
1201 3423 1389 3477 omnis
1418 3425 1615 3477 autem
1638 3421 1896 3490 praedes-

231 3510 460 3569 tinatio
485 3509 592 3589 Dei
621 3510 860 3566 omnino
904 3514 989 3566 est
1014 3511 1383 3581 praeparatio
1412 3511 1645 3579 gratiae,
1677 3512 1893 3567 omnis-

225 3610 354 3670 que
375 3598 582 3668 gratia
612 3598 855 3670 donum,
883 3600 1212 3655 necessario
1244 3599 1553 3669 colligitur
1577 3600 1766 3654 omnis
1802 3599 1891 3655 di-

224 3688 383 3749 vina
404 3686 858 3756 praedestinatio
886 3687 1177 3743 donorum
1210 3690 1337 3758 ejus
1358 3688 1892 3757 preparations:-

222 3790 318 3832 na
336 3777 558 3845 procul
585 3775 766 3832 dubio
787 3776 996 3845 impios
1007 3777 1174 3846 juste
1201 3781 1455 3847 torquet,
1486 3791 1615 3847 qua:
1665 3776 1886 3834 donum

222 3881 355 3922 non
384 3870 512 3936 est;
539 3865 808 3936 alioquin
836 3866 891 3927 si
943 3870 1088 3921 esset
1118 3865 1361 3929 donum,
1394 3881 1514 3922 non
1562 3871 1884 3937 torqueret,

220 3954 339 4013 sed
368 3955 572 4025 utique
593 3954 908 4013 liberaret:
941 3969 1062 4011 non
1099 3958 1184 4011 est
1210 3956 1402 4025 igitur
1429 3955 1889 4023 prmdestinatio

220 4059 464 4115 parmas;
495 4044 657 4115 quod
676 4044 728 4099 si
755 4049 921 4108 esset,
952 4058 1072 4100 non
1097 4049 1243 4100 esset
1264 4057 1471 4114 paena,
1502 4043 1605 4098 sed
1643 4044 1889 4112 gratia:

223 4139 321 4193 est
349 4138 551 4191 autem
572 4148 780 4204 paena,
805 4149 926 4190 non
956 4139 1039 4190 est
1058 4134 1249 4204 igitur
1272 4132 1722 4203 praedestmatio
1738 4134 1887 4201 ejus.

902 4238 1202 4281 CORRECTIO
1210 4266 1224 4279 .

306 4313 344 4380 i'
372 4312 671 4374 Quantum
689 4327 726 4369 a
743 4312 986 4370 veritate
1015 4312 1360 4382 abhorreas,
1390 4315 1448 4368 et
1477 4326 1614 4368 cum
1642 4308 1887 4369 Baalam

229 4401 462 4475 apertis
491 4400 682 4479 oculis
712 4400 915 4469 cadas,
944 4400 1215 4474 quisquis
1244 4399 1554 4471 diligenter
1575 4398 1891 4472 legerit,t’a-

236 4489 354 4547 cile
382 4488 729 4560 pervidebit.
757 4490 967 4547 Dicens
996 4489 1218 4562 itaque,
1253 4490 1469 4565 bonum
1517 4504 1638 4546 esse
1663 4489 1891 4559 prinde-

234 4579 476 4637 stinare
496 4578 702 4655 impios
731 4580 812 4637 ad
830 4594 1093 4650 poenam,
1124 4582 1263 4652 quia
1288 4582 1514 4649 justum
1544 4579 1754 4651 procul
1782 4578 1890 4635 du-

230 4668 343 4725 bio
372 4667 593 4740 apertis
613 4668 800 4743 oculis
829 4684 1038 4725 verum
1063 4667 1247 4724 vides.
1269 4667 1617 4738 Adjungens
1646 4672 1884 4726 autem:

234 4758 365 4817 Sed,
382 4758 664 4829 quoniam
701 4774 823 4817 non
852 4764 935 4816 est
961 4758 1074 4814 Dei
1099 4757 1344 4824 donum,
1383 4771 1516 4813 cum
1546 4760 1673 4827 ejus
1693 4759 1768 4814 sit
1787 4760 1890 4828 ju-

2007 1724 2456 1799 praedestinatio
2479 1726 2580 1783 Dei
2610 1728 2815 1797 gratiae
2845 1728 2937 1785 est
2960 1727 3343 1802 praeparatio,
3378 1722 3485 1786 sed
3528 1729 3665 1787 sim-

2008 1813 2257 1888 pliciter,
2289 1815 2434 1888 quia
2463 1815 2785 1872 veraciter:
2817 1812 3266 1874 Praadestinatio
3308 1817 3413 1873 Dei
3436 1810 3575 1891 qua
3599 1818 3664 1879 in

2007 1904 2175 1961 bo'no
2208 1908 2316 1970 est;
2343 1904 2549 1973 gratiae
2579 1908 2670 1962 est
2693 1904 3252 1979 praeparatiOJSieut
3272 1916 3416 1976 ergo
3436 1906 3665 1977 justitia

2011 1991 2113 2049 Dei
2133 1996 2315 2065 atque
2336 1992 2636 2064 judicium
2664 1992 2844 2050 bonis
2880 1993 3065 2067 bona,
3095 1990 3153 2051 et
3178 1993 3356 2052 malis
3386 1988 3551 2051 maia
3575 1988 3641 2051 rei

2010 2080 2309 2137 tribuunt:
2337 2080 2418 2138 ita
2459 2081 2905 2155 praedestinatio
2942 2082 3120 2141 bonis
3168 2082 3434 2156 bonajet
3482 2082 3663 2141 malis

2008 2169 2175 2226 mala
2202 2170 2591 2227 retribuenda
2619 2171 2934 2245 disposuit;

2081 2259 2303 2316 Deinde
2329 2260 2599 2317 inserens
2625 2260 2780 2334 (cap,
2808 2261 2891 2331 12,
2920 2274 3086 2331 num,
3124 2264 3177 2331 8;
3197 2264 3339 2320 sect.
3362 2262 3419 2334 4)
3440 2275 3456 2318 :
3476 2262 3670 2320 Pana

2005 2350 2220 2420 procul
2267 2349 2448 2405 dubio
2497 2350 2708 2420 impios
2740 2352 2909 2420 juste
2963 2355 3221 2424 torquet;
3269 2360 3402 2423 quae
3443 2350 3668 2407 donum

2007 2453 2127 2495 non
2148 2444 2275 2509 est;
2304 2438 2575 2509 alioquin
2626 2439 2681 2495 si
2704 2444 2851 2496 esset
2877 2439 3119 2508 donum;
3175 2444 3297 2497 non
3342 2434 3666 2513 torqueret,

2004 2528 2109 2584 sed
2126 2529 2332 2600 utique
2355 2527 2666 2585 liberaret:
2706 2542 2828 2586 non
2858 2537 2944 2586 est
2996 2530 3187 2600 igitur
3206 2528 3667 2600 prwdesttn‘atto

1995 2618 2339 2687 painteﬁur
2366 2632 2489 2673 non
2519 2617 2843 2690 perpendis
2871 2617 3016 2691 quia
3039 2617 3204 2687 justa
3233 2622 3324 2675 est
3366 2621 3425 2674 et
3451 2617 3532 2674 ad
3561 2620 3667 2683 Dei

1999 2706 2290 2778 justitiam
2314 2707 2642 2781 pertinens,
2674 2705 2899 2781 pinna?
2930 2704 3136 2782 itaque
3181 2707 3331 2782 quia
3371 2705 3659 2766 concedis

1998 2796 2158 2867 juste
2184 2795 2404 2869 impios
2434 2810 2618 2870 poena
2654 2797 2939 2871 torqueri;
2963 2795 3262 2856 concedas
3304 2808 3549 2856 necesse
3578 2798 3667 2855 est

2001 2884 2235 2942 bonum
2263 2901 2413 2954 esse,
2436 2886 2773 2959 quiaomne
2792 2886 3025 2958 justum
3051 2886 3469 2957 bonum;Ergo
3493 2882 3542 2943 si
3560 2886 3665 2944 bd-

1922 3003 1965 3061 c
2002 2990 2150 3031 num
2180 2980 2269 3032 est
2297 2974 2442 3048 quia
2473 2975 2728 3061 justum,
2764 2974 3259 3061 constatwimpios
3306 2990 3492 3049 pmna
3549 2978 3666 3032 tor-
3712 3015 3727 3019 -

2002 3064 2193 3149 queri,
2221 3064 2439 3149 falsum
2470 3053 2719 3149 estnon
2760 3054 2895 3120 esse
2924 3050 3512 3149 praedestinatj‘onem
3536 3077 3663 3143 pce-

2006 3136 2121 3221 Hm;
2157 3136 2301 3235 quia
2326 3136 2848 3235 quemadmodum
2870 3136 3107 3225 justiIm
3123 3150 3212 3235 est
3228 3136 3663 3235 retiibuerejita

2000 3222 2287 3300 nimiriim
2312 3222 2543 3313 jii'stu‘in
2593 3222 2964 3321 perindeque
3016 3222 3249 3319 bonum
3306 3222 3427 3321 fuit
3454 3222 3664 3321 identi-

2000 3324 2140 3412 dem
2195 3310 2679 3412 prae-destinasse.
2723 3316 2841 3388 Nisi
2862 3310 3058 3412 Ῐεηίιῃ
3090 3314 3244 3412 esset
3266 3310 3514 3412 iustitia,
3548 3316 3659 3412 se:

1998 3403 2449 3503 praedestinatio
2480 3404 2909 3503 praecessisset,
2935 3403 3158 3503 neque
3169 3403 3467 3503 judicium
3505 3404 3662 3503 fritil-

1996 3498 2134 3593 rum
2160 3498 2725 3593 essetirestnautem
2770 3498 3072 3593 judiciuiii
3126 3498 3660 3593 qudhretribuatur

1997 3588 2322 3675 unicui'due‘
2354 3586 2687 3659 secundum
2717 3584 2873 3677 opus
2900 3584 3168 3676 ejusiest
3192 3584 3372 3676 iéiiiii‘
3392 3584 3658 3679 pierides-

1996 3692 2205 3750 tinatio
2234 3692 2508 3765 ejusdem
2550 3691 2783 3765 judiciig,
2840 3692 2902 3750 id
2933 3690 3022 3750 est
3069 3694 3432 3769 praeparatio
3478 3698 3659 3769 atque

1996 3782 2310 3855 dispositio
2348 3782 2411 3839 in
2439 3782 2819 3855 praescientia
2872 3781 2974 3839 Dei
3008 3780 3350 3840 futurorum
3401 3784 3658 3857 operum

1996 3871 2163 3944 ejus;
2191 3874 2279 3926 est
2303 3869 2482 3927 etiam
2508 3885 2692 3941 paena
2720 3885 2859 3941 quas
2880 3868 3243 3926 retribuatur
3273 3868 3658 3941 impiis;sicut

1996 3962 2086 4015 est
2113 3957 2431 4030 praemium
2460 3957 2628 4029 quod
2654 3956 3022 4012 retribuatur
3050 3956 3188 4028 piis;
3221 3959 3288 4013 Et
3313 3956 3430 4012 hoc
3457 3960 3547 4013 est
3564 3961 3655 4014 to-

1997 4050 2126 4105 tum
2141 4043 2599 4117 prtedestinasse
2634 4044 2844 4111 Deum,
2882 4042 3049 4115 quod
3083 4046 3212 4101 erat
3233 4043 3368 4118 ipso
3412 4040 3654 4102 auctore

1996 4134 2288 4201 futurum,
2318 4131 2735 4191 misericordia
2750 4130 2972 4189 scilicet
2995 4135 3177 4207 atque
3198 4130 3656 4206 iudiciumne-

1996 4238 2073 4286 ne
2098 4224 2283 4281 miror
2307 4222 2636 4293 caecitatem
2667 4224 2834 4279 tuam
2858 4220 3163 4281 interdum
3216 4228 3458 4296 negare;
3482 4220 3658 4284 inter-

1997 4314 2146 4373 dum
2175 4312 2532 4373 conﬂrmare
2551 4318 2769 4386 poenas
2798 4332 2811 4369 :
2832 4326 2978 4370 nam
3006 4311 3112 4386 qui
3127 4312 3423 4371 hactenus
3442 4326 3655 4388 pmnas

1997 4404 2256 4477 peccatis
2303 4401 2541 4475 debitas
2596 4404 3036 4475 usquequaque
3082 4401 3438 4473 negaveras;
3490 4398 3655 4460 nunc

1997 4492 2298 4551 conﬁteris
2351 4490 2648 4551 dicendo:
2697 4492 2889 4549 Plena
2934 4490 3155 4562 procul
3209 4490 3391 4548 dubio
3442 4488 3655 4560 mirio:

1987 4584 2153 4654 juste
2181 4586 2435 4652 torquet.
2469 4583 2538 4637 Et
2562 4580 2709 4657 item
2732 4595 2747 4636 :
2770 4580 2882 4636 Est
2912 4584 3114 4637 autem
3142 4580 3360 4649 paena:
3391 4580 3656 4651 cumque

1992 4670 2125 4741 iam
2154 4684 2399 4740 Ραθῐιθιω
2429 4667 2946 4738 ῐᾶιθδινὶεῄιιεδηὶω
2973 4667 3224 4741 plenum
3254 4664 3655 4740 deprehendi-

2000 4762 2098 4823 tur
2120 4756 2867 4830 prtedestinationemejus
2905 4768 3150 4828 negare,
3181 4768 3321 4830 qua:
3358 4756 3523 4829 juste
3545 4760 3655 4815 est.

239 4847 464 4904 (licium
482 4863 505 4905 ,ο
534 4863 657 4904 non
689 4853 771 4905 est
796 4848 986 4919 igitur
996 4846 1451 4918 prtedestinatio
1472 4861 1671 4916 paena?
1693 4866 1711 4915 ς
1732 4848 1892 4919 quod
2002 4850 2191 4911 Omne
2215 4845 2441 4920 quippe
2466 4846 2699 4918 justum
2724 4845 2994 4905 bonum:
3020 4846 3186 4905 bona
3214 4850 3304 4906 est
3329 4861 3474 4919 ergo
3504 4850 3657 4923 pras-

238 4938 297 4994 si
320 4942 487 5005 esset,
518 4953 649 5009 non,
673 4942 817 4993 esset
830 4952 1036 5006 paena,
1062 4936 1165 4992 sed
1184 4937 1410 5005 gratia,
1439 4935 1751 5010 perspicue
1767 4937 1893 5009 jus-
2000 4935 2324 4996 destinatio
2352 4951 2573 5009 paenae,
2612 4935 2765 4994 sicut
2809 4935 3042 5007 judicli,
3090 4937 3241 5012 quia
3286 4938 3413 4996 sine
3468 4936 3658 4998 dubio

237 5027 431 5085 titiam
465 5027 569 5083 Dei
598 5030 779 5099 atque
818 5026 1115 5097 judicium
1144 5029 1247 5082 aut
1294 5026 1531 5098 penitus
1557 5043 1765 5099 negas,
1794 5033 1897 5086 aut
1995 5028 2179 5101 juste.
2210 5024 2364 5083 Nihil
2392 5029 2594 5084 autem
2623 5024 2918 5099 injustam
2940 5026 3173 5085 bonum
3198 5043 3211 5100 ;
3241 5040 3423 5087 omne
3456 5033 3659 5088 autem

239 5115 494 5173 omnino
522 5115 689 5173 mala
710 5130 841 5171 esse
866 5114 1208 5172 conﬁrmas.
1254 5115 1311 5174 Si
1339 5116 1501 5175 enim
1547 5117 1695 5175 nihil
1731 5117 1895 5176 aliud
1998 5118 2232 5191 justum
2255 5114 2511 5193 bonum;
2530 5114 2764 5175 bonum
2778 5114 2960 5190 igitur
2978 5118 3422 5192 praedestinatio
3441 5132 3661 5194 poena,

226 5203 501 5277 pertinet
531 5204 610 5261 ad
638 5203 972 5262 bonitatem
1010 5204 1113 5260 Dei
1141 5220 1333 5277 quam
1389 5205 1554 5264 dona
1588 5208 1774 5277 gratis
1804 5207 1899 5265 tri-
2003 5207 2147 5282 quia
2172 5205 2384 5280 procul
2411 5204 2599 5266 dubio
2623 5206 2876 5278 justum.

239 5293 452 5365 buere,
482 5297 665 5351 restat
710 5297 775 5369 ut
805 5292 1054 5364 justitia,
1088 5294 1502 5368 judiciumque
1557 5295 1733 5364 illius,
1765 5297 1898 5369 qui-
2075 5297 2456 5371 Quapropter
2470 5294 2941 5370 frivolapr'orsus
2960 5299 3332 5358 convincitur
3345 5305 3667 5367 argumen-

240 5382 360 5439 bus
385 5382 630 5457 reprobi
662 5383 1015 5456 puniuntur,
1036 5387 1146 5441 aut
1171 5384 1333 5443 mala
1353 5385 1488 5452 sint,
1521 5388 1625 5442 aut
1652 5387 1900 5443 omnino
2008 5387 2151 5447 tatio
2176 5392 2309 5459 tua,
2328 5404 2468 5447 cum
2492 5388 2557 5447 id
2575 5388 2813 5447 conaris
2834 5394 3091 5450 evertere
3126 5389 3293 5464 quod
3334 5391 3391 5445 et
3408 5385 3667 5445 auctori-

245 5480 370 5529 non
391 5473 527 5531 sint.
563 5475 783 5531 Omnes
803 5477 1007 5531 autem
1034 5474 1348 5548 Scripturm
1378 5475 1564 5531 Deum
1594 5478 1650 5531 et
1671 5475 1902 5548 justum
2011 5481 2102 5537 tas
2138 5482 2197 5536 et
2231 5480 2384 5538 ratio
2430 5479 2746 5555 perspicue
2774 5482 3157 5555 persuadent.
3198 5479 3501 5538 Sententia
3520 5472 3666 5536 vam

236 5565 307 5619 et
324 5561 597 5631 judicem
634 5562 933 5634 clamant;
960 5579 1099 5637 quae
1131 5563 1181 5621 si
1218 5563 1386 5620 bona
1412 5577 1534 5619 non
1579 5567 1734 5635 sunt,
1761 5566 1906 5640 quia
2014 5569 2350 5638 Augustini,
2398 5586 2587 5644 quam
2634 5570 3077 5629 conﬁrmationi
3122 5561 3665 5643 prmdestinatiottih

249 5650 416 5709 dona
442 5666 567 5710 non
607 5655 764 5726 sunt,
811 5652 959 5727 quid
1003 5653 1169 5711 aliud
1196 5655 1401 5724 restat,
1447 5650 1566 5710 nisi
1613 5658 1678 5717 ut
1716 5669 1902 5729 neges
2019 5655 2297 5726 adhibes,
2338 5672 2577 5735 semper
2602 5660 2668 5719 in
2691 5659 2869 5718 denis
2904 5654 3433 5730 divlmb'largitutis
3460 5648 3671 5715 intuli-
