4116 6186
456 178 592 233 H75

1529 169 1616 226 ~S.
1651 167 2023 225 PRUDENTII
2046 166 2431 227 TRECENSIS
2471 169 2786 228 EPISCOPI

3751 179 3895 233 11⁸76

460 298 697 370 gendaa,
725 311 974 370 prorsus
1003 293 1065 349 in
1093 291 1262 349 nullo
1290 295 1405 349 tuae
1431 292 1894 350 adminiculatur
1923 307 2114 348 asser-
2147 292 2194 344 A
2225 308 2358 349 rum
2379 295 2714 364 prOpriam,
2747 294 2968 351 mirum
2998 298 3297 368 estquare
3317 297 3629 370 propriam
3673 315 3896 373 repro-

467 383 902 444 tioni.Dicendo
925 382 1084 438 enim
1111 386 1380 450 (August.
1411 382 1485 438 de
1515 383 1668 437 Don.
1698 397 1949 452 persev.,
1981 396 2115 452 cap.

469 479 529 533 17
558 476 620 531 in
649 473 808 542 tine):
834 473 971 527 Haec
999 470 1103 526 Dei
1133 470 1317 540 dona,
1348 470 1396 527 si
1424 471 1592 527 nulla
1616 475 1704 528 est
1734 470 2118 543 praedestina-

463 565 544 622 tio
573 578 761 636 quam
805 559 1208 628 defendimus,
1249 575 1374 616 non
1430 560 1826 632 prresciuntur
1872 575 1909 616 a
1962 562 2116 620 Deo:

464 651 867 726 praesciuntur
889 653 1090 706 autem
1124 667 1136 706 :
1169 653 1301 704 Ilaec
1333 653 1420 706 est
1445 649 1626 717 igitur
1671 649 2118 721 preedestinatio

462 758 651 816 quam
681 738 1252 797 defendimus.Unde
1280 737 1606 810 aliquando
1627 738 1840 794 eadem
1857 737 2119 810 praedes-

363 874 378 883 .
463 829 673 886 tinatio
696 827 1067 898 signiﬁcatur
1097 828 1275 883 etiam
1305 827 1550 883 nomine
1582 827 1988 900 praescientiee,
2041 827 2118 882 si-

463 924 565 977 cut
592 920 674 976 ait
701 918 1054 992 Apostolus:
1088 919 1221 974 Non
1245 919 1467 987 repulit
1492 921 1643 973 Deus
1672 918 1897 988 plebem
1926 933 2116 984 suam,

467 1026 645 1083 quam
677 1010 979 1080 prcescivit
999 1008 1182 1078 (Rom.
1210 1024 1289 1074 x1,
1322 1009 1396 1078 2).
1429 1010 1548 1062 Hoc
1579 1007 1744 1079 quod
1773 1007 1854 1062 ait
1878 1008 2121 1078 prcesci—

464 1101 570 1168 vit,
593 1113 717 1154 non
745 1102 901 1154 recte
932 1095 1274 1166 intelligitur
1295 1095 1406 1151 nisi
1435 1095 1900 1168 prmdestinavit.
1936 1099 2122 1151 Etcee-

468 1194 593 1246 tera
621 1205 754 1262 quae
781 1190 1135 1261 sequuntur,
1182 1186 1256 1242 de
1301 1202 1372 1242 ea
1401 1202 1537 1258 quae
1568 1187 1647 1242 ad
1674 1190 1914 1242 sanctos
1943 1186 2122 1258 perti-

465 1283 586 1348 net,
619 1293 681 1333 se
712 1275 1132 1334 tantummodo
1149 1274 1368 1331 dixisse
1389 1275 1810 1342 manifestavit,
1841 1274 2123 1331 addendo

467 1366 758 1436 videlicet,
789 1381 977 1438 quam
1018 1364 1422 1434 defendimus,
1477 1380 1610 1420 eam
1650 1364 1872 1436 quippe
1923 1363 2126 1420 defen-

466 1455 734 1513 dendam
765 1458 1152 1528 susceperat;
1185 1455 1477 1526 quoniam
1507 1454 1719 1509 eadem
1771 1454 1902 1524 jam
1931 1454 2126 1526 impu-

467 1545 770 1616 gnabatur
793 1561 830 1600 a
855 1544 991 1613 tuis,
1021 1547 1084 1598 ut
1108 1543 1191 1598 ita
1217 1543 1492 1607 dixerim,
1525 1542 2082 1615 propugnatoribus
2108 1560 2122 1612 ;

2227 381 2446 438 borum
2476 383 2715 450 dixeris,
2766 400 2905 439 cum
2932 385 3150 441 veritas
3178 385 3526 442 Christianae
3581 388 3729 445 ﬁdei
3780 391 3896 447 ha-

2227 471 2387 539 beat,
2420 477 2668 545 excepto
2698 473 2816 530 Deo
2863 477 2921 530 et
2949 474 3202 530 Domino
3231 485 3437 532 nostro
3461 477 3602 533 Jesu
3630 479 3893 548 Christo,

2227 560 2462 617 nullum
2491 577 2565 617 ex
2611 563 2941 634 peccatrice
2971 563 3305 636 propagine
3349 565 3465 620 nisi
3493 573 3896 638 peccatorum

2228 649 2417 715 nasci,
2447 650 2816 723 perindeque
2842 667 3089 724 pcenam
3137 653 3303 722 justo
3336 653 3438 710 Dei
3479 656 3716 727 judicio
3748 675 3894 731 pro-

2228 739 2460 795 mereri.
2479 743 2558 796 Ac
2595 755 2704 812 per
2731 740 2844 796 hoc
2873 741 3396 814 quemadmodum
3426 760 3642 801 omnes
3669 763 3895 819 pecca-

2232 831 2387 883 tores
2432 836 2662 885 naturae
2695 829 2962 900 traduce,
3003 832 3086 887 ita
3141 847 3354 888 omnes
3413 833 3610 905 poenis
3649 835 3894 894 debitos

2229 915 2640 974 incunctanter
2669 921 2944 975 tenemus
2971 937 2984 987 ;
3008 924 3064 976 et
3103 920 3257 976 sicut
3284 938 3322 978 a
3349 927 3596 995 peccato
3617 940 3744 981 non
3775 928 3894 983 nisi

2231 1009 2487 1076 gratuita
2508 1009 2714 1078 gratia.
2739 1009 2821 1065 ita
2847 1025 2884 1066 a
2915 1010 3108 1082 poenis
3141 1026 3262 1067 non
3293 1011 3414 1068 nisi
3457 1013 3673 1070 eadem
3705 1017 3892 1072 mise-

2229 1096 2488 1153 ricordia
2523 1096 2750 1154 liberat.
2778 1099 3022 1171 Propria
3042 1105 3130 1156 est
3167 1116 3310 1170 ergo
3336 1107 3724 1174 peccatorum
3756 1122 3894 1161 om-

2230 1187 2398 1242 nium
2427 1203 2628 1260 pcena,
2677 1188 2830 1244 sicut
2855 1193 2992 1261 post
3024 1189 3286 1261 primam
3337 1194 3889 1261 transgressionem

2231 1275 2528 1347 peccatrix
2556 1281 2642 1332 est
2671 1275 2944 1332 omnium
2966 1283 3216 1333 natura:
3247 1283 3304 1333 et
3324 1279 3409 1335 ita
3429 1281 3692 1337 omnium
3716 1299 3894 1339 com-

2232 1363 2434 1418 munis
2462 1367 2552 1418 est
2613 1379 2815 1436 poena,
2865 1364 3016 1420 sicut
3072 1365 3416 1421 communis
3473 1373 3561 1423 est
3607 1370 3890 1427 omnium

2233 1451 2430 1524 culpa,
2453 1451 2684 1508 dicente
2705 1452 3016 1525 Apostolo:
3039 1454 3202 1510 Sicut
3234 1469 3347 1523 per
3373 1470 3561 1512 unum
3592 1458 3888 1515 hominem

2228 1547 2543 1610 peccatum
2575 1543 2828 1597 intravit
2874 1542 2938 1597 in
2972 1542 3285 1613 mundum,
3335 1549 3389 1600 et
3411 1559 3531 1614 per
3577 1554 3880 1616 peccatum

468 1634 622 1689 sicut
646 1632 898 1705 epistola
924 1632 1198 1704 Prosperi
1219 1631 1487 1687 etHilarii
1517 1631 1597 1687 ad
1623 1647 1782 1702 eum,
1809 1635 1865 1688 et
1885 1643 2128 1704 respon-
2160 1646 2203 1700 Β
2233 1645 2392 1684 mors
2414 1631 2598 1700 (Rom.
2632 1647 2686 1700 v,
2711 1630 2814 1701 t2);
2847 1635 2903 1686 et
2923 1631 3138 1687 iterum
3163 1648 3176 1688 :
3203 1632 3276 1688 In
3306 1648 3423 1704 quo
3453 1649 3649 1692 omnes
3677 1651 3886 1706 pecca-

471 1720 561 1778 sio
596 1721 749 1792 ejus,
792 1719 1116 1792 titulusque
1145 1719 1300 1789 libri,
1335 1724 1514 1792 atque
1544 1719 1698 1776 actio
1730 1721 1875 1776 satis
1902 1724 2128 1792 aperte-

467 1826 588 1883 que
616 1809 943 1876 declarant,
976 1808 1234 1864 necdum
1257 1823 1524 1880 namque
1553 1808 1994 1881 prsedestinatio
2016 1809 2126 1864 im-

466 1899 708 1972 piorum
738 1902 994 1970 caeperat
1013 1897 1318 1966 denegari,
1349 1913 1537 1970 quam
1568 1898 1904 1971 frequenter
1931 1899 1992 1954 in
2023 1900 2128 1954 Pe-

465 1987 848 2058 lagianorum
901 1985 1081 2043 etiam
1123 1986 1290 2042 libris
1333 1990 1512 2059 atque
1544 1987 1813 2056 Origenis
1866 1988 2127 2060 positam

471 2077 843 2144 invenimus,
873 2091 1134 2150 quorum
1185 2075 1409 2132 idcirco
1473 2077 1808 2133 testimonia
1863 2077 2127 2150 proferre

469 2182 593 2223 non
622 2165 1031 2223 necessarium
1055 2165 1358 2234 duximus;
1391 2166 1681 2239 quoniam
1698 2165 2126 2222 catholicorum

468 2256 860 2314 munimentis
881 2271 994 2313 nos
1016 2255 1351 2324 abundare,
1383 2256 1619 2313 favente
1646 2257 2126 2328 Domino,copio-

473 2345 596 2402 sius
627 2345 1106 2416 congaudemus.
1143 2345 1291 2401 Hinc
1317 2345 1664 2418 interposita
1692 2345 1851 2402 beati
1899 2351 2129 2416 Augus-

471 2435 578 2492 tini
609 2436 923 2503 sententia,
956 2451 1145 2508 quam
1171 2451 1244 2491 ex
1268 2434 1422 2491 libro
1451 2435 1604 2491 illius
1637 2435 1712 2491 de
1733 2437 1900 2492 Dono
1930 2452 2127 2508 perse-

473 2525 756 2581 verantiae
788 2525 1155 2596 decerptam,
1185 2524 1301 2580 tuis
1331 2524 1668 2580 actionibus
1718 2525 2124 2588 inserendam,

476 2613 755 2684 quamvis
785 2613 984 2684 inepte
1013 2629 1260 2685 prorsus
1289 2615 1591 2684 censuisti,
1624 2631 1747 2687 qua
1767 2615 1841 2671 de
1871 2614 2132 2687 praedes-

476 2700 763 2757 tinatione
785 2703 1136 2756 sanctorum
1164 2700 1416 2757 ﬁdeliter
1459 2702 1780 2774 disputans
1809 2703 2129 2776 praescien-

478 2789 623 2847 tiam
650 2804 760 2861 pro
782 2803 854 2844 ea
876 2787 1204 2862 aliquando
1219 2788 1365 2861 poni
1387 2789 1578 2847 solere
1599 2789 1860 2859 edocuit,
1885 2807 2133 2848 consue-

476 2882 539 2938 to
570 2878 674 2936 tibi
693 2894 893 2936 errore
921 2878 1382 2950 argumentaris.

1036 3020 1290 3062 JOANNES
1331 3021 1557 3062 SCOTUS.

550 3112 718 3185 (Cap.
755 3112 837 3176 10,
864 3127 1032 3168 num.
1066 3115 1151 3183 10,
1183 3115 1323 3170 sect.
1343 3113 1419 3185 5).
1448 3118 1486 3167 6
1511 3114 1735 3186 Omnis,
1759 3114 1970 3189 inquit,
1985 3132 2136 3187 pras-

479 3204 727 3260 scientia
776 3204 1083 3274 pertinens
1140 3204 1222 3261 ad
1276 3206 1487 3262 electos
1525 3207 1978 3276 prwdestinatio
2004 3214 2133 3266 est:

479 3294 656 3350 nulla
678 3294 1138 3363 prcedestinatio
1160 3295 1280 3349 nisi
1304 3296 1624 3353 electorum
1665 3305 1746 3354 est
1771 3314 1784 3352 :
1818 3299 1996 3354 nulla
2025 3299 2136 3368 igi-

483 3386 585 3437 tur
601 3383 983 3452 praescientia
1007 3383 1316 3451 pertinens
1341 3383 1424 3439 ad
1449 3385 1663 3440 electos
1680 3386 2136 3454 praedestinatio

481 3486 603 3526 non
635 3474 738 3525 est.
762 3469 989 3524 Nullus
1021 3471 1267 3539 eligitur
1295 3472 1377 3526 ad
1402 3488 1660 3542 pwnam,
1680 3475 1969 3545 quomodo
1998 3491 2137 3545 ergo

479 3555 949 3628 prwdestinatur
967 3571 1310 3628 poenaque;
1336 3561 1722 3629 reproborum
1753 3568 1834 3620 est
1854 3565 2138 3634 propria?

1169 3681 1492 3722 CORRECTIO.

553 3772 590 3839 -ῐι
621 3772 763 3838 Quae
785 3773 1224 3842 argumentatio
1245 3789 1319 3830 ex
1347 3775 1824 3847 praecedentibus
1843 3778 1994 3836 falsa
2009 3795 2136 3836 esse

483 3860 875 3919 convincitur.
914 3861 1125 3918 Dicens
1154 3863 1378 3938 quippe
1409 3870 1601 3934 (num.
1639 3867 1745 3939 lt),
1777 3871 1952 3926 nulla
1976 3886 2136 3940 pra:-

481 3951 806 4008 destinatio
854 3951 976 4007 nisi
1020 3953 1343 4010 electorum
1391 3961 1495 4023 est,
1544 3957 1832 4024 mentiris,
1886 3959 2030 4032 quia
2081 3963 2139 4017 et

486 4039 803 4112 Scripturee
828 4043 1051 4097 sanctis
1075 4042 1398 4100 auctoritas
1429 4047 1487 4100 et
1519 4050 1867 4104 sanctorum
1896 4051 2136 4105 Patrum

482 4128 852 4185 unanimites
879 4128 1212 4188 destinatos
1238 4131 1335 4189 vel
1361 4134 1841 4205 prmdestinatos,
1889 4142 2134 4211 paratos

482 4217 581 4274 vel
608 4222 1000 4290 praeparatos,
1045 4235 1116 4276 ac
1140 4221 1457 4293 deputatas
1488 4223 1567 4279 ad
1595 4239 1840 4296 poenam
1871 4226 1966 4282 vel
1993 4226 2136 4282 inte-

483 4307 665 4364 ritum
692 4307 954 4365 infucate
983 4313 1163 4383 atque
1193 4312 1566 4368 concorditer
1594 4313 2136 4390 indicat.Quodque

483 4395 704 4453 infers:
735 4398 964 4455 Nullus
995 4399 1242 4469 eligitur
1265 4397 1347 4455 ad
1373 4415 1648 4470 pwnam:
1677 4404 1966 4473 quomodo
1995 4420 2136 4476 ergo

477 4487 952 4556 przdestinatur
975 4504 1318 4562 parumque?
1335 4491 1722 4561 reproborum
1743 4499 1828 4550 est
1852 4496 2139 4565 propria?

483 4577 706 4635 videris
724 4577 1052 4651 intelligere
1081 4579 1432 4639 electionem
1462 4586 1519 4640 et
1545 4583 2133 4658 praedestinationem

483 4683 676 4726 unum
698 4685 849 4742 esse,
879 4687 1020 4727 cum
1055 4670 1388 4743 plurimum
1415 4672 1699 4730 interesse
1740 4675 1941 4732 nullus
1969 4675 2136 4746 igno-

483 4761 607 4815 ret:
649 4775 795 4816 nam
834 4760 998 4817 aliud
1025 4760 1261 4832 eligere,
1316 4761 1480 4820 aliud
1525 4781 1658 4821 esse
1711 4765 2134 4840 praedestinare

483 4847 621 4918 quis
648 4850 920 4906 nesciat?
945 4851 1104 4908 Sicut
1129 4853 1291 4910 enim
1337 4853 1503 4910 aliud
1557 4859 1650 4912 est
1692 4856 1928 4924 eligere,
1971 4856 2134 4913 aliud

485 4932 825 5003 disponere,
879 4937 962 4994 ita
991 4938 1153 4995 aliud
1198 4946 1287 4998 est
1315 4942 1552 5012 eligere,
1591 4943 1754 4999 aliud
1800 4945 2132 5002 destinare:

485 5021 776 5091 quoniam
805 5024 1102 5082 destinare
1117 5027 1208 5083 vel
1233 5031 1663 5102 prasdestinare
1687 5048 1810 5088 non
1828 5049 1957 5089 esse
1973 5031 2138 5088 aliud

485 5122 673 5181 quam
701 5110 1023 5184 disponere
1039 5114 1136 5171 vel
1164 5131 1527 5193 praeparare,
1553 5121 1646 5177 vel
1660 5121 1956 5195 quidquid
1977 5121 2138 5177 idem

487 5197 806 5269 signiﬁcat,
835 5200 966 5272 jam
997 5219 1180 5276 supra
1224 5213 1624 5267 monstratum
1656 5215 1762 5267 est.
1790 5213 1970 5265 Porro
2001 5209 2139 5281 eligi

482 5305 859 5364 quemquam
872 5292 952 5348 ad
971 5308 1215 5365 poenam
1236 5295 1332 5352 vel
1350 5297 1656 5356 interitum
1677 5299 1879 5356 divina
1899 5298 2140 5371 eloquia

481 5393 619 5434 raro
641 5385 963 5450 testantur;
1023 5383 1439 5454 praedestinari
1495 5404 1634 5444 vero
1689 5403 1904 5462 plenas
1939 5387 2139 5443 omnis

481 5467 702 5523 Veteris
784 5475 842 5528 et
903 5471 1052 5528 Novi
1137 5469 1504 5531 Testamenti
1586 5476 1888 5550 Scriptura
1964 5480 2141 5532 testa-

478 5560 592 5616 tur.

550 5646 666 5711 Sed
707 5649 878 5723 quod
917 5650 1068 5712 dicis
1092 5655 1286 5728 (num.
1323 5656 1410 5732 l2)
1431 5671 1676 5732 plenam
1707 5671 1826 5716 esse
1860 5655 2138 5732 reprobo-

2235 1720 2448 1770 verunt
2480 1715 2674 1785 (Ibid).

2306 1805 2470 1858 Certe
2519 1803 2832 1860 traditione
2885 1806 3187 1876 majorum
3246 1806 3500 1879 primum
3545 1801 3893 1881 hominem,

2235 1891 2514 1964 quamvis
2547 1897 2665 1947 tam
2699 1893 2955 1961 graviter
3003 1895 3351 1967 peccaverit,
3383 1900 3445 1951 ut
3470 1913 3654 1954 omne
3686 1898 3898 1954 homi-

2235 1996 2382 2036 num
2415 1996 2606 2048 genus
2635 1997 2708 2036 ex
2732 1997 2843 2037 sua
2867 1983 3198 2056 propagine
3210 1998 3315 2056 per
3342 1983 3733 2042 concubitum
3760 2004 3897 2044 ma-

2236 2069 2316 2124 ris
2354 2074 2411 2125 et
2435 2068 2672 2124 feminae
2701 2071 3072 2127 nasciturum
3101 2076 3350 2144 peccato
3387 2072 3680 2146 mortique
3708 2077 3890 2131 subs-

2238 2158 2494 2222 traverit,
2524 2159 2818 2216 salvatum
2851 2161 2950 2216 Dei
2979 2161 3172 2230 gratia
3213 2166 3678 2236 sanctorumque
3703 2165 3890 2221 colle-

2237 2249 2337 2318 gio
2367 2248 2657 2304 sociatum
2709 2248 3010 2305 credimus
3039 2254 3098 2306 et
3122 2250 3422 2320 fatemur;
3456 2253 3560 2324 qui
3589 2252 3743 2309 sicut
3770 2254 3893 2326 pri-

2235 2355 2372 2394 mus
2401 2339 2673 2394 omnium
2703 2338 3022 2397 hominum
3069 2357 3210 2398 cum
3250 2342 3508 2414 conjuge
3539 2359 3652 2400 sua
3679 2359 3886 2417 pecca-

2235 2429 2337 2495 vit,
2366 2429 2446 2484 ita
2473 2429 2704 2501 primus
2725 2445 2969 2502 poenam
2991 2431 3399 2488 damnationis
3424 2433 3885 2506 excepit.Qua2re

2236 2517 2440 2589 itaque
2462 2521 2660 2573 utrum
2682 2520 2927 2592 propria
2956 2519 3085 2592 ejus
3114 2535 3296 2592 plena
3326 2521 3520 2589 fuerit,
3571 2539 3647 2578 an
3699 2529 3892 2580 extra-

2237 2623 2353 2664 nea
2377 2626 2390 2675 ;
2422 2608 2733 2680 proprium
2757 2613 2957 2665 autem
2989 2610 3117 2681 ejus
3136 2610 3320 2667 fuisse
3340 2616 3678 2684 peceatum,
3706 2629 3889 2669 nemo

2240 2700 2586 2752 cunctatur:
2633 2698 2863 2767 justum
2894 2699 3073 2769 igitur
3121 2699 3232 2756 fuit
3278 2705 3344 2756 ut
3398 2700 3527 2774 ipse
3584 2701 3896 2775 propriam

2240 2803 2486 2861 pcenam
2517 2789 2866 2861 perciperet,
2897 2790 3030 2847 licet
3077 2791 3326 2862 invitus,
3383 2794 3489 2865 qui
3519 2794 3774 2866 propria
3802 2809 3901 2850 vo-

2241 2877 2466 2934 luntate
2495 2884 2810 2950 peccatum
2836 2881 3218 2938 commiserat
3237 2897 3359 2938 non
3388 2881 3630 2939 invitus.
3654 2883 3901 2957 Propria

2175 3002 2213 3060 ο
2243 2983 2386 3038 ergo
2423 2973 2807 3042 peccatorum
2825 2970 3098 3028 omnium
3129 2987 3311 3044 poena
3329 2971 3588 3030 dicenda
3634 2977 3750 3041 est,
3779 2987 3902 3030 non

2244 3057 2665 3116 tantummodo
2719 3060 3137 3132 reproborum,
3192 3061 3335 3135 quia
3389 3061 3669 3119 omnium
3724 3061 3904 3136 culpa

2247 3149 2586 3205 communis
2617 3153 2721 3217 est,
2767 3166 2890 3223 qua
2933 3167 3180 3224 poenam
3233 3155 3597 3218 meruerunt,
3659 3168 3791 3209 non
3817 3167 3904 3208 so-

2247 3237 2560 3294 lummodo
2587 3240 3004 3312 reproborum.
3062 3244 3128 3298 Et
3168 3241 3283 3299 hoc
3332 3246 3421 3298 est
3449 3242 3619 3315 quod
3650 3241 3904 3299 fideliter

2247 3329 2461 3384 dicitur
2504 3330 2692 3384 Deum
2722 3329 3205 3402 praedestinasse,
3252 3331 3346 3388 vel
3374 3348 3783 3405 praeparasse,
3814 3331 3904 3388 vel

2246 3418 2636 3491 disposuisse.
2669 3419 2763 3476 vel
2792 3419 3133 3492 deputasse,
3157 3421 3253 3477 vel
3273 3421 3586 3491 delegasse
3624 3426 3903 3494 peccato-

2246 3507 2412 3564 ribus
2453 3524 2684 3580 poenas,
2752 3524 2907 3581 quas
2962 3511 3354 3583 peccantibus
3429 3527 3492 3567 se
3538 3511 3904 3583 praeviderat

2247 3597 2456 3654 merito
2501 3597 2896 3654 redditurum.
2959 3600 3015 3656 Si
3060 3600 3221 3656 enim
3274 3615 3398 3657 non
3452 3599 3904 3674 praedestinavit

2245 3701 2483 3759 pcrnas,
2509 3685 2655 3758 quid
2672 3689 2760 3742 est
2787 3686 2950 3758 quod
2966 3692 3334 3760 praeceptum
3359 3687 3718 3744 obedientiae
3742 3687 3901 3743 dans

2245 3774 2454 3847 primis
2478 3774 2825 3830 hominibus
2845 3775 3027 3832 dixit:
3063 3777 3426 3850 Quacunque
3456 3777 3552 3833 die
3581 3777 3902 3834 comederi-

2247 3865 2322 3920 tis
2350 3879 2421 3921 ea:
2449 3880 2534 3933 eo,
2573 3869 2762 3922 morte
2787 3867 3125 3922 moriemini
3152 3866 3321 3937 (Gen.
3379 3883 3440 3938 ιι,
3492 3867 3603 3938 17).
3660 3869 3722 3921 Et
3763 3881 3900 3921 rur-

2247 3970 2401 4018 sum,
2429 3971 2491 4011 se
2518 3955 2648 4026 ipse
2675 3970 2798 4011 non
2822 3955 3095 4026 rependit
3113 3955 3356 4012 meritas
3379 3972 3614 4029 poenas,
3642 3955 3794 4028 quid
3812 3959 3906 4011 est

2244 4043 2410 4116 quod
2439 4043 2665 4100 eisdem
2692 4043 2821 4113 jam
2851 4043 3268 4115 peccatoribus
3295 4044 3471 4100 dicit:
3495 4044 3682 4100 donec
3707 4059 3905 4100 rever-

2245 4133 2394 4188 taris
2425 4133 2486 4187 in
2534 4138 2779 4198 terram,
2831 4131 2904 4188 de
2930 4147 3049 4202 qua
3089 4138 3362 4201 sumptus
3405 4148 3484 4202 es,
3527 4133 3671 4204 quia
3701 4132 3903 4202 pulvis

2245 4236 2302 4276 es
2332 4226 2384 4276 et
2437 4221 2499 4275 in
2527 4221 2836 4290 pulverem
2866 4221 3182 4277 reverteris
3239 4223 3401 4292 (Gen.
3429 4236 3512 4286 ιιι,
3559 4225 3668 4289 19).
3703 4220 3784 4288 Si,
3815 4221 3905 4276 in-

2243 4325 2451 4382 quam,
2483 4324 2594 4364 nec
2623 4308 2920 4380 praescivit
2967 4325 3078 4366 nec
3105 4309 3551 4381 praedestinavit
3581 4309 3744 4366 hanc
3775 4325 3904 4382 pa:-

2246 4414 2391 4455 nam
2415 4397 2726 4470 quomodo
2793 4413 2927 4452 eam
2958 4403 3016 4454 et
3062 4403 3198 4455 ante
3249 4403 3563 4466 peccatum
3622 4397 3906 4472 praedixit

2201 4489 2532 4556 'futuram,
2591 4491 2648 4543 et
2719 4491 2855 4560 post
2912 4493 3233 4560 peccatum
3294 4487 3554 4545 reddidit
3617 4503 3908 4544 consecu-

2245 4578 2418 4636 tam?
2473 4575 2722 4633 Proinde
2779 4575 2930 4632 sicut
2979 4577 3290 4650 propriam
3338 4576 3603 4649 culpam,
3641 4576 3725 4634 ita
3766 4591 3905 4648 pro-

2243 4668 2440 4742 priam
2465 4681 2705 4739 poenam
2731 4664 2889 4721 illius
2919 4665 3239 4722 dicendam
3269 4667 3436 4722 omni
3463 4664 3757 4739 peccatori
3781 4663 3902 4719 for-

2244 4758 2418 4816 tassis
2445 4774 2568 4815 non
2587 4757 2916 4828 incongrue
2931 4756 3203 4824 dixerim,
3229 4756 3541 4830 quoniam,
3563 4753 3904 4812 secundum

2244 4849 2618 4923 Apostolum,
2673 4863 2870 4905 omnes
2912 4854 3335 4917 peccaverunt,
3377 4853 3432 4904 et
3477 4853 3653 4918 egent
3696 4846 3904 4917 gloria

2246 4941 2358 4996 Dei
2385 4939 2572 5009 (Rom.
2607 4954 2686 5008 ιιι,
2715 4940 2829 5009 23),
2873 4941 2962 4993 Et:
2997 4937 3310 4992 Conclusit
3338 4937 3665 5005 Scriptura
3700 4937 3905 4990 omnia

2247 5029 2354 5085 sub
2371 5033 2614 5097 peccato
2645 5031 2707 5082 ut
2735 5026 3008 5082 omnium
3030 5025 3383 5081 misereatur
3415 5025 3574 5093 (Gal.
3604 5041 3684 5091 ιιι,
3717 5025 3832 5095 22).

2321 5119 2556 5178 Verum,
2591 5114 2737 5186 quia
2782 5113 3083 5171 electionis
3110 5113 3480 5169 vocabulum
3509 5112 3589 5168 ad
3620 5112 3908 5168 amicissi-

2249 5221 2417 5262 mam
2445 5203 2554 5260 tibi
2599 5203 3032 5260 contrarietatis
3075 5202 3530 5275 perversitatem
3558 5201 3907 5274 detorques,

2249 5293 2518 5351 adhibita
2545 5293 2703 5350 beati
2720 5292 3032 5364 Augustini
3051 5292 3362 5358 sententia,
3384 5307 3509 5364 qua
3525 5291 3749 5360 satagis
3762 5305 3906 5346 con-

2248 5385 2490 5440 ﬁrmare
2519 5382 2831 5456 reprobos,
2862 5381 3152 5454 appellari
3175 5380 3413 5442 electos,
3443 5396 3583 5436 cum
3613 5394 3740 5435 non
3793 5378 3910 5434 sint

2249 5473 2435 5535 electi,
2470 5478 2522 5528 te
2549 5471 2810 5528 necdum
2837 5470 3013 5544 plene
3044 5469 3396 5526 intellexisse
3449 5468 3600 5541 quid
3653 5466 3909 5524 senserit

2249 5560 2690 5618 evidentissime
2724 5560 2974 5630 indicas;
3000 5559 3317 5617 dicitenim
3338 5558 3711 5628 Augustinus
3727 5559 3904 5627 (Aug.

2250 5651 2324 5708 de
2353 5649 2623 5720 Corrept.
2643 5657 2699 5708 et
2722 5651 2919 5722 Grat.,
2951 5665 3084 5725 cap.
3115 5665 3216 5722 vn,
3239 5650 3316 5720 9).
3338 5647 3542 5720 [Electi
3571 5646 3732 5705 enim
3766 5649 3910 5703 sunt
