4128 6200
257 169 397 222 1177

1223 169 1314 224 DE
1344 166 2026 230 PRIEDESTINATIONE
2057 172 2336 232 CONTRA
2360 178 2409 234 ὦ.
2441 174 2714 235 SCOTUM

3493 137 3678 236 ‘1178

252 290 334 347 ad
360 287 741 361 regnandum
770 305 910 347 cum
941 290 1190 364 Christo,
1212 307 1335 350 non
1351 295 1660 366 quomodo
1687 295 1908 352 electus
1946 302 1993 353 Α
2026 301 2276 373 quando
2323 304 2494 359 erant
2549 301 2611 357 in
2661 300 3033 374 professione
3106 303 3165 357 et
3235 301 3480 358 nomine
3527 302 3678 361 ﬁlio-

250 382 342 434 est
368 377 556 434 Judas
591 377 670 435 ad
697 395 852 452 opus
881 379 976 435 cui
1006 383 1378 451 congruebat
1411 401 1424 439 ε
1455 385 1534 440 ab
1564 384 1663 440 illo
1684 386 1910 459 quippe

249 466 477 525 electus
507 471 616 533 est,
643 467 747 540 qui
785 469 948 525 novit
971 468 1124 526 bene
1153 470 1238 526 uti
1269 471 1450 530 etiam
1481 473 1680 542 malis,
1711 478 1778 532 ut
1805 491 1914 548 per

249 557 384 628 ejus
409 571 566 629 opus
596 556 967 628 damnabile,
998 558 1147 614 illud
1174 565 1422 633 propter
1447 563 1614 635 quod
1637 563 1764 636 ipse
1821 580 1915 621 ve-

247 649 423 702 uerat
447 661 602 718 opus
647 646 985 706 venerabile
1030 648 1447 722 compleretur.
1505 654 1654 708 Cum
1711 653 1914 726 itaque

249 735 539 793 audimus
574 752 586 791 :
618 735 837 792 Nonne
860 752 965 808 ego
995 752 1094 793 vos
1119 738 1426 797 duodecim
1460 742 1630 811 elegi,
1675 747 1732 798 et
1757 757 1914 799 unus

249 839 327 881 ea:
357 823 520 880 vobis
541 823 816 880 diabolus
838 830 922 880 est
954 826 1152 893 (Joan.
1186 843 1260 895 v1,
1291 829 1434 900 7t)?
1453 828 1589 884 11108
1620 829 1914 887 debemus

247 912 576 984 intelligere
606 911 822 969 electos
842 929 950 986 per
979 913 1475 988 misericordiam,
1508 917 1676 974 illum
1699 934 1806 992 per
1818 919 1910 991 ju-

247 1002 498 1058 dicium.
532 1000 667 1057 Illos
698 1016 840 1072 ergo
861 1001 1034 1072 elegit
1084 1004 1161 1060 ad
1206 1003 1602 1063 obtinendum
1656 1022 1913 1078 regnum

249 1108 456 1162 suum,
489 1091 660 1147 illum
705 1091 786 1147 ad
839 1091 1220 1150 fundendum
1275 1095 1636 1166 sanguinem
1687 1114 1908 1154 suum:

243 1182 524 1239 Firmum
555 1186 751 1237 autem
779 1181 1247 1251 fundamentum
1270 1185 1380 1241 Dei
1405 1190 1523 1241 stat
1565 1187 1787 1243 habens
1839 1187 1915 1243 si-

248 1271 577 1341 gnaculum
603 1272 758 1326 hoc:
783 1272 954 1327 scivit
986 1273 1278 1329 Dominus
1303 1276 1410 1345 qui
1443 1281 1586 1331 sunt
1639 1278 1767 1347 ejus
1829 1277 1918 1347 (II

255 1361 410 1416 Tim.
439 1376 503 1429 u,
534 1359 641 1430 19).
690 1359 938 1415 Horum.
991 1361 1160 1429 ﬁdes,
1211 1378 1343 1433 qua:
1389 1379 1498 1433 per
1535 1365 1912 1422 dilectionem

247 1454 540 1518 operatur
564 1448 726 1518 (Gal.
757 1465 817 1516 v,
850 1449 926 1519 6),
965 1449 1234 1522 profecto
1261 1454 1366 1508 aut
1387 1453 1638 1509 omnino
1660 1469 1784 1510 non
1815 1454 1916 1510 de-

244 1537 390 1603 ﬁcit,
419 1540 522 1593 aut
546 1536 595 1592 si
619 1535 724 1609 qui
763 1541 906 1592 sunt
927 1553 1190 1610 quorum
1219 1538 1438 1611 deficit,
1468 1547 1781 1614 reparatur
1809 1558 1913 1598 an-

2023 393 2207 462 rum.]

2092 481 2134 550 +
2152 480 2332 552 Cujus
2354 479 2660 537 sententiae
2681 479 3114 535 documentum
3131 477 3274 551 quia
3297 477 3359 535 in
3372 479 3553 536 aliam
3573 497 3674 554 pe-

2021 569 2267 642 ricopen
2297 569 2521 635 differs,
2543 574 2601 626 et
2627 585 2737 626 nos
2765 569 3222 642 responsionem
3248 573 3496 625 eatenus
3511 569 3678 626 diffe-

2022 673 2250 714 ramus.
2325 683 2327 685 '

2653 750 2877 805 CAPUT
2911 750 3046 804 XIII.

2027 853 2183 922 Quid
2203 858 2396 923 potest
2423 855 2630 928 colligi
2671 871 2746 913 ex
2770 855 3065 982 gratatum
3108 855 3305 911 sancti
3351 855 3680 926 Augustini

2688 943 2789 982 εοη
2819 942 2890 982 en
2920 942 2999 982 ια.

2688 942 2999 984 sententia.

2091 1033 2280 1090 Tertia
2305 1033 2541 1092 decima
2562 1034 2762 1107 itaque
2790 1033 2891 1090 tali
2924 1034 3089 1090 titulo
3109 1037 3478 1107 praenotatur
3503 1052 3515 1091 :

2587 1158 2727 1198 JOAN
2737 1159 2842 1198 NES
2907 1158 3110 1199 SCOTUS

2093 1251 2261 1321 (Cap.
2282 1253 2366 1317 13,
2388 1264 2558 1305 1111111.
2586 1253 2640 1317 2,
2673 1253 2812 1306 sect.
2841 1250 2887 1321 1)
2920 1254 2959 1303 Θ
2993 1250 3147 1317 Quid
3165 1255 3357 1319 potest
3385 1251 3594 1320 colligi
3603 1265 3676 1307 ea:

2021 1341 2312 1409 praedicta
2332 1340 2530 1396 sancti
2546 1340 2875 1410 Augustini
2896 1340 3190 1396 sententia
3217 1339 3245 1394 ?

2697 1461 3004 1501 CORRECTIO
3014 1487 3026 1500 .

2092 1554 2134 1623 -Ῑ-
2155 1553 2221 1608 111
2246 1567 2390 1625 qua,
2423 1568 2561 1608 cum
2583 1568 2656 1609 ex
2681 1551 2883 1608 verbis
2913 1551 3102 1608 sancti
3135 1551 3446 1621 Augustini
3498 1553 3671 1622 (Aug.

244 1630 496 1699 tequam
526 1625 648 1681 Vita
667 1625 783 1682 ista
809 1624 1070 1698 ﬁniatur;
1101 1630 1159 1682 εἴ
1184 1627 1378 1684 deleta
1406 1645 1544 1701 quae
1579 1630 1912 1688 incurrerat
1949 1660 1992 1713 Β
2021 1642 2192 1710 ibid.)
2215 1624 2494 1710 celligere
2523 1641 2725 1697 niteris
2755 1640 3109 1697 sufﬁcientia
3130 1640 3222 1696 his
3242 1657 3378 1713 qum
3421 1639 3674 1696 suadere

242 1715 578 1788 iniquitate,
605 1731 797 1788 usque
818 1715 880 1771 in
909 1715 1093 1772 ﬁnem
1146 1719 1598 1789 perseverantia
1657 1720 1910 1793 deputa-

244 1809 363 1860 tur.
393 1803 501 1868 Qui
529 1820 673 1860 vero
700 1805 1135 1877 perseveraturi
1164 1821 1288 1862 non
1321 1811 1478 1876 sunt,
1512 1823 1582 1864 ac
1613 1808 1697 1864 sic
1727 1824 1764 1865 a
1793 1809 1912 1865 ﬁde

246 1893 579 1951 Christiana
613 1897 670 1949 et
699 1895 1151 1950 conversatione
1179 1895 1408 1968 lapsuri
1439 1901 1594 1964 sunt,
1647 1905 1713 1954 ut
1762 1898 1910 1955 tales

244 1999 350 2040 eos
379 1983 516 2038 vitae
541 1981 722 2054 hujus
747 1982 885 2038 ﬁnis
915 1982 1199 2050 inveniat,
1228 1985 1439 2057 procul
1469 1985 1658 2042 dubio
1678 2002 1789 2044 nec
1811 1987 1910 2044 illo

248 2078 518 2145 tempore
547 2088 670 2145 quo
695 2072 852 2129 bene
877 2073 1094 2146 pieque
1118 2074 1327 2131 vivunt
1382 2075 1442 2131 in
1494 2076 1746 2134 istorum
1803 2094 1912 2133 nu-

245 2178 416 2218 mero
449 2161 841 2234 computandi
873 2167 1012 2218 sunt
1044 2180 1056 2218 :
1087 2179 1211 2219 non
1237 2164 1398 2220 enim
1426 2171 1566 2222 sunt
1615 2182 1651 2222 a
1700 2182 1911 2223 massa

243 2250 349 2307 illa
376 2249 726 2322 perditionis
754 2250 1129 2322 praescieutia
1160 2251 1260 2307 Dei
1287 2257 1344 2308 et
1389 2254 1910 2326 praedestinatione

245 2339 505 2395 discreti.
541 2341 608 2395 Et
633 2337 770 2395 ideo
790 2355 903 2395 nec
930 2339 1267 2397 secundum
1291 2343 1670 2415 propositum
1689 2345 1906 2413 vocati,

246 2444 320 2486 ac
349 2442 456 2500 per
483 2427 598 2484 hoc
625 2442 736 2483 nec
765 2427 953 2499 electi,
984 2429 1092 2484 sed
1120 2428 1182 2484 in
1208 2429 1294 2485 eis
1318 2431 1516 2487 vocati
1563 2432 1637 2488 de
1686 2433 1910 2505 quibus

247 2516 478 2573 dictum
507 2519 598 2572 est
626 2532 639 2571 :
665 2515 1087 2587 Multivocati,
1120 2523 1177 2574 et
1203 2533 1328 2574 non
1351 2520 1414 2574 in
1444 2519 1528 2576 eis
1561 2519 1636 2576 de
1683 2521 1909 2594 quibus

248 2604 479 2662 dictum
499 2608 590 2661 est
616 2622 630 2660 :
646 2605 838 2674 pauci
867 2621 1004 2662 vero
1028 2607 1201 2663 electi
1239 2607 1477 2679 (Matth.
1500 2625 1635 2677 xxn,
1672 2612 1784 2677 14).
1846 2613 1912 2667 Et

252 2699 458 2750 tamen
487 2694 620 2766 quis
649 2709 752 2750 eos
773 2698 952 2764 neget
977 2694 1212 2764 electos,
1237 2713 1376 2753 cum
1399 2697 1667 2766 credunt,
1683 2704 1740 2756 et
1761 2699 1911 2771 bap-

251 2782 528 2846 tizantur,
555 2785 611 2838 et
637 2782 972 2839 secundum
1019 2785 1208 2840 Deum
1267 2785 1533 2844 vivunt?
1584 2789 1766 2845 Plane
1817 2789 1910 2844 di-

248 2875 469 2927 cuntur
496 2869 665 2926 electi
689 2886 726 2926 a
748 2871 1159 2928 nescientibus
1186 2873 1336 2945 quid
1387 2874 1569 2932 futuri
1597 2882 1757 2947 sunt,
1785 2893 1910 2934 non

248 2959 332 3016 ab
363 2958 464 3015 illo
493 2958 599 3032 qui
625 2975 726 3015 eos
752 2960 920 3017 novit
942 2977 1068 3017 non
1095 2961 1318 3018 habere
1374 2966 1906 3036 perseverantiam,

246 3065 389 3122 quae
409 3047 489 3104 ab
511 3027 755 3104 beatam
775 3053 959 3105 Vitam
988 3049 1261 3122 perducit
1284 3027 1502 3108 electos
1531 3052 1736 3126 sicque
1777 3027 1907 3128 [al.,
1951 3027 1990 3083 Ο

255 3136 511 3212 scitque]
538 3137 672 3194 illos
689 3137 772 3194 ita
801 3143 956 3196 stare
987 3143 1052 3196 ut
1080 3140 1408 3212 praescierit
1428 3140 1551 3213 [al.,
1582 3143 1909 3215 praescirel]

255 3243 387 3284 esse
417 3242 684 3284 casuros.

331 3405 448 3460 Nec
472 3419 582 3461 nos
598 3411 844 3464 moveat
871 3407 1037 3480 quod
1062 3407 1198 3464 ﬁliis
1231 3408 1355 3464 suis
1377 3408 1744 3482 quibusdam
1758 3412 1912 3466 Deus

259 3509 381 3550 non
410 3495 513 3552 dat
536 3495 716 3554 istam
744 3499 1255 3571 perseverantiam
1288 3518 1301 3567 ;
1357 3499 1517 3556 absit
1539 3500 1700 3556 enim
1741 3505 1806 3556 ut
1831 3501 1915 3557 ita

254 3586 431 3651 esset,
463 3584 512 3641 si
539 3585 615 3642 de
645 3586 759 3642 illis
784 3587 1224 3659 praedestinatis
1252 3593 1454 3645 essent
1481 3593 1536 3646 et
1577 3589 1913 3646 secundum

252 3673 636 3747 propositum
654 3675 880 3732 vocatis
913 3693 926 3732 :
956 3675 1060 3749 qui
1088 3693 1232 3733 vero
1274 3693 1398 3733 non
1457 3682 1598 3734 sunt
1647 3679 1752 3735 ﬁlii
1777 3695 1916 3752 pro-

251 3764 578 3833 missionis,
606 3765 736 3836 jam
766 3765 863 3821 isti
889 3766 1017 3837 [al.,
1050 3766 1153 3839 qui
1174 3783 1312 3822 vere
1343 3772 1481 3823 sunt
1509 3768 1613 3824 tilii
1661 3769 1920 3841 promis-

252 3853 461 3910 sionis.
486 3856 638 3911 Nam
660 3855 776 3923 isti,
797 3856 942 3928 _etc.]
966 3872 1105 3911 cum
1134 3855 1231 3928 pie
1255 3856 1482 3926 vivunt,
1501 3856 1784 3914 dicuntur
1809 3855 1916 3913 lilii

253 3944 384 4014 Dei,
410 3944 514 3999 sed
539 3945 833 4016 quoniam
866 3945 1076 4000 victuri
1106 3949 1248 4000 sunt
1267 3945 1470 4017 impie,
1505 3947 1642 4003 etin
1699 3947 1915 4004 eadem

251 4031 560 4106 impietate
589 4034 886 4104 morituri,
914 4049 1164 4090 noneos
1214 4033 1357 4090 dicit
1399 4034 1554 4090 ﬁlios
1607 4035 1707 4090 Dei
1760 4051 1913 4107 prae-

251 4121 503 4176 scientia
531 4121 630 4178 Dei
667 4141 679 4178 :
708 4127 847 4178 sunt
875 4121 1035 4178 enim
1065 4122 1168 4178 ﬁlii
1197 4122 1317 4190 Dei,
1347 4123 1451 4195 qui
1480 4123 1753 4179 nondum
1776 4127 1917 4182 sunt

249 4208 454 4278 nobis,
477 4214 534 4266 et
563 4215 702 4266 sunt
729 4211 856 4282 jam
888 4214 1028 4278 Deo,
1059 4211 1134 4267 de
1163 4211 1388 4283 quibus
1420 4212 1503 4268 ait
1549 4212 1915 4282 evangelista

248 4302 516 4356 Joannes
543 4316 556 4355 :
593 4300 744 4368 Quia
769 4302 938 4357 Jesus
960 4301 1287 4357 moriturus
1313 4308 1444 4358 erat
1471 4318 1586 4372 pro
1612 4309 1826 4374 gente:
1855 4308 1910 4359 et

2021 1729 2258 1785 conaris
2289 1729 2644 1802 probandis,
2673 1729 2931 1785 multum
2963 1745 2999 1785 a
3026 1745 3210 1784 sensu
3234 1729 3507 1799 ejusdem
3555 1733 3673 1783 Au-

2022 1818 2244 1889 gustini
2268 1819 2535 1875 recedis:
2569 1835 2713 1874 nam
2762 1835 2901 1875 cum
2956 1822 3208 1891 poneret
3260 1817 3672 1874 testimonium

2020 1908 2270 1962 dicentis
2299 1907 2535 1963 Domini
2563 1926 2576 1963 :
2605 1908 2820 1964 Nonne
2845 1923 2949 1978 ego
2976 1923 3075 1963 vos
3095 1907 3405 1962 duodecim
3422 1907 3592 1975 elegi,
3617 1913 3672 1962 et

2020 2012 2176 2052 unus
2201 2011 2277 2053 ex
2303 1997 2466 2053 vobis
2491 1997 2768 2053 diabolus
2797 2002 2882 2053 est
2925 1999 3123 2065 (Joan.
3150 2011 3232 2061 v1,
3254 1995 3364 2067 71),
3425 1993 3674 2064 subjun-

2016 2084 2104 2141 xit
2130 2089 2187 2140 et
2206 2084 2286 2140 ait
2318 2101 2330 2139 :
2362 2084 2517 2150 [Illos
2549 2084 2841 2141 debemus
2867 2083 3190 2155 intelligere
3249 2102 3261 2139 :
3323 2082 3540 2138 electos
3565 2097 3672 2154 per

2018 2173 2513 2240 misericordiam,
2545 2173 2714 2230 illum
2742 2189 2850 2247 per
2871 2173 3163 2245 judicium
3192 2191 3204 2241 ;
3237 2171 3368 2228 illos
3398 2170 3476 2226 ad
3522 2169 3672 2226 obti-

2017 2263 2286 2320 nendum
2309 2278 2561 2333 regnum
2596 2279 2794 2332 suum,
2825 2262 2993 2318 illum
3019 2261 3098 2317 ad
3127 2259 3505 2316 fundendum
3536 2272 3672 2313 san-

2019 2351 2264 2422 guinem
2295 2353 2520 2413 suum.]
2542 2353 2683 2415 Quae
2712 2350 2893 2407 verba
2908 2350 3005 2423 pie
3035 2349 3412 2406 considerata
3441 2346 3671 2403 sobrie-

2017 2457 2136 2514 que
2159 2456 2456 2513 perpensa
2482 2439 2670 2496 multo
2697 2438 2861 2495 aliud
2890 2455 3078 2512 quam
3105 2437 3272 2512 quod
3303 2436 3530 2506 colligis
3578 2451 3671 2491 re-

2019 2534 2254 2586 sonant.
2288 2529 2440 2584 Dixit
2463 2529 2624 2584 enim
2654 2528 2871 2584 electos
2897 2528 3177 2584 undecim
3206 2541 3315 2600 per
3342 2525 3673 2582 misericor-

2018 2619 2204 2688 diam,
2224 2621 2258 2676 ‘J
2265 2617 2452 2674 udam
2470 2617 2838 2690 proditorem
2858 2633 2967 2690 per
2980 2616 3297 2688 judicium.
3327 2612 3674 2683 Colligenda

2019 2711 2159 2764 sunt
2187 2723 2330 2777 ergo
2360 2707 2539 2763 etiam
2564 2723 2637 2762 ex
2661 2706 2792 2763 aliis
2812 2707 2945 2778 ejus
2964 2705 3062 2762 vel
3087 2705 3254 2761 libris
3301 2703 3397 2759 vel
3453 2716 3676 2759 sermo-

2019 2795 2198 2852 nibus
2217 2795 2441 2862 omnia,
2472 2794 2565 2851 vel
2593 2811 2747 2867 pene
2789 2795 3015 2864 omnia,
3074 2810 3213 2867 quae
3271 2807 3452 2865 super
3506 2789 3673 2846 ludas

2019 2885 2304 2942 electione
2332 2885 2580 2941 diversis
2609 2884 2826 2954 modis,
2861 2884 2968 2940 sed
2990 2899 3112 2939 non
3132 2883 3374 2938 diversa
3408 2879 3528 2936 ﬁde
3554 2883 3674 2936 tra-

2021 2973 2201 3029 ctavit
2224 2972 2447 3044 quibus
2467 2971 2696 3044 liquido
2725 2970 3017 3043 perpendi
3041 2974 3225 3042 queat
3244 2973 3445 3025 utrum
3472 2983 3510 3023 a
3537 2980 3674 3022 con-

2021 3061 2202 3118 trario
2224 3060 2463 3133 uspiam
2488 3059 2759 3116 docuerit
2785 3059 3258 3128 intelligendum,
3289 3059 3354 3112 ut
3400 3060 3464 3111 tu
3520 3070 3676 3110 som-

2021 3146 2179 3217 nias,
2211 3162 2290 3202 an
2317 3145 2560 3201 veritate
2590 3143 2907 3200 manifesta
2935 3144 3253 3208 dictorum,
3286 3141 3440 3196 sicut
3483 3138 3679 3195 omni-

2019 3236 2136 3292 bus
2165 3233 2513 3291 orthodoxis
2543 3232 2892 3289 doctoribus
2923 3232 3154 3304 absque
3184 3230 3305 3286 ulla
3334 3229 3678 3300 discrepan-

2021 3325 2102 3380 tia
2123 3323 2499 3380 concorditer
2534 3322 2736 3378 visum
2761 3325 2866 3389 est,
2895 3322 2969 3378 de
2997 3337 3121 3394 qua
3141 3335 3202 3376 re
3255 3319 3416 3375 idem
3464 3317 3677 3372 doctor

2021 3411 2380 3469 venerabilis
2398 3411 2460 3466 in
2486 3411 2640 3467 libro
2670 3411 3076 3477 Quaestionum
3107 3408 3182 3464 de
3214 3407 3426 3464 Genesi
3469 3406 3554 3462 ita
3594 3405 3678 3461 lo-

2023 3505 2195 3558 eutus
2220 3505 2308 3557 est
2326 3517 2448 3572 (qu.
2495 3500 2634 3572 117),
2676 3515 2983 3572 exponens
3003 3499 3228 3572 quippe
3257 3496 3573 3568 Scriptura;
3586 3493 3675 3550 10-

2023 3609 2163 3649 cum
2189 3607 2311 3664 quo
2340 3591 2556 3648 dicitur
2588 3607 2601 3646 :
2634 3591 2718 3646 Hi
2729 3597 2868 3646 sunt
2887 3592 3005 3659 ﬁlii
3015 3591 3227 3658 Israel,
3251 3589 3356 3660 qui
3383 3587 3518 3643 nati
3537 3590 3678 3640 sunt

2024 3684 2077 3739 ei
2104 3683 2167 3738 in
2183 3681 2612 3750 Mesopotamia
2642 3685 2697 3736 et
2727 3685 3153 3748 computantur
3173 3677 3483 3734 duodecim
3505 3674 3675 3746 (Gen.

2022 3786 2202 3837 xxxv,
2234 3774 2346 3838 26),
2373 3785 2513 3825 cum
2538 3767 2850 3838 Benjamin
2879 3767 3055 3836 longe
3085 3771 3294 3839 postea
3341 3769 3516 3820 natus
3569 3765 3675 3818 est.

2024 3859 2088 3930 [Ν
2099 3857 2236 3924 ulla,
2267 3857 2477 3929 inquit,
2507 3861 2710 3912 tamen
2731 3860 2818 3911 est
2845 3855 3073 3911 facilior
3093 3854 3307 3909 solutio
3329 3849 3678 3924 quaestionis

2023 3947 2224 4016 hujus,
2257 3961 2443 4016 quam
2473 3948 2537 3999 ut
2556 3959 2664 4015 per
2690 3943 3110 4014 synecdochen
3137 3941 3462 4011 accipiatur
3517 3955 3530 3991 :
3575 3936 3680 3991 ubi

2025 4034 2187 4090 enim
2201 4049 2343 4106 pars
2363 4032 2559 4103 major
2587 4035 2677 4087 est
2702 4035 2806 4087 aut
2835 4031 3030 4103 potior
3061 4030 3209 4086 solet
3257 4030 3388 4100 ejus
3432 4025 3678 4082 nomine

2023 4124 2204 4180 etiam
2230 4121 2378 4177 illud
2404 4119 2837 4193 comprehendi
2864 4119 3032 4192 quod
3075 4119 3153 4175 ad
3201 4119 3402 4192 ipsum
3455 4129 3680 4171 nomen

2023 4228 2147 4270 non
2170 4211 2444 4286 pertinet,
2467 4211 2619 4266 sicut
2649 4209 2726 4266 ad
2743 4209 3069 4265 duodecim
3085 4207 3392 4281 apostolos
3405 4207 3533 4277 jam
3556 4219 3680 4260 non

2022 4301 2359 4375 pertinebat
2381 4298 2588 4366 Judas,
2619 4298 2724 4371 qui
2753 4297 2935 4353 etiam
2965 4301 3240 4354 mortuus
3262 4295 3373 4351 fuit
3395 4309 3535 4350 cum
3566 4295 3680 4348 Do-

249 4404 375 4445 non
399 4394 634 4446 tantum
661 4405 774 4459 pro
793 4395 985 4460 gente,
1015 4391 1118 4447 sed
1137 4392 1314 4447 etiam
1370 4397 1435 4447 ut
1470 4393 1626 4460 ﬁlios
1671 4393 1779 4448 Dei
1825 4392 1911 4448 di-
1948 4381 1990 4430 Ῑ)
2023 4392 2226 4448 minus
2249 4389 2570 4446 resurrexit
2598 4405 2635 4444 a
2663 4387 2948 4455 mortuis;
3005 4391 3062 4443 et
3091 4391 3291 4443 tamen
3313 4383 3502 4457 ipsius
3523 4382 3680 4437 duo-

250 4494 486 4548 spersos
540 4485 930 4550 congregaret
975 4481 1038 4535 in
1081 4495 1267 4536 unum
1315 4481 1516 4550 (Joan.
1550 4497 1623 4547 x1,
1652 4485 1740 4549 51,
1774 4485 1864 4547 52)
1895 4497 1908 4548 ;

251 4567 430 4640 quod
458 4567 659 4641 utique
688 4567 987 4624 credendo
1009 4569 1192 4623 futuri
1231 4574 1398 4624 erant
1449 4585 1556 4642 per
1609 4568 1915 4638 Evangelii

249 4655 748 4730 praedicationem
781 4673 794 4712 :
819 4662 874 4714 et
899 4663 1101 4713 tamen
1122 4662 1448 4729 antequam
1478 4663 1632 4713 esset
1663 4656 1911 4726 factum,

243 4746 383 4818 jam
403 4745 508 4802 ﬁlii
529 4747 628 4802 Dei
660 4752 832 4802 erant
857 4747 919 4802 in
941 4745 1277 4802 memoriali
1320 4746 1504 4801 Patris
1558 4746 1650 4800 sui
1703 4747 1914 4802 incon-

251 4851 434 4892 cussa
462 4835 781 4893 stabilitate
811 4836 1242 4908 conscripti).Et
1262 4840 1401 4891 sunt
1427 4851 1634 4891 rursus
1663 4836 1912 4908 quidam

247 4924 379 4995 ﬁlii,
407 4926 513 4998 qui
543 4927 674 4998 [al.,
708 4925 814 4998 qui
837 4925 939 4982 tilii
971 4925 1091 4999 Dei]
1123 4930 1366 4998 propter
1397 4929 1740 4998 susceptam
1775 4930 1916 4982 tem-

246 5013 537 5085 poraliter
554 5015 812 5085 gratiam
833 5014 1112 5071 dicuntur
1136 5031 1170 5070 a
1197 5015 1392 5083 nobis,
1415 5031 1526 5070 nec
1552 5020 1694 5072 sunt
1713 5020 1915 5072 tamen

248 5105 398 5169 Deo,
428 5103 503 5160 de
532 5104 756 5177 quibus
781 5104 862 5161 ait
890 5104 1050 5161 idem
1078 5107 1337 5160 Joannes
1379 5121 1392 5158 :
1440 5105 1538 5161 Ed-
1565 5106 1730 5162 nobis
1761 5107 1917 5162 exie-

246 5197 423 5262 runt,
452 5195 555 5249 sed
577 5210 698 5251 non
743 5199 916 5250 erant
941 5209 1016 5250 ex
1035 5193 1222 5264 nobis,
1254 5197 1364 5250 etc.
1400 5196 1458 5260 (I
1479 5197 1655 5250 Joan.
1685 5211 1743 5260 n,
1809 5197 1915 5266 19).

247 5283 404 5338 Cum
432 5297 576 5352 ergo
599 5282 703 5338 ﬁlii
735 5283 837 5339 Dei
858 5283 1157 5351 dicuntur,
1193 5284 1267 5339 de
1287 5283 1381 5339 his
1407 5283 1512 5355 qui
1534 5299 1911 5354 perseveran-

248 5371 402 5427 tiam
428 5387 554 5427 non
582 5371 944 5439 habuerunt,
968 5373 1067 5428 Ea:
1089 5372 1255 5427 nobis
1303 5375 1598 5438 exierunt,
1648 5371 1750 5426 sed
1797 5387 1916 5427 non

253 5466 433 5516 erant
471 5476 546 5518 ea:
571 5461 758 5518 nobis.
813 5465 874 5516 Et
902 5461 1142 5518 additur
1189 5463 1319 5530 [al.,
1352 5465 1408 5516 et
1437 5459 1710 5529 addunt],
1759 5461 1918 5531 quod

252 5545 312 5601 si
332 5545 590 5613 fuissent
610 5561 685 5604 ea:
700 5547 866 5602 nobis
881 5548 1346 5616 permansissenl
1367 5545 1570 5614 utique
1591 5544 1914 5602 nobiscum.

257 5631 421 5699 Quid
468 5633 633 5692 aliud
679 5635 958 5693 dicuntur
1012 5634 1128 5692 nisi
1178 5649 1303 5693 non
1356 5637 1526 5690 erant
1576 5631 1678 5690 11111
1734 5634 1916 5692 etiam

2021 4481 2253 4538 denarii
2280 4477 2515 4535 numeri
2545 4493 2768 4534 nomen
2799 4475 3116 4548 Apostolus
3142 4475 3204 4530 in
3266 4471 3526 4546 Epistola
3570 4484 3682 4525 sua

2021 4569 2230 4635 tenuit,
2253 4568 2356 4623 ubi
2378 4567 2460 4623 ait
2478 4582 2608 4623 eum
2627 4567 2981 4636 apparuisse
2991 4565 3112 4620 illis
3133 4562 3442 4618 duodecim
3467 4560 3522 4631 (Ι
3536 4558 3680 4614 Cor.

2020 4658 2119 4728 xv)
2145 4674 2158 4712 :
2195 4672 2334 4712 cum
2355 4654 2604 4712 articulo
2633 4654 2794 4710 enim
2820 4655 2934 4710 hoc
2961 4652 3144 4708 Graeci
3168 4650 3405 4706 codices
3426 4646 3676 4714 habent,

2024 4749 2089 4801 ut
2117 4761 2240 4801 non
2271 4743 2509 4816 possint
2532 4742 2778 4812 intelligi
2795 4741 3141 4814 quicunque
3167 4737 3510 4808 duodecim,
3570 4733 3682 4790 sed

2019 4834 2101 4890 illi
2127 4833 2188 4890 in
2210 4849 2280 4889 eo
2298 4847 2549 4888 numero
2568 4831 2833 4902 insignes
2857 4849 2871 4900 ;
2905 4847 2975 4888 eo
2997 4829 3182 4886 modo
3198 4827 3516 4886 locutionis
3537 4828 3682 4898 puto

2022 4929 2079 4980 et
2106 4923 2252 4980 illud
2286 4940 2321 4978 a
2353 4922 2604 4978 Domino
2631 4921 2858 4978 dictum
2902 4938 2913 4976 :
2947 4922 3158 4978 Nonne
3186 4937 3290 4991 ego
3336 4935 3435 4976 vos
3467 4916 3684 4974 duode-

2024 5015 2134 5070 cim
2159 5014 2328 5083 elegi,
2356 5018 2410 5068 et
2442 5027 2595 5066 unus
2617 5026 2692 5067 ex
2723 5011 2883 5067 vobis
2914 5011 3191 5066 diabolus
3227 5016 3310 5065 est
3331 5065 3338 5070 ,
3359 5010 3550 5080 (Joan.
3602 5022 3680 5075 v1,

2023 5106 2135 5169 7t),
2170 5105 2233 5156 ut
2258 5115 2380 5156 non
2410 5099 2490 5154 ad
2519 5098 2866 5154 electionem
2895 5098 3076 5154 etiam
3092 5098 3220 5170 ipse
3250 5097 3544 5170 pertinere
3594 5093 3684 5147 vi-

2024 5191 2236 5246 deatur
2255 5208 2266 5244 :
2292 5205 2416 5246 non
2435 5189 2595 5244 enim
2615 5187 2785 5244 facile
2806 5187 3102 5243 invenitur
3120 5186 3444 5243 electorum
3461 5197 3683 5240 nomen

2023 5280 2086 5336 in
2115 5279 2297 5349 malo,
2331 5279 2444 5334 nisi
2472 5277 2718 5350 quando
2739 5276 2884 5334 mali
2903 5277 3205 5347 eliguntur
3226 5292 3262 5332 a
3289 5274 3484 5330 malis.
3509 5270 3682 5336 Quod

2025 5368 2073 5424 si
2103 5369 2513 5440 putaverimus
2529 5372 2584 5423 et
2599 5366 2767 5422 illum
2789 5366 3044 5423 electum
3062 5370 3126 5422 ut
3148 5381 3256 5439 per
3275 5363 3405 5434 ejus
3423 5359 3686 5418 traditio-

2023 5473 2162 5513 nem
2180 5458 2412 5514 Domini
2427 5456 2626 5530 passio
2640 5456 3056 5530 compleretur,
3074 5455 3136 5512 id
3149 5459 3234 5510 est
3248 5451 3539 5509 malitiam
3553 5450 3604 5521 ej
3613 5467 3682 5505 us

2025 5545 2100 5601 ad
2115 5547 2341 5617 aliquid
2353 5545 2781 5614 electam,bene
2797 5550 2991 5601 utente
3008 5547 3124 5598 Deo
3142 5543 3314 5597 etiam
3329 5537 3681 5609 malis,illud

2025 5632 2406 5691 attendamus
2420 5632 2524 5690 ubi
2545 5632 2626 5691 ait
2640 5650 2652 5686 :
2666 5633 2802 5690 Non
2823 5632 2896 5688 de
2915 5630 3183 5687 omnibus
3205 5629 3364 5686 vobis
3380 5630 3512 5684 dico
3539 5644 3551 5682 :
3576 5638 3681 5692 ego
