  <div class='ocr_page' id='page_1' title='image "/cluster/home/n/w/nwhite01/storage/ocr_20150623/115/hvd.32044054759790/595.png"; bbox 0 0 4116 6186; ppageno 0'>
   <div class='ocr_carea' id='block_1_1' title="bbox 513 172 648 228">
    <p class='ocr_par' dir='ltr' id='par_1_1' title="bbox 513 172 648 228">
     <span class='ocr_line' id='line_1_1' title="bbox 513 172 648 228; baseline 0 -1"><span class='ocrx_word' id='word_1_1' title='bbox 513 172 648 228; x_wconf 73' lang='grc'><strong>1179</strong></span> 
     </span>
    </p>
   </div>
   <div class='ocr_carea' id='block_1_2' title="bbox 1603 165 2839 226">
    <p class='ocr_par' dir='ltr' id='par_1_2' title="bbox 1603 165 2839 226">
     <span class='ocr_line' id='line_1_2' title="bbox 1603 165 2839 226; baseline -0.006 -2"><span class='ocrx_word' id='word_1_2' title='bbox 1603 172 1659 226; x_wconf 84' lang='grc'><strong>8.</strong></span> <span class='ocrx_word' id='word_1_3' title='bbox 1702 169 2072 226; x_wconf 79' lang='lat' dir='ltr'><strong>PRUDENTII</strong></span> <span class='ocrx_word' id='word_1_4' title='bbox 2110 166 2480 223; x_wconf 76' lang='lat' dir='ltr'><strong>TRECENSIS</strong></span> <span class='ocrx_word' id='word_1_5' title='bbox 2521 165 2839 221; x_wconf 86' lang='lat' dir='ltr'><strong>EPISCOPI</strong></span> 
     </span>
    </p>
   </div>
   <div class='ocr_carea' id='block_1_3' title="bbox 3804 175 3942 229">
    <p class='ocr_par' dir='ltr' id='par_1_3' title="bbox 3804 175 3942 229">
     <span class='ocr_line' id='line_1_3' title="bbox 3804 175 3942 229; baseline 0.029 -4"><span class='ocrx_word' id='word_1_6' title='bbox 3804 175 3942 229; x_wconf 73' lang='lat'><strong>“80</strong></span> 
     </span>
    </p>
   </div>
   <div class='ocr_carea' id='block_1_4' title="bbox 503 291 3939 368">
    <p class='ocr_par' dir='ltr' id='par_1_4' title="bbox 503 291 3939 368">
     <span class='ocr_line' id='line_1_4' title="bbox 503 291 3939 368; baseline -0.001 -14"><span class='ocrx_word' id='word_1_7' title='bbox 503 299 622 354; x_wconf 84' lang='lat' dir='ltr'><strong>seio</strong></span> <span class='ocrx_word' id='word_1_8' title='bbox 650 314 795 368; x_wconf 84' lang='lat' dir='ltr'><strong>quos</strong></span> <span class='ocrx_word' id='word_1_9' title='bbox 810 297 960 364; x_wconf 82' lang='lat' dir='ltr'><strong>elegi</strong></span> <span class='ocrx_word' id='word_1_10' title='bbox 985 296 1184 361; x_wconf 84' lang='lat' dir='ltr'><strong>(Joan.</strong></span> <span class='ocrx_word' id='word_1_11' title='bbox 1220 310 1339 364; x_wconf 84' lang='lat' dir='ltr'><strong>xm,</strong></span> <span class='ocrx_word' id='word_1_12' title='bbox 1375 295 1479 365; x_wconf 83' lang='lat'><strong>18).</strong></span> <span class='ocrx_word' id='word_1_13' title='bbox 1509 295 1616 351; x_wconf 91' lang='lat' dir='ltr'><strong>Ubi</strong></span> <span class='ocrx_word' id='word_1_14' title='bbox 1635 293 1994 351; x_wconf 85' lang='lat' dir='ltr'><strong>declaratad</strong></span> <span class='ocrx_word' id='word_1_15' title='bbox 2015 292 2155 349; x_wconf 91' lang='lat' dir='ltr'><strong>elec-</strong></span> <span class='ocrx_word' id='word_1_16' title='bbox 2183 297 2229 350; x_wconf 79' lang='grc' dir='ltr'><strong>Α</strong></span> <span class='ocrx_word' id='word_1_17' title='bbox 2268 291 2457 346; x_wconf 82' lang='lat' dir='ltr'><strong>lautia</strong></span> <span class='ocrx_word' id='word_1_18' title='bbox 2479 294 2700 356; x_wconf 88' lang='lat' dir='ltr'><strong>tamen,</strong></span> <span class='ocrx_word' id='word_1_19' title='bbox 2723 307 2912 362; x_wconf 69' lang='lat' dir='ltr'><strong>quam</strong></span> <span class='ocrx_word' id='word_1_20' title='bbox 2961 291 3119 344; x_wconf 85' lang='lat' dir='ltr'><strong>male</strong></span> <span class='ocrx_word' id='word_1_21' title='bbox 3143 292 3326 344; x_wconf 83' lang='lat' dir='ltr'><strong>utitur</strong></span> <span class='ocrx_word' id='word_1_22' title='bbox 3371 293 3596 346; x_wconf 79' lang='lat' dir='ltr'><strong>OCllllSl</strong></span> <span class='ocrx_word' id='word_1_23' title='bbox 3654 293 3939 358; x_wconf 82' lang='lat' dir='ltr'><strong>Fallacia.</strong></span> 
     </span>
    </p>
   </div>
   <div class='ocr_carea' id='block_1_5' title="bbox 505 382 2156 456">
    <p class='ocr_par' dir='ltr' id='par_1_5' title="bbox 505 382 2156 456">
     <span class='ocr_line' id='line_1_5' title="bbox 505 382 2156 456; baseline -0.005 -12"><span class='ocrx_word' id='word_1_24' title='bbox 505 389 730 445; x_wconf 84' lang='lat' dir='ltr'><strong>tionem</strong></span> <span class='ocrx_word' id='word_1_25' title='bbox 756 401 877 440; x_wconf 92' lang='lat' dir='ltr'><strong>non</strong></span> <span class='ocrx_word' id='word_1_26' title='bbox 914 383 1207 455; x_wconf 80' lang='lat' dir='ltr'><strong>pertinere</strong></span> <span class='ocrx_word' id='word_1_27' title='bbox 1229 384 1345 438; x_wconf 87' lang='lat' dir='ltr'>nisi</span> <span class='ocrx_word' id='word_1_28' title='bbox 1369 384 1563 440; x_wconf 90' lang='lat' dir='ltr'><strong>bonos</strong></span> <span class='ocrx_word' id='word_1_29' title='bbox 1588 403 1600 452; x_wconf 94' lang='lat'><strong>;</strong></span> <span class='ocrx_word' id='word_1_30' title='bbox 1636 401 1704 440; x_wconf 90' lang='lat' dir='ltr'><strong>ac</strong></span> <span class='ocrx_word' id='word_1_31' title='bbox 1738 399 1844 456; x_wconf 89' lang='lat' dir='ltr'><strong>per</strong></span> <span class='ocrx_word' id='word_1_32' title='bbox 1869 384 1982 438; x_wconf 93' lang='lat' dir='ltr'><strong>hoc</strong></span> <span class='ocrx_word' id='word_1_33' title='bbox 2011 382 2156 438; x_wconf 90' lang='lat' dir='ltr'><strong>illud</strong></span> 
     </span>
    </p>
   </div>
   <div class='ocr_carea' id='block_1_6' title="bbox 504 473 2156 548">
    <p class='ocr_par' dir='ltr' id='par_1_6' title="bbox 504 473 2156 548">
     <span class='ocr_line' id='line_1_6' title="bbox 504 473 2156 548; baseline -0.004 -17"><span class='ocrx_word' id='word_1_34' title='bbox 504 475 669 548; x_wconf 92' lang='lat' dir='ltr'><strong>quod</strong></span> <span class='ocrx_word' id='word_1_35' title='bbox 694 473 920 529; x_wconf 91' lang='lat' dir='ltr'><strong>dictum</strong></span> <span class='ocrx_word' id='word_1_36' title='bbox 938 478 1029 528; x_wconf 89' lang='lat' dir='ltr'><strong>est</strong></span> <span class='ocrx_word' id='word_1_37' title='bbox 1061 474 1221 543; x_wconf 87' lang='lat' dir='ltr'><strong>:Ego</strong></span> <span class='ocrx_word' id='word_1_38' title='bbox 1246 488 1346 529; x_wconf 89' lang='lat' dir='ltr'><strong>vos</strong></span> <span class='ocrx_word' id='word_1_39' title='bbox 1373 475 1683 530; x_wconf 79' lang='lat' dir='ltr'><strong>duodecim</strong></span> <span class='ocrx_word' id='word_1_40' title='bbox 1707 475 1877 544; x_wconf 82' lang='lat' dir='ltr'><strong>elegi,</strong></span> <span class='ocrx_word' id='word_1_41' title='bbox 1922 487 2028 545; x_wconf 90' lang='lat' dir='ltr'><strong>per</strong></span> <span class='ocrx_word' id='word_1_42' title='bbox 2059 488 2156 543; x_wconf 87' lang='lat' dir='ltr'><strong>sy-</strong></span> 
     </span>
    </p>
   </div>
   <div class='ocr_carea' id='block_1_7' title="bbox 503 561 2159 634">
    <p class='ocr_par' dir='ltr' id='par_1_7' title="bbox 503 561 2159 634">
     <span class='ocr_line' id='line_1_7' title="bbox 503 561 2159 634; baseline -0.002 -14"><span class='ocrx_word' id='word_1_43' title='bbox 503 561 854 620; x_wconf 85' lang='lat' dir='ltr'><strong>necdochen</strong></span> <span class='ocrx_word' id='word_1_44' title='bbox 881 562 1108 618; x_wconf 91' lang='lat' dir='ltr'><strong>dictum</strong></span> <span class='ocrx_word' id='word_1_45' title='bbox 1140 567 1246 629; x_wconf 90' lang='lat' dir='ltr'><strong>est,</strong></span> <span class='ocrx_word' id='word_1_46' title='bbox 1273 567 1338 618; x_wconf 88' lang='lat' dir='ltr'><strong>ut</strong></span> <span class='ocrx_word' id='word_1_47' title='bbox 1362 563 1607 619; x_wconf 87' lang='lat' dir='ltr'><strong>nomine</strong></span> <span class='ocrx_word' id='word_1_48' title='bbox 1651 562 1899 634; x_wconf 78' lang='lat' dir='ltr'><strong>majoris</strong></span> <span class='ocrx_word' id='word_1_49' title='bbox 1957 561 2159 617; x_wconf 89' lang='lat' dir='ltr'><strong>melio-</strong></span> 
     </span>
    </p>
   </div>
   <div class='ocr_carea' id='block_1_8' title="bbox 501 649 2158 725">
    <p class='ocr_par' dir='ltr' id='par_1_8' title="bbox 501 649 2158 725">
     <span class='ocr_line' id='line_1_8' title="bbox 501 649 2158 725; baseline -0.002 -16"><span class='ocrx_word' id='word_1_50' title='bbox 501 652 704 725; x_wconf 83' lang='lat' dir='ltr'><strong>risque</strong></span> <span class='ocrx_word' id='word_1_51' title='bbox 733 651 918 724; x_wconf 91' lang='lat' dir='ltr'><strong>partis</strong></span> <span class='ocrx_word' id='word_1_52' title='bbox 939 651 1119 707; x_wconf 90' lang='lat' dir='ltr'><strong>etiam</strong></span> <span class='ocrx_word' id='word_1_53' title='bbox 1136 651 1283 707; x_wconf 90' lang='lat' dir='ltr'><strong>illud</strong></span> <span class='ocrx_word' id='word_1_54' title='bbox 1314 651 1825 724; x_wconf 77' lang='lat' dir='ltr'><strong>complecteretur,</strong></span> <span class='ocrx_word' id='word_1_55' title='bbox 1857 650 2024 724; x_wconf 88' lang='lat' dir='ltr'><strong>quod</strong></span> <span class='ocrx_word' id='word_1_56' title='bbox 2081 649 2158 706; x_wconf 89' lang='lat' dir='ltr'><strong>ad</strong></span> 
     </span>
    </p>
   </div>
   <div class='ocr_carea' id='block_1_9' title="bbox 504 742 1436 816">
    <p class='ocr_par' dir='ltr' id='par_1_9' title="bbox 504 742 1436 816">
     <span class='ocr_line' id='line_1_9' title="bbox 504 742 1436 816; baseline 0 -18"><span class='ocrx_word' id='word_1_57' title='bbox 504 744 708 816; x_wconf 91' lang='lat' dir='ltr'><strong>ipsum</strong></span> <span class='ocrx_word' id='word_1_58' title='bbox 735 758 955 798; x_wconf 85' lang='lat' dir='ltr'><strong>nomen</strong></span> <span class='ocrx_word' id='word_1_59' title='bbox 987 758 1110 797; x_wconf 92' lang='lat' dir='ltr'><strong>non</strong></span> <span class='ocrx_word' id='word_1_60' title='bbox 1137 742 1436 814; x_wconf 87' lang='lat' dir='ltr'><strong>pertinet.]</strong></span> 
     </span>
    </p>
   </div>
   <div class='ocr_carea' id='block_1_10' title="bbox 575 831 2162 903">
    <p class='ocr_par' dir='ltr' id='par_1_10' title="bbox 575 831 2162 903">
     <span class='ocr_line' id='line_1_10' title="bbox 575 831 2162 903; baseline -0.002 -15"><span class='ocrx_word' id='word_1_61' title='bbox 575 835 616 903; x_wconf 55' lang='grc' dir='ltr'><strong>ἦ·</strong></span> <span class='ocrx_word' id='word_1_62' title='bbox 648 834 775 898; x_wconf 90' lang='lat' dir='ltr'><strong>Qua</strong></span> <span class='ocrx_word' id='word_1_63' title='bbox 793 831 1082 888; x_wconf 81' lang='lat' dir='ltr'><strong>sententia</strong></span> <span class='ocrx_word' id='word_1_64' title='bbox 1103 831 1370 887; x_wconf 84' lang='lat' dir='ltr'><strong>deliratio</strong></span> <span class='ocrx_word' id='word_1_65' title='bbox 1399 837 1499 888; x_wconf 89' lang='lat' dir='ltr'><strong>tua</strong></span> <span class='ocrx_word' id='word_1_66' title='bbox 1521 835 1854 894; x_wconf 85' lang='lat' dir='ltr'><strong>frustratur,</strong></span> <span class='ocrx_word' id='word_1_67' title='bbox 1879 846 2002 903; x_wconf 90' lang='lat' dir='ltr'><strong>qua</strong></span> <span class='ocrx_word' id='word_1_68' title='bbox 2024 844 2162 886; x_wconf 89' lang='lat' dir='ltr'><strong>con-</strong></span> 
     </span>
    </p>
   </div>
   <div class='ocr_carea' id='block_1_11' title="bbox 503 920 2160 992">
    <p class='ocr_par' dir='ltr' id='par_1_11' title="bbox 503 920 2160 992">
     <span class='ocr_line' id='line_1_11' title="bbox 503 920 2160 992; baseline -0.002 -15"><span class='ocrx_word' id='word_1_69' title='bbox 503 921 815 978; x_wconf 87' lang='lat' dir='ltr'><strong>trarietatis</strong></span> <span class='ocrx_word' id='word_1_70' title='bbox 847 921 1024 976; x_wconf 91' lang='lat' dir='ltr'><strong>nobis</strong></span> <span class='ocrx_word' id='word_1_71' title='bbox 1072 920 1486 989; x_wconf 87' lang='lat' dir='ltr'><strong>intelligentias</strong></span> <span class='ocrx_word' id='word_1_72' title='bbox 1533 920 1817 992; x_wconf 89' lang='lat' dir='ltr'><strong>imponis,</strong></span> <span class='ocrx_word' id='word_1_73' title='bbox 1868 936 2005 974; x_wconf 93' lang='lat' dir='ltr'><strong>cum</strong></span> <span class='ocrx_word' id='word_1_74' title='bbox 2053 934 2160 991; x_wconf 92' lang='lat' dir='ltr'><strong>per</strong></span> 
     </span>
    </p>
   </div>
   <div class='ocr_carea' id='block_1_12' title="bbox 503 1006 2160 1083">
    <p class='ocr_par' dir='ltr' id='par_1_12' title="bbox 503 1006 2160 1083">
     <span class='ocr_line' id='line_1_12' title="bbox 503 1006 2160 1083; baseline -0.002 -17"><span class='ocrx_word' id='word_1_75' title='bbox 503 1015 744 1082; x_wconf 89' lang='lat' dir='ltr'><strong>tropum</strong></span> <span class='ocrx_word' id='word_1_76' title='bbox 777 1009 1197 1082; x_wconf 85' lang='lat' dir='ltr'><strong>synecdochen</strong></span> <span class='ocrx_word' id='word_1_77' title='bbox 1221 1010 1449 1066; x_wconf 90' lang='lat' dir='ltr'><strong>dictum</strong></span> <span class='ocrx_word' id='word_1_78' title='bbox 1472 1011 1671 1082; x_wconf 85' lang='lat' dir='ltr'><strong>potius</strong></span> <span class='ocrx_word' id='word_1_79' title='bbox 1691 1009 1969 1083; x_wconf 91' lang='lat' dir='ltr'><strong>aperitur.</strong></span> <span class='ocrx_word' id='word_1_80' title='bbox 2025 1006 2160 1073; x_wconf 92' lang='lat' dir='ltr'><strong>Qui-</strong></span> 
     </span>
    </p>
   </div>
   <div class='ocr_carea' id='block_1_13' title="bbox 503 1097 2159 1170">
    <p class='ocr_par' dir='ltr' id='par_1_13' title="bbox 503 1097 2159 1170">
     <span class='ocr_line' id='line_1_13' title="bbox 503 1097 2159 1170; baseline -0.003 -14"><span class='ocrx_word' id='word_1_81' title='bbox 503 1101 617 1157; x_wconf 90' lang='lat' dir='ltr'><strong>bus</strong></span> <span class='ocrx_word' id='word_1_82' title='bbox 630 1100 875 1156; x_wconf 87' lang='lat' dir='ltr'><strong>cassatis</strong></span> <span class='ocrx_word' id='word_1_83' title='bbox 892 1099 1339 1170; x_wconf 86' lang='lat' dir='ltr'><strong>intelligendum</strong></span> <span class='ocrx_word' id='word_1_84' title='bbox 1362 1105 1450 1155; x_wconf 90' lang='lat' dir='ltr'><strong>est</strong></span> <span class='ocrx_word' id='word_1_85' title='bbox 1470 1099 1770 1156; x_wconf 90' lang='lat' dir='ltr'><strong>electionis</strong></span> <span class='ocrx_word' id='word_1_86' title='bbox 1793 1097 2159 1154; x_wconf 87' lang='lat' dir='ltr'><strong>vocabulum</strong></span> 
     </span>
    </p>
   </div>
   <div class='ocr_carea' id='block_1_14' title="bbox 505 1188 2158 1261">
    <p class='ocr_par' dir='ltr' id='par_1_14' title="bbox 505 1188 2158 1261">
     <span class='ocr_line' id='line_1_14' title="bbox 505 1188 2158 1261; baseline -0.004 -15"><span class='ocrx_word' id='word_1_87' title='bbox 505 1207 542 1246; x_wconf 77' lang='grc' dir='ltr'>ει</span> <span class='ocrx_word' id='word_1_88' title='bbox 563 1191 681 1245; x_wconf 91' lang='lat' dir='ltr'><strong>Deo</strong></span> <span class='ocrx_word' id='word_1_89' title='bbox 713 1205 953 1261; x_wconf 85' lang='lat' dir='ltr'><strong>semper</strong></span> <span class='ocrx_word' id='word_1_90' title='bbox 982 1188 1042 1243; x_wconf 93' lang='lat' dir='ltr'><strong>in</strong></span> <span class='ocrx_word' id='word_1_91' title='bbox 1063 1188 1222 1244; x_wconf 91' lang='lat' dir='ltr'><strong>bono</strong></span> <span class='ocrx_word' id='word_1_92' title='bbox 1250 1189 1415 1261; x_wconf 88' lang='lat' dir='ltr'><strong>poni,</strong></span> <span class='ocrx_word' id='word_1_93' title='bbox 1446 1189 1896 1245; x_wconf 89' lang='lat' dir='ltr'><strong>autsecundum</strong></span> <span class='ocrx_word' id='word_1_94' title='bbox 1928 1201 2158 1242; x_wconf 91' lang='lat' dir='ltr'><strong>memo-</strong></span> 
     </span>
    </p>
   </div>
   <div class='ocr_carea' id='block_1_15' title="bbox 501 1265 2159 1352">
    <p class='ocr_par' dir='ltr' id='par_1_15' title="bbox 501 1265 2159 1352">
     <span class='ocr_line' id='line_1_15' title="bbox 501 1265 2159 1352; baseline -0.002 -17"><span class='ocrx_word' id='word_1_95' title='bbox 501 1270 664 1335; x_wconf 69' lang='lat' dir='ltr'><strong>ratas</strong></span> <span class='ocrx_word' id='word_1_96' title='bbox 686 1265 1006 1333; x_wconf 83' lang='lat' dir='ltr'><strong>sententias</strong></span> <span class='ocrx_word' id='word_1_97' title='bbox 1053 1276 1129 1332; x_wconf 90' lang='lat' dir='ltr'><strong>ad</strong></span> <span class='ocrx_word' id='word_1_98' title='bbox 1182 1278 1637 1352; x_wconf 86' lang='lat' dir='ltr'><strong>percipiendum</strong></span> <span class='ocrx_word' id='word_1_99' title='bbox 1678 1293 1934 1346; x_wconf 80' lang='lat' dir='ltr'><strong>regnum</strong></span> <span class='ocrx_word' id='word_1_100' title='bbox 1991 1281 2159 1333; x_wconf 77' lang='lat' dir='ltr'><strong>aeter-</strong></span> 
     </span>
    </p>
   </div>
   <div class='ocr_carea' id='block_1_16' title="bbox 503 1365 2159 1434">
    <p class='ocr_par' dir='ltr' id='par_1_16' title="bbox 503 1365 2159 1434">
     <span class='ocr_line' id='line_1_16' title="bbox 503 1365 2159 1434; baseline -0.002 -11"><span class='ocrx_word' id='word_1_101' title='bbox 503 1384 672 1434; x_wconf 90' lang='lat' dir='ltr'><strong>num,</strong></span> <span class='ocrx_word' id='word_1_102' title='bbox 708 1371 811 1424; x_wconf 90' lang='lat' dir='ltr'><strong>aut</strong></span> <span class='ocrx_word' id='word_1_103' title='bbox 863 1365 1196 1422; x_wconf 88' lang='lat' dir='ltr'><strong>secundum</strong></span> <span class='ocrx_word' id='word_1_104' title='bbox 1248 1368 1398 1423; x_wconf 90' lang='lat' dir='ltr'><strong>alios</strong></span> <span class='ocrx_word' id='word_1_105' title='bbox 1462 1368 1832 1424; x_wconf 87' lang='lat' dir='ltr'><strong>orthodoxos</strong></span> <span class='ocrx_word' id='word_1_106' title='bbox 1891 1367 2159 1422; x_wconf 76' lang='lat' dir='ltr'><strong>Ecclesiae</strong></span> 
     </span>
    </p>
   </div>
   <div class='ocr_carea' id='block_1_17' title="bbox 503 1456 2161 1528">
    <p class='ocr_par' dir='ltr' id='par_1_17' title="bbox 503 1456 2161 1528">
     <span class='ocr_line' id='line_1_17' title="bbox 503 1456 2161 1528; baseline 0 -16"><span class='ocrx_word' id='word_1_107' title='bbox 503 1460 869 1522; x_wconf 88' lang='lat' dir='ltr'><strong>tractatores,</strong></span> <span class='ocrx_word' id='word_1_108' title='bbox 912 1456 989 1511; x_wconf 90' lang='lat' dir='ltr'><strong>ad</strong></span> <span class='ocrx_word' id='word_1_109' title='bbox 1046 1456 1290 1528; x_wconf 87' lang='lat' dir='ltr'><strong>aliquod</strong></span> <span class='ocrx_word' id='word_1_110' title='bbox 1341 1457 1571 1512; x_wconf 88' lang='lat' dir='ltr'><strong>bonum</strong></span> <span class='ocrx_word' id='word_1_111' title='bbox 1610 1457 1712 1512; x_wconf 90' lang='lat' dir='ltr'><strong>Dei</strong></span> <span class='ocrx_word' id='word_1_112' title='bbox 1771 1456 2074 1511; x_wconf 88' lang='lat' dir='ltr'><strong>voluntate</strong></span> <span class='ocrx_word' id='word_1_113' title='bbox 2104 1461 2161 1512; x_wconf 91' lang='lat' dir='ltr'><strong>et</strong></span> 
     </span>
    </p>
   </div>
   <div class='ocr_carea' id='block_1_18' title="bbox 498 1544 2160 1616">
    <p class='ocr_par' dir='ltr' id='par_1_18' title="bbox 498 1544 2160 1616">
     <span class='ocr_line' id='line_1_18' title="bbox 498 1544 2160 1616; baseline 0 -16"><span class='ocrx_word' id='word_1_114' title='bbox 498 1546 769 1616; x_wconf 89' lang='lat' dir='ltr'><strong>jussione</strong></span> <span class='ocrx_word' id='word_1_115' title='bbox 786 1544 964 1600; x_wconf 88' lang='lat' dir='ltr'><strong>etiam</strong></span> <span class='ocrx_word' id='word_1_116' title='bbox 987 1545 1388 1616; x_wconf 88' lang='lat' dir='ltr'><strong>temporaliter</strong></span> <span class='ocrx_word' id='word_1_117' title='bbox 1399 1545 1839 1612; x_wconf 75' lang='lat' dir='ltr'><strong>exhibendum;</strong></span> <span class='ocrx_word' id='word_1_118' title='bbox 1872 1545 2160 1616; x_wconf 89' lang='lat' dir='ltr'><strong>quemad-</strong></span> 
     </span>
    </p>
   </div>
   <div class='ocr_carea' id='block_1_19' title="bbox 2267 377 3944 450">
    <p class='ocr_par' dir='ltr' id='par_1_19' title="bbox 2267 377 3944 450">
     <span class='ocr_line' id='line_1_19' title="bbox 2267 377 3944 450; baseline 0.004 -18"><span class='ocrx_word' id='word_1_119' title='bbox 2267 394 2456 450; x_wconf 90' lang='lat' dir='ltr'><strong>quam</strong></span> <span class='ocrx_word' id='word_1_120' title='bbox 2479 377 2633 433; x_wconf 90' lang='lat' dir='ltr'><strong>male</strong></span> <span class='ocrx_word' id='word_1_121' title='bbox 2653 379 2834 433; x_wconf 85' lang='lat' dir='ltr'><strong>utitur</strong></span> <span class='ocrx_word' id='word_1_122' title='bbox 2860 378 3099 447; x_wconf 80' lang='lat' dir='ltr'><strong>lingua!</strong></span> <span class='ocrx_word' id='word_1_123' title='bbox 3166 377 3370 433; x_wconf 75' lang='lat' dir='ltr'><strong>Falsus</strong></span> <span class='ocrx_word' id='word_1_124' title='bbox 3399 378 3564 433; x_wconf 90' lang='lat' dir='ltr'><strong>testis</strong></span> <span class='ocrx_word' id='word_1_125' title='bbox 3589 395 3796 436; x_wconf 90' lang='lat' dir='ltr'><strong>nonne</strong></span> <span class='ocrx_word' id='word_1_126' title='bbox 3827 383 3944 439; x_wconf 88' lang='lat' dir='ltr'><strong>lin-</strong></span> 
     </span>
    </p>
   </div>
   <div class='ocr_carea' id='block_1_20' title="bbox 2266 467 3943 541">
    <p class='ocr_par' dir='ltr' id='par_1_20' title="bbox 2266 467 3943 541">
     <span class='ocr_line' id='line_1_20' title="bbox 2266 467 3943 541; baseline 0.004 -19"><span class='ocrx_word' id='word_1_127' title='bbox 2266 483 2450 537; x_wconf 88' lang='lat' dir='ltr'><strong>guam</strong></span> <span class='ocrx_word' id='word_1_128' title='bbox 2474 483 2648 522; x_wconf 88' lang='lat' dir='ltr'><strong>suam</strong></span> <span class='ocrx_word' id='word_1_129' title='bbox 2672 472 2728 522; x_wconf 91' lang='lat' dir='ltr'><strong>et</strong></span> <span class='ocrx_word' id='word_1_130' title='bbox 2754 468 3021 522; x_wconf 83' lang='lat' dir='ltr'><strong>animam</strong></span> <span class='ocrx_word' id='word_1_131' title='bbox 3056 482 3230 522; x_wconf 88' lang='lat' dir='ltr'><strong>suam</strong></span> <span class='ocrx_word' id='word_1_132' title='bbox 3257 467 3423 538; x_wconf 89' lang='lat' dir='ltr'><strong>prius</strong></span> <span class='ocrx_word' id='word_1_133' title='bbox 3453 468 3728 541; x_wconf 84' lang='lat' dir='ltr'><strong>trucidat,</strong></span> <span class='ocrx_word' id='word_1_134' title='bbox 3772 478 3830 527; x_wconf 90' lang='lat' dir='ltr'><strong>ct</strong></span> <span class='ocrx_word' id='word_1_135' title='bbox 3857 473 3943 529; x_wconf 86' lang='lat' dir='ltr'><strong>al-</strong></span> 
     </span>
    </p>
   </div>
   <div class='ocr_carea' id='block_1_21' title="bbox 2266 557 3946 629">
    <p class='ocr_par' dir='ltr' id='par_1_21' title="bbox 2266 557 3946 629">
     <span class='ocr_line' id='line_1_21' title="bbox 2266 557 3946 629; baseline 0.004 -16"><span class='ocrx_word' id='word_1_136' title='bbox 2266 562 2461 614; x_wconf 90' lang='lat' dir='ltr'><strong>terum</strong></span> <span class='ocrx_word' id='word_1_137' title='bbox 2489 557 2704 612; x_wconf 78' lang='lat' dir='ltr'><strong>laedere</strong></span> <span class='ocrx_word' id='word_1_138' title='bbox 2729 573 2790 612; x_wconf 90' lang='lat' dir='ltr'><strong>se</strong></span> <span class='ocrx_word' id='word_1_139' title='bbox 2836 560 3149 629; x_wconf 85' lang='lat' dir='ltr'><strong>perempto</strong></span> <span class='ocrx_word' id='word_1_140' title='bbox 3200 559 3507 614; x_wconf 83' lang='lat' dir='ltr'><strong>conatur?</strong></span> <span class='ocrx_word' id='word_1_141' title='bbox 3556 560 3703 616; x_wconf 86' lang='lat' dir='ltr'><strong>Male</strong></span> <span class='ocrx_word' id='word_1_142' title='bbox 3757 563 3946 620; x_wconf 86' lang='lat' dir='ltr'><strong>utitur</strong></span> 
     </span>
    </p>
   </div>
   <div class='ocr_carea' id='block_1_22' title="bbox 2266 644 3945 719">
    <p class='ocr_par' dir='ltr' id='par_1_22' title="bbox 2266 644 3945 719">
     <span class='ocr_line' id='line_1_22' title="bbox 2266 644 3945 719; baseline 0.003 -16"><span class='ocrx_word' id='word_1_143' title='bbox 2266 647 2493 715; x_wconf 83' lang='lat' dir='ltr'><strong>lingua,</strong></span> <span class='ocrx_word' id='word_1_144' title='bbox 2526 661 2634 701; x_wconf 93' lang='lat' dir='ltr'><strong>nec</strong></span> <span class='ocrx_word' id='word_1_145' title='bbox 2666 645 2802 700; x_wconf 87' lang='lat' dir='ltr'><strong>ideo</strong></span> <span class='ocrx_word' id='word_1_146' title='bbox 2835 645 3064 700; x_wconf 86' lang='lat' dir='ltr'><strong>malum</strong></span> <span class='ocrx_word' id='word_1_147' title='bbox 3093 644 3438 715; x_wconf 88' lang='lat' dir='ltr'><strong>estlingua;</strong></span> <span class='ocrx_word' id='word_1_148' title='bbox 3487 663 3642 719; x_wconf 91' lang='lat' dir='ltr'><strong>opus</strong></span> <span class='ocrx_word' id='word_1_149' title='bbox 3694 650 3797 705; x_wconf 91' lang='lat' dir='ltr'><strong>Dei</strong></span> <span class='ocrx_word' id='word_1_150' title='bbox 3857 657 3945 708; x_wconf 88' lang='lat' dir='ltr'><strong>est</strong></span> 
     </span>
    </p>
   </div>
   <div class='ocr_carea' id='block_1_23' title="bbox 2266 733 3938 812">
    <p class='ocr_par' dir='ltr' id='par_1_23' title="bbox 2266 733 3938 812">
     <span class='ocr_line' id='line_1_23' title="bbox 2266 733 3938 812; baseline 0.003 -22"><span class='ocrx_word' id='word_1_151' title='bbox 2266 735 2499 804; x_wconf 82' lang='lat' dir='ltr'><strong>lingua,</strong></span> <span class='ocrx_word' id='word_1_152' title='bbox 2528 733 2634 789; x_wconf 89' lang='lat' dir='ltr'><strong>sed</strong></span> <span class='ocrx_word' id='word_1_153' title='bbox 2663 734 2827 790; x_wconf 89' lang='lat' dir='ltr'><strong>bono</strong></span> <span class='ocrx_word' id='word_1_154' title='bbox 2853 749 3032 805; x_wconf 85' lang='lat' dir='ltr'><strong>Opere</strong></span> <span class='ocrx_word' id='word_1_155' title='bbox 3069 733 3166 788; x_wconf 89' lang='lat' dir='ltr'><strong>Dei</strong></span> <span class='ocrx_word' id='word_1_156' title='bbox 3188 733 3346 789; x_wconf 90' lang='lat' dir='ltr'><strong>male</strong></span> <span class='ocrx_word' id='word_1_157' title='bbox 3379 735 3562 790; x_wconf 86' lang='lat' dir='ltr'><strong>utitur</strong></span> <span class='ocrx_word' id='word_1_158' title='bbox 3593 735 3696 793; x_wconf 90' lang='lat' dir='ltr'><strong>illa</strong></span> <span class='ocrx_word' id='word_1_159' title='bbox 3726 740 3938 812; x_wconf 91' lang='lat' dir='ltr'><strong>nequi-</strong></span> 
     </span>
    </p>
   </div>
   <div class='ocr_carea' id='block_1_24' title="bbox 2269 823 3940 896">
    <p class='ocr_par' dir='ltr' id='par_1_24' title="bbox 2269 823 3940 896">
     <span class='ocr_line' id='line_1_24' title="bbox 2269 823 3940 896; baseline 0.002 -14"><span class='ocrx_word' id='word_1_160' title='bbox 2269 826 2367 882; x_wconf 86' lang='lat' dir='ltr'><strong>tia.</strong></span> <span class='ocrx_word' id='word_1_161' title='bbox 2399 825 2713 891; x_wconf 86' lang='lat' dir='ltr'><strong>Quomodo</strong></span> <span class='ocrx_word' id='word_1_162' title='bbox 2744 829 2991 879; x_wconf 88' lang='lat' dir='ltr'><strong>utuntur</strong></span> <span class='ocrx_word' id='word_1_163' title='bbox 3017 823 3272 896; x_wconf 85' lang='lat' dir='ltr'><strong>pedibus</strong></span> <span class='ocrx_word' id='word_1_164' title='bbox 3298 825 3402 896; x_wconf 85' lang='lat' dir='ltr'><strong>qui</strong></span> <span class='ocrx_word' id='word_1_165' title='bbox 3435 831 3685 883; x_wconf 90' lang='lat' dir='ltr'><strong>currunt</strong></span> <span class='ocrx_word' id='word_1_166' title='bbox 3711 829 3788 884; x_wconf 88' lang='lat' dir='ltr'><strong>ad</strong></span> <span class='ocrx_word' id='word_1_167' title='bbox 3819 846 3940 885; x_wconf 90' lang='lat' dir='ltr'><strong>sce-</strong></span> 
     </span>
    </p>
   </div>
   <div class='ocr_carea' id='block_1_25' title="bbox 2266 913 3939 986">
    <p class='ocr_par' dir='ltr' id='par_1_25' title="bbox 2266 913 3939 986">
     <span class='ocr_line' id='line_1_25' title="bbox 2266 913 3939 986; baseline 0.002 -15"><span class='ocrx_word' id='word_1_168' title='bbox 2266 915 2410 983; x_wconf 89' lang='lat' dir='ltr'><strong>lera,</strong></span> <span class='ocrx_word' id='word_1_169' title='bbox 2444 914 2754 986; x_wconf 91' lang='lat' dir='ltr'><strong>quomodo</strong></span> <span class='ocrx_word' id='word_1_170' title='bbox 2778 918 3023 969; x_wconf 88' lang='lat' dir='ltr'><strong>utuntur</strong></span> <span class='ocrx_word' id='word_1_171' title='bbox 3054 913 3339 974; x_wconf 87' lang='lat' dir='ltr'><strong>manibus</strong></span> <span class='ocrx_word' id='word_1_172' title='bbox 3369 914 3716 983; x_wconf 78' lang='lat' dir='ltr'><strong>homicidae,</strong></span> <span class='ocrx_word' id='word_1_173' title='bbox 3744 921 3802 974; x_wconf 91' lang='lat' dir='ltr'><strong>et</strong></span> <span class='ocrx_word' id='word_1_174' title='bbox 3826 919 3939 974; x_wconf 89' lang='lat' dir='ltr'><strong>illis</strong></span> 
     </span>
    </p>
   </div>
   <div class='ocr_carea' id='block_1_26' title="bbox 2269 1003 3936 1075">
    <p class='ocr_par' dir='ltr' id='par_1_26' title="bbox 2269 1003 3936 1075">
     <span class='ocr_line' id='line_1_26' title="bbox 2269 1003 3936 1075; baseline 0.004 -15"><span class='ocrx_word' id='word_1_175' title='bbox 2269 1004 2684 1075; x_wconf 88' lang='lat' dir='ltr'><strong>adjacentibus</strong></span> <span class='ocrx_word' id='word_1_176' title='bbox 2710 1003 3042 1059; x_wconf 72' lang='lat' dir='ltr'><strong>forinsecus</strong></span> <span class='ocrx_word' id='word_1_177' title='bbox 3063 1003 3238 1058; x_wconf 86' lang='lat' dir='ltr'><strong>bonis</strong></span> <span class='ocrx_word' id='word_1_178' title='bbox 3265 1005 3555 1060; x_wconf 87' lang='lat' dir='ltr'><strong>creaturis</strong></span> <span class='ocrx_word' id='word_1_179' title='bbox 3588 1007 3710 1064; x_wconf 89' lang='lat' dir='ltr'><strong>Dei.</strong></span> <span class='ocrx_word' id='word_1_180' title='bbox 3743 1013 3936 1074; x_wconf 76' lang='lat' dir='ltr'><strong>Quam</strong></span> 
     </span>
    </p>
   </div>
   <div class='ocr_carea' id='block_1_27' title="bbox 2268 1091 3938 1166">
    <p class='ocr_par' dir='ltr' id='par_1_27' title="bbox 2268 1091 3938 1166">
     <span class='ocr_line' id='line_1_27' title="bbox 2268 1091 3938 1166; baseline 0.004 -18"><span class='ocrx_word' id='word_1_181' title='bbox 2268 1093 2426 1148; x_wconf 92' lang='lat' dir='ltr'><strong>male</strong></span> <span class='ocrx_word' id='word_1_182' title='bbox 2454 1097 2700 1148; x_wconf 91' lang='lat' dir='ltr'><strong>utuntur</strong></span> <span class='ocrx_word' id='word_1_183' title='bbox 2713 1091 2857 1147; x_wconf 91' lang='lat' dir='ltr'><strong>mali</strong></span> <span class='ocrx_word' id='word_1_184' title='bbox 2888 1107 3056 1158; x_wconf 90' lang='lat' dir='ltr'><strong>auro,</strong></span> <span class='ocrx_word' id='word_1_185' title='bbox 3070 1091 3300 1161; x_wconf 89' lang='lat' dir='ltr'><strong>judicia</strong></span> <span class='ocrx_word' id='word_1_186' title='bbox 3319 1100 3740 1166; x_wconf 87' lang='lat' dir='ltr'><strong>corrumpunt,</strong></span> <span class='ocrx_word' id='word_1_187' title='bbox 3770 1097 3938 1154; x_wconf 86' lang='lat' dir='ltr'><strong>inno-</strong></span> 
     </span>
    </p>
   </div>
   <div class='ocr_carea' id='block_1_28' title="bbox 2269 1181 3935 1254">
    <p class='ocr_par' dir='ltr' id='par_1_28' title="bbox 2269 1181 3935 1254">
     <span class='ocr_line' id='line_1_28' title="bbox 2269 1181 3935 1254; baseline 0.002 -16"><span class='ocrx_word' id='word_1_188' title='bbox 2269 1187 2472 1238; x_wconf 86' lang='lat' dir='ltr'><strong>centes</strong></span> <span class='ocrx_word' id='word_1_189' title='bbox 2504 1181 2890 1254; x_wconf 81' lang='lat' dir='ltr'><strong>opprimunt!</strong></span> <span class='ocrx_word' id='word_1_190' title='bbox 2928 1183 3078 1236; x_wconf 86' lang='lat' dir='ltr'><strong>Luce</strong></span> <span class='ocrx_word' id='word_1_191' title='bbox 3108 1181 3226 1238; x_wconf 89' lang='lat' dir='ltr'><strong>ista</strong></span> <span class='ocrx_word' id='word_1_192' title='bbox 3255 1181 3399 1238; x_wconf 88' lang='lat' dir='ltr'><strong>mali</strong></span> <span class='ocrx_word' id='word_1_193' title='bbox 3429 1183 3588 1238; x_wconf 83' lang='lat' dir='ltr'><strong>male</strong></span> <span class='ocrx_word' id='word_1_194' title='bbox 3637 1191 3891 1242; x_wconf 87' lang='lat' dir='ltr'><strong>utuntur</strong></span> <span class='ocrx_word' id='word_1_195' title='bbox 3921 1204 3935 1242; x_wconf 92' lang='lat'><strong>:</strong></span> 
     </span>
    </p>
   </div>
   <div class='ocr_carea' id='block_1_29' title="bbox 2269 1269 3934 1346">
    <p class='ocr_par' dir='ltr' id='par_1_29' title="bbox 2269 1269 3934 1346">
     <span class='ocr_line' id='line_1_29' title="bbox 2269 1269 3934 1346; baseline 0.003 -20"><span class='ocrx_word' id='word_1_196' title='bbox 2269 1271 2426 1327; x_wconf 91' lang='lat' dir='ltr'><strong>male</strong></span> <span class='ocrx_word' id='word_1_197' title='bbox 2449 1271 2710 1326; x_wconf 87' lang='lat' dir='ltr'><strong>vivendo</strong></span> <span class='ocrx_word' id='word_1_198' title='bbox 2733 1269 2890 1324; x_wconf 80' lang='lat' dir='ltr'><strong>enim</strong></span> <span class='ocrx_word' id='word_1_199' title='bbox 2923 1269 3103 1324; x_wconf 86' lang='lat' dir='ltr'><strong>etiam</strong></span> <span class='ocrx_word' id='word_1_200' title='bbox 3150 1269 3349 1341; x_wconf 85' lang='lat' dir='ltr'><strong>ipsam</strong></span> <span class='ocrx_word' id='word_1_201' title='bbox 3378 1269 3578 1326; x_wconf 79' lang='lat' dir='ltr'><strong>lucem</strong></span> <span class='ocrx_word' id='word_1_202' title='bbox 3633 1289 3755 1344; x_wconf 90' lang='lat' dir='ltr'><strong>qua</strong></span> <span class='ocrx_word' id='word_1_203' title='bbox 3799 1276 3934 1346; x_wconf 85' lang='lat' dir='ltr'><strong>[al.,</strong></span> 
     </span>
    </p>
   </div>
   <div class='ocr_carea' id='block_1_30' title="bbox 2268 1357 3936 1433">
    <p class='ocr_par' dir='ltr' id='par_1_30' title="bbox 2268 1357 3936 1433">
     <span class='ocr_line' id='line_1_30' title="bbox 2268 1357 3936 1433; baseline 0.002 -18"><span class='ocrx_word' id='word_1_204' title='bbox 2268 1361 2475 1433; x_wconf 90' lang='lat' dir='ltr'><strong>quam]</strong></span> <span class='ocrx_word' id='word_1_205' title='bbox 2520 1359 2714 1414; x_wconf 78' lang='lat' dir='ltr'><strong>vident</strong></span> <span class='ocrx_word' id='word_1_206' title='bbox 2773 1358 2844 1412; x_wconf 71' lang='lat' dir='ltr'><strong>ad</strong></span> <span class='ocrx_word' id='word_1_207' title='bbox 2901 1357 3293 1413; x_wconf 74' lang='lat' dir='ltr'><strong>ministerium</strong></span> <span class='ocrx_word' id='word_1_208' title='bbox 3345 1375 3599 1415; x_wconf 86' lang='lat' dir='ltr'><strong>suorum</strong></span> <span class='ocrx_word' id='word_1_209' title='bbox 3643 1363 3936 1420; x_wconf 87' lang='lat' dir='ltr'><strong>scelerum</strong></span> 
     </span>
    </p>
   </div>
   <div class='ocr_carea' id='block_1_31' title="bbox 2268 1446 3936 1520">
    <p class='ocr_par' dir='ltr' id='par_1_31' title="bbox 2268 1446 3936 1520">
     <span class='ocr_line' id='line_1_31' title="bbox 2268 1446 3936 1520; baseline 0.002 -16"><span class='ocrx_word' id='word_1_210' title='bbox 2268 1452 2586 1520; x_wconf 90' lang='lat' dir='ltr'><strong>usurpant.</strong></span> <span class='ocrx_word' id='word_1_211' title='bbox 2616 1448 2850 1504; x_wconf 87' lang='lat' dir='ltr'><strong>Vadens</strong></span> <span class='ocrx_word' id='word_1_212' title='bbox 2877 1451 2938 1501; x_wconf 86' lang='lat' dir='ltr'><strong>ut</strong></span> <span class='ocrx_word' id='word_1_213' title='bbox 2970 1446 3394 1519; x_wconf 87' lang='lat' dir='ltr'><strong>faciataliquid</strong></span> <span class='ocrx_word' id='word_1_214' title='bbox 3425 1449 3570 1504; x_wconf 88' lang='lat' dir='ltr'><strong>mali</strong></span> <span class='ocrx_word' id='word_1_215' title='bbox 3592 1451 3813 1519; x_wconf 88' lang='lat' dir='ltr'><strong>malus,</strong></span> <span class='ocrx_word' id='word_1_216' title='bbox 3843 1452 3936 1508; x_wconf 92' lang='lat' dir='ltr'><strong>lu-</strong></span> 
     </span>
    </p>
   </div>
   <div class='ocr_carea' id='block_1_32' title="bbox 2270 1536 3932 1609">
    <p class='ocr_par' dir='ltr' id='par_1_32' title="bbox 2270 1536 3932 1609">
     <span class='ocr_line' id='line_1_32' title="bbox 2270 1536 3932 1609; baseline 0.002 -16"><span class='ocrx_word' id='word_1_217' title='bbox 2270 1554 2401 1594; x_wconf 89' lang='lat' dir='ltr'><strong>cere</strong></span> <span class='ocrx_word' id='word_1_218' title='bbox 2424 1538 2536 1592; x_wconf 89' lang='lat' dir='ltr'><strong>sibi</strong></span> <span class='ocrx_word' id='word_1_219' title='bbox 2561 1536 2687 1592; x_wconf 83' lang='lat' dir='ltr'><strong>vult</strong></span> <span class='ocrx_word' id='word_1_220' title='bbox 2715 1553 2791 1591; x_wconf 88' lang='lat' dir='ltr'><strong>ne</strong></span> <span class='ocrx_word' id='word_1_221' title='bbox 2822 1536 3109 1605; x_wconf 81' lang='lat' dir='ltr'><strong>oii‘endat,</strong></span> <span class='ocrx_word' id='word_1_222' title='bbox 3141 1536 3243 1608; x_wconf 90' lang='lat' dir='ltr'><strong>qui</strong></span> <span class='ocrx_word' id='word_1_223' title='bbox 3277 1537 3408 1605; x_wconf 91' lang='lat' dir='ltr'><strong>jam</strong></span> <span class='ocrx_word' id='word_1_224' title='bbox 3454 1538 3617 1593; x_wconf 89' lang='lat' dir='ltr'><strong>intus</strong></span> <span class='ocrx_word' id='word_1_225' title='bbox 3663 1541 3932 1609; x_wconf 75' lang='lat' dir='ltr'><strong>offendit,</strong></span> 
     </span>
    </p>
   </div>
   <div class='ocr_carea' id='block_1_33' title="bbox 502 1624 3932 1705">
    <p class='ocr_par' dir='ltr' id='par_1_33' title="bbox 502 1624 3932 1705">
     <span class='ocr_line' id='line_1_33' title="bbox 502 1624 3932 1705; baseline 0.001 -16"><span class='ocrx_word' id='word_1_226' title='bbox 502 1633 756 1689; x_wconf 90' lang='lat' dir='ltr'><strong>modum</strong></span> <span class='ocrx_word' id='word_1_227' title='bbox 779 1631 852 1686; x_wconf 91' lang='lat' dir='ltr'><strong>de</strong></span> <span class='ocrx_word' id='word_1_228' title='bbox 881 1632 1053 1688; x_wconf 91' lang='lat' dir='ltr'><strong>Saule</strong></span> <span class='ocrx_word' id='word_1_229' title='bbox 1081 1633 1384 1705; x_wconf 87' lang='lat' dir='ltr'><strong>Scriptura</strong></span> <span class='ocrx_word' id='word_1_230' title='bbox 1403 1634 1597 1700; x_wconf 85' lang='lat' dir='ltr'><strong>refert,</strong></span> <span class='ocrx_word' id='word_1_231' title='bbox 1630 1633 1861 1689; x_wconf 88' lang='lat' dir='ltr'><strong>dicente</strong></span> <span class='ocrx_word' id='word_1_232' title='bbox 1885 1633 2158 1690; x_wconf 89' lang='lat' dir='ltr'><strong>Samuele</strong></span> <span class='ocrx_word' id='word_1_233' title='bbox 2190 1650 2230 1704; x_wconf 77' lang='grc' dir='ltr'><strong>Β</strong></span> <span class='ocrx_word' id='word_1_234' title='bbox 2269 1631 2326 1683; x_wconf 77' lang='lat' dir='ltr'><strong>et</strong></span> <span class='ocrx_word' id='word_1_235' title='bbox 2341 1627 2571 1683; x_wconf 72' lang='lat' dir='ltr'><strong>cecidit-</strong></span> <span class='ocrx_word' id='word_1_236' title='bbox 2607 1625 2778 1691; x_wconf 76' lang='lat' dir='ltr'><strong>QUOd</strong></span> <span class='ocrx_word' id='word_1_237' title='bbox 2801 1626 2970 1680; x_wconf 63' lang='lat' dir='ltr'><strong>timet</strong></span> <span class='ocrx_word' id='word_1_238' title='bbox 3006 1624 3067 1680; x_wconf 77' lang='lat' dir='ltr'><strong>in</strong></span> <span class='ocrx_word' id='word_1_239' title='bbox 3097 1640 3368 1696; x_wconf 64' lang='lat' dir='ltr'><strong>COI‘POI‘E,</strong></span> <span class='ocrx_word' id='word_1_240' title='bbox 3397 1627 3527 1697; x_wconf 75' lang='lat' dir='ltr'><strong>jam</strong></span> <span class='ocrx_word' id='word_1_241' title='bbox 3575 1628 3824 1684; x_wconf 71' lang='lat' dir='ltr'><strong>incurrit</strong></span> <span class='ocrx_word' id='word_1_242' title='bbox 3869 1630 3932 1685; x_wconf 84' lang='lat' dir='ltr'><strong>in</strong></span> 
     </span>
    </p>
   </div>
   <div class='ocr_carea' id='block_1_34' title="bbox 503 1720 2162 1793">
    <p class='ocr_par' dir='ltr' id='par_1_34' title="bbox 503 1720 2162 1793">
     <span class='ocr_line' id='line_1_34' title="bbox 503 1720 2162 1793; baseline 0.001 -16"><span class='ocrx_word' id='word_1_243' title='bbox 503 1721 584 1778; x_wconf 89' lang='lat' dir='ltr'><strong>ad</strong></span> <span class='ocrx_word' id='word_1_244' title='bbox 613 1720 943 1793; x_wconf 88' lang='lat' dir='ltr'><strong>populum:</strong></span> <span class='ocrx_word' id='word_1_245' title='bbox 979 1723 1152 1778; x_wconf 86' lang='lat' dir='ltr'><strong>Certe</strong></span> <span class='ocrx_word' id='word_1_246' title='bbox 1178 1723 1406 1792; x_wconf 77' lang='lat' dir='ltr'><strong>videtis,</strong></span> <span class='ocrx_word' id='word_1_247' title='bbox 1455 1738 1626 1793; x_wconf 80' lang='lat' dir='ltr'><strong>quem</strong></span> <span class='ocrx_word' id='word_1_248' title='bbox 1675 1724 1912 1793; x_wconf 71' lang='lat' dir='ltr'><strong>elegerit.</strong></span> <span class='ocrx_word' id='word_1_249' title='bbox 1962 1723 2162 1778; x_wconf 89' lang='lat' dir='ltr'><strong>Domi-</strong></span> 
     </span>
    </p>
   </div>
   <div class='ocr_carea' id='block_1_35' title="bbox 502 1812 2168 1882">
    <p class='ocr_par' dir='ltr' id='par_1_35' title="bbox 502 1812 2168 1882">
     <span class='ocr_line' id='line_1_35' title="bbox 502 1812 2168 1882; baseline -0.001 -15"><span class='ocrx_word' id='word_1_250' title='bbox 502 1827 636 1874; x_wconf 92' lang='lat' dir='ltr'><strong>nus,</strong></span> <span class='ocrx_word' id='word_1_251' title='bbox 670 1826 950 1882; x_wconf 80' lang='lat' dir='ltr'><strong>quoniam</strong></span> <span class='ocrx_word' id='word_1_252' title='bbox 974 1827 1092 1866; x_wconf 85' lang='lat' dir='ltr'><strong>non</strong></span> <span class='ocrx_word' id='word_1_253' title='bbox 1121 1812 1194 1866; x_wconf 87' lang='lat' dir='ltr'><strong>sit</strong></span> <span class='ocrx_word' id='word_1_254' title='bbox 1221 1813 1430 1867; x_wconf 79' lang='lat' dir='ltr'><strong>similis</strong></span> <span class='ocrx_word' id='word_1_255' title='bbox 1455 1813 1553 1868; x_wconf 89' lang='lat' dir='ltr'><strong>illi</strong></span> <span class='ocrx_word' id='word_1_256' title='bbox 1572 1813 1634 1867; x_wconf 87' lang='lat' dir='ltr'><strong>in</strong></span> <span class='ocrx_word' id='word_1_257' title='bbox 1666 1814 1830 1868; x_wconf 89' lang='lat' dir='ltr'><strong>omni</strong></span> <span class='ocrx_word' id='word_1_258' title='bbox 1850 1812 2078 1881; x_wconf 77' lang='lat' dir='ltr'><strong>populo</strong></span> <span class='ocrx_word' id='word_1_259' title='bbox 2108 1812 2168 1882; x_wconf 86' lang='grc' dir='ltr'><strong>(Ι</strong></span> 
     </span>
    </p>
   </div>
   <div class='ocr_carea' id='block_1_36' title="bbox 502 1899 2160 1973">
    <p class='ocr_par' dir='ltr' id='par_1_36' title="bbox 502 1899 2160 1973">
     <span class='ocr_line' id='line_1_36' title="bbox 502 1899 2160 1973; baseline -0.001 -16"><span class='ocrx_word' id='word_1_260' title='bbox 502 1902 647 1970; x_wconf 81' lang='lat' dir='ltr'><strong>Reg.</strong></span> <span class='ocrx_word' id='word_1_261' title='bbox 698 1916 757 1965; x_wconf 89' lang='lat' dir='ltr'><strong>x,</strong></span> <span class='ocrx_word' id='word_1_262' title='bbox 788 1901 926 1972; x_wconf 65' lang='lat'><strong>&#39;24):</strong></span> <span class='ocrx_word' id='word_1_263' title='bbox 991 1899 1090 1955; x_wconf 89' lang='lat' dir='ltr'><strong>ubi</strong></span> <span class='ocrx_word' id='word_1_264' title='bbox 1143 1900 1444 1956; x_wconf 86' lang='lat' dir='ltr'><strong>electionis</strong></span> <span class='ocrx_word' id='word_1_265' title='bbox 1492 1917 1717 1958; x_wconf 90' lang='lat' dir='ltr'><strong>nomen</strong></span> <span class='ocrx_word' id='word_1_266' title='bbox 1769 1917 2160 1973; x_wconf 86' lang='lat' dir='ltr'><strong>nequaquam</strong></span> 
     </span>
    </p>
   </div>
   <div class='ocr_carea' id='block_1_37' title="bbox 502 1989 2160 2062">
    <p class='ocr_par' dir='ltr' id='par_1_37' title="bbox 502 1989 2160 2062">
     <span class='ocr_line' id='line_1_37' title="bbox 502 1989 2160 2062; baseline 0 -18"><span class='ocrx_word' id='word_1_267' title='bbox 502 1989 706 2045; x_wconf 67' lang='lat' dir='ltr'><strong>aeterni</strong></span> <span class='ocrx_word' id='word_1_268' title='bbox 735 1989 902 2058; x_wconf 81' lang='lat' dir='ltr'><strong>regni</strong></span> <span class='ocrx_word' id='word_1_269' title='bbox 932 1990 1396 2062; x_wconf 89' lang='lat' dir='ltr'><strong>perceptionem,</strong></span> <span class='ocrx_word' id='word_1_270' title='bbox 1429 1991 1538 2047; x_wconf 92' lang='lat' dir='ltr'><strong>sed</strong></span> <span class='ocrx_word' id='word_1_271' title='bbox 1553 1991 1874 2047; x_wconf 89' lang='lat' dir='ltr'><strong>transitorii</strong></span> <span class='ocrx_word' id='word_1_272' title='bbox 1901 1990 2160 2047; x_wconf 89' lang='lat' dir='ltr'><strong>admini-</strong></span> 
     </span>
    </p>
   </div>
   <div class='ocr_carea' id='block_1_38' title="bbox 503 2079 2159 2153">
    <p class='ocr_par' dir='ltr' id='par_1_38' title="bbox 503 2079 2159 2153">
     <span class='ocr_line' id='line_1_38' title="bbox 503 2079 2159 2153; baseline 0.002 -19"><span class='ocrx_word' id='word_1_273' title='bbox 503 2079 850 2135; x_wconf 88' lang='lat' dir='ltr'><strong>strationem</strong></span> <span class='ocrx_word' id='word_1_274' title='bbox 881 2079 1195 2149; x_wconf 85' lang='lat' dir='ltr'><strong>signiﬁcat.</strong></span> <span class='ocrx_word' id='word_1_275' title='bbox 1232 2081 1404 2146; x_wconf 87' lang='lat' dir='ltr'><strong>Quod</strong></span> <span class='ocrx_word' id='word_1_276' title='bbox 1433 2081 1775 2150; x_wconf 88' lang='lat' dir='ltr'><strong>diligentius</strong></span> <span class='ocrx_word' id='word_1_277' title='bbox 1806 2082 1967 2137; x_wconf 90' lang='lat' dir='ltr'><strong>idem</strong></span> <span class='ocrx_word' id='word_1_278' title='bbox 2019 2097 2159 2153; x_wconf 93' lang='lat' dir='ltr'><strong>pro-</strong></span> 
     </span>
    </p>
   </div>
   <div class='ocr_carea' id='block_1_39' title="bbox 501 2167 2160 2241">
    <p class='ocr_par' dir='ltr' id='par_1_39' title="bbox 501 2167 2160 2241">
     <span class='ocr_line' id='line_1_39' title="bbox 501 2167 2160 2241; baseline 0.002 -19"><span class='ocrx_word' id='word_1_279' title='bbox 501 2167 682 2240; x_wconf 87' lang='lat' dir='ltr'><strong>pheta</strong></span> <span class='ocrx_word' id='word_1_280' title='bbox 712 2168 1124 2238; x_wconf 82' lang='lat' dir='ltr'><strong>genealogiam</strong></span> <span class='ocrx_word' id='word_1_281' title='bbox 1146 2170 1331 2241; x_wconf 90' lang='lat' dir='ltr'><strong>patris</strong></span> <span class='ocrx_word' id='word_1_282' title='bbox 1364 2171 1492 2241; x_wconf 89' lang='lat' dir='ltr'><strong>ejus</strong></span> <span class='ocrx_word' id='word_1_283' title='bbox 1519 2170 1864 2226; x_wconf 88' lang='lat' dir='ltr'><strong>describens</strong></span> <span class='ocrx_word' id='word_1_284' title='bbox 1884 2171 1966 2226; x_wconf 91' lang='lat' dir='ltr'><strong>ita</strong></span> <span class='ocrx_word' id='word_1_285' title='bbox 1995 2187 2160 2227; x_wconf 86' lang='lat' dir='ltr'><strong>exse-</strong></span> 
     </span>
    </p>
   </div>
   <div class='ocr_carea' id='block_1_40' title="bbox 500 2256 2160 2332">
    <p class='ocr_par' dir='ltr' id='par_1_40' title="bbox 500 2256 2160 2332">
     <span class='ocr_line' id='line_1_40' title="bbox 500 2256 2160 2332; baseline 0.002 -20"><span class='ocrx_word' id='word_1_286' title='bbox 500 2256 706 2330; x_wconf 85' lang='lat' dir='ltr'><strong>quitur</strong></span> <span class='ocrx_word' id='word_1_287' title='bbox 735 2275 749 2313; x_wconf 92' lang='lat'><strong>:</strong></span> <span class='ocrx_word' id='word_1_288' title='bbox 782 2258 858 2313; x_wconf 86' lang='lat' dir='ltr'><strong>Et</strong></span> <span class='ocrx_word' id='word_1_289' title='bbox 885 2265 1016 2315; x_wconf 87' lang='lat' dir='ltr'><strong>erat</strong></span> <span class='ocrx_word' id='word_1_290' title='bbox 1037 2260 1130 2316; x_wconf 87' lang='lat' dir='ltr'><strong>vir</strong></span> <span class='ocrx_word' id='word_1_291' title='bbox 1149 2261 1222 2315; x_wconf 87' lang='lat' dir='ltr'><strong>de</strong></span> <span class='ocrx_word' id='word_1_292' title='bbox 1247 2261 1572 2330; x_wconf 86' lang='lat' dir='ltr'><strong>Benjamin</strong></span> <span class='ocrx_word' id='word_1_293' title='bbox 1593 2262 1830 2318; x_wconf 88' lang='lat' dir='ltr'><strong>nomine</strong></span> <span class='ocrx_word' id='word_1_294' title='bbox 1845 2261 1967 2332; x_wconf 86' lang='lat' dir='ltr'><strong>Gis,</strong></span> <span class='ocrx_word' id='word_1_295' title='bbox 1996 2262 2160 2330; x_wconf 87' lang='lat' dir='ltr'><strong>ﬁlius</strong></span> 
     </span>
    </p>
   </div>
   <div class='ocr_carea' id='block_1_41' title="bbox 502 2347 2163 2420">
    <p class='ocr_par' dir='ltr' id='par_1_41' title="bbox 502 2347 2163 2420">
     <span class='ocr_line' id='line_1_41' title="bbox 502 2347 2163 2420; baseline 0.002 -18"><span class='ocrx_word' id='word_1_296' title='bbox 502 2347 695 2416; x_wconf 83' lang='lat' dir='ltr'><strong>Abiel,</strong></span> <span class='ocrx_word' id='word_1_297' title='bbox 727 2347 844 2416; x_wconf 88' lang='lat' dir='ltr'><strong>ﬁlii</strong></span> <span class='ocrx_word' id='word_1_298' title='bbox 869 2348 1031 2416; x_wconf 86' lang='lat' dir='ltr'><strong>Seor,</strong></span> <span class='ocrx_word' id='word_1_299' title='bbox 1056 2350 1174 2417; x_wconf 87' lang='lat' dir='ltr'><strong>ﬁlii</strong></span> <span class='ocrx_word' id='word_1_300' title='bbox 1200 2349 1586 2420; x_wconf 83' lang='lat' dir='ltr'><strong>Bechorathi,</strong></span> <span class='ocrx_word' id='word_1_301' title='bbox 1629 2351 1746 2419; x_wconf 83' lang='lat' dir='ltr'><strong>ﬁlii</strong></span> <span class='ocrx_word' id='word_1_302' title='bbox 1773 2351 1983 2418; x_wconf 83' lang='lat' dir='ltr'><strong>Sared,</strong></span> <span class='ocrx_word' id='word_1_303' title='bbox 2043 2352 2163 2420; x_wconf 86' lang='lat' dir='ltr'><strong>ﬁlii</strong></span> 
     </span>
    </p>
   </div>
   <div class='ocr_carea' id='block_1_42' title="bbox 502 2435 2157 2509">
    <p class='ocr_par' dir='ltr' id='par_1_42' title="bbox 502 2435 2157 2509">
     <span class='ocr_line' id='line_1_42' title="bbox 502 2435 2157 2509; baseline 0.003 -19"><span class='ocrx_word' id='word_1_304' title='bbox 502 2435 723 2504; x_wconf 79' lang='lat' dir='ltr'><strong>Aphia,</strong></span> <span class='ocrx_word' id='word_1_305' title='bbox 745 2437 864 2504; x_wconf 86' lang='lat' dir='ltr'><strong>ﬁlii</strong></span> <span class='ocrx_word' id='word_1_306' title='bbox 882 2437 1000 2492; x_wconf 82' lang='lat' dir='ltr'><strong>viri</strong></span> <span class='ocrx_word' id='word_1_307' title='bbox 1017 2438 1236 2493; x_wconf 89' lang='lat' dir='ltr'><strong>Jemini</strong></span> <span class='ocrx_word' id='word_1_308' title='bbox 1259 2439 1440 2508; x_wconf 81' lang='lat' dir='ltr'><strong>fortis</strong></span> <span class='ocrx_word' id='word_1_309' title='bbox 1469 2438 1718 2509; x_wconf 83' lang='lat' dir='ltr'><strong>robore;</strong></span> <span class='ocrx_word' id='word_1_310' title='bbox 1751 2444 1807 2495; x_wconf 91' lang='lat' dir='ltr'><strong>et</strong></span> <span class='ocrx_word' id='word_1_311' title='bbox 1847 2445 1976 2495; x_wconf 84' lang='lat' dir='ltr'><strong>erat</strong></span> <span class='ocrx_word' id='word_1_312' title='bbox 2008 2441 2062 2495; x_wconf 91' lang='lat' dir='ltr'><strong>ei</strong></span> <span class='ocrx_word' id='word_1_313' title='bbox 2088 2441 2157 2507; x_wconf 88' lang='lat' dir='ltr'><strong>ﬁ-</strong></span> 
     </span>
    </p>
   </div>
   <div class='ocr_carea' id='block_1_43' title="bbox 505 2526 2160 2585">
    <p class='ocr_par' dir='ltr' id='par_1_43' title="bbox 505 2526 2160 2585">
     <span class='ocr_line' id='line_1_43' title="bbox 505 2526 2160 2585; baseline 0.005 -8"><span class='ocrx_word' id='word_1_314' title='bbox 505 2526 620 2580; x_wconf 85' lang='lat' dir='ltr'><strong>lius</strong></span> <span class='ocrx_word' id='word_1_315' title='bbox 649 2526 936 2582; x_wconf 88' lang='lat' dir='ltr'><strong>vocabulo</strong></span> <span class='ocrx_word' id='word_1_316' title='bbox 965 2527 1119 2582; x_wconf 89' lang='lat' dir='ltr'><strong>Saul</strong></span> <span class='ocrx_word' id='word_1_317' title='bbox 1147 2529 1364 2583; x_wconf 87' lang='lat' dir='ltr'><strong>electus</strong></span> <span class='ocrx_word' id='word_1_318' title='bbox 1391 2533 1445 2584; x_wconf 90' lang='lat' dir='ltr'><strong>et</strong></span> <span class='ocrx_word' id='word_1_319' title='bbox 1468 2529 1652 2584; x_wconf 86' lang='lat' dir='ltr'><strong>bonus</strong></span> <span class='ocrx_word' id='word_1_320' title='bbox 1705 2546 1717 2583; x_wconf 89' lang='lat'>:</span> <span class='ocrx_word' id='word_1_321' title='bbox 1776 2534 1834 2584; x_wconf 89' lang='lat' dir='ltr'><strong>et</strong></span> <span class='ocrx_word' id='word_1_322' title='bbox 1868 2545 1989 2584; x_wconf 86' lang='lat' dir='ltr'><strong>non</strong></span> <span class='ocrx_word' id='word_1_323' title='bbox 2028 2536 2160 2585; x_wconf 86' lang='lat' dir='ltr'><strong>erat</strong></span> 
     </span>
    </p>
   </div>
   <div class='ocr_carea' id='block_1_44' title="bbox 503 2615 2159 2689">
    <p class='ocr_par' dir='ltr' id='par_1_44' title="bbox 503 2615 2159 2689">
     <span class='ocr_line' id='line_1_44' title="bbox 503 2615 2159 2689; baseline 0.002 -20"><span class='ocrx_word' id='word_1_324' title='bbox 503 2615 596 2669; x_wconf 80' lang='lat' dir='ltr'><strong>vir</strong></span> <span class='ocrx_word' id='word_1_325' title='bbox 622 2615 695 2669; x_wconf 88' lang='lat' dir='ltr'><strong>de</strong></span> <span class='ocrx_word' id='word_1_326' title='bbox 720 2615 864 2682; x_wconf 87' lang='lat' dir='ltr'><strong>ﬁliis</strong></span> <span class='ocrx_word' id='word_1_327' title='bbox 897 2617 1088 2670; x_wconf 88' lang='lat' dir='ltr'><strong>Israel</strong></span> <span class='ocrx_word' id='word_1_328' title='bbox 1104 2618 1316 2672; x_wconf 82' lang='lat' dir='ltr'><strong>melior</strong></span> <span class='ocrx_word' id='word_1_329' title='bbox 1337 2618 1446 2673; x_wconf 89' lang='lat' dir='ltr'><strong>illo</strong></span> <span class='ocrx_word' id='word_1_330' title='bbox 1487 2618 1538 2688; x_wconf 89' lang='grc' dir='ltr'><strong>(Ι</strong></span> <span class='ocrx_word' id='word_1_331' title='bbox 1564 2619 1705 2689; x_wconf 84' lang='lat' dir='ltr'><strong>Reg.</strong></span> <span class='ocrx_word' id='word_1_332' title='bbox 1735 2634 1815 2687; x_wconf 88' lang='lat' dir='ltr'><strong>1x,</strong></span> <span class='ocrx_word' id='word_1_333' title='bbox 1854 2619 1921 2687; x_wconf 87' lang='grc' dir='ltr'><strong>ι).</strong></span> <span class='ocrx_word' id='word_1_334' title='bbox 1979 2619 2034 2674; x_wconf 92' lang='lat' dir='ltr'><strong>Si</strong></span> <span class='ocrx_word' id='word_1_335' title='bbox 2085 2618 2159 2673; x_wconf 89' lang='lat' dir='ltr'><strong>de</strong></span> 
     </span>
    </p>
   </div>
   <div class='ocr_carea' id='block_1_45' title="bbox 503 2701 2160 2774">
    <p class='ocr_par' dir='ltr' id='par_1_45' title="bbox 503 2701 2160 2774">
     <span class='ocr_line' id='line_1_45' title="bbox 503 2701 2160 2774; baseline 0.004 -18"><span class='ocrx_word' id='word_1_336' title='bbox 503 2701 788 2757; x_wconf 86' lang='lat' dir='ltr'><strong>electione</strong></span> <span class='ocrx_word' id='word_1_337' title='bbox 819 2702 1065 2758; x_wconf 88' lang='lat' dir='ltr'><strong>forsitan</strong></span> <span class='ocrx_word' id='word_1_338' title='bbox 1098 2704 1473 2774; x_wconf 87' lang='lat' dir='ltr'><strong>ambigebas,</strong></span> <span class='ocrx_word' id='word_1_339' title='bbox 1505 2706 1649 2761; x_wconf 91' lang='lat' dir='ltr'><strong>boni</strong></span> <span class='ocrx_word' id='word_1_340' title='bbox 1679 2711 1736 2762; x_wconf 91' lang='lat' dir='ltr'><strong>et</strong></span> <span class='ocrx_word' id='word_1_341' title='bbox 1765 2706 2026 2762; x_wconf 88' lang='lat' dir='ltr'><strong>melioris</strong></span> <span class='ocrx_word' id='word_1_342' title='bbox 2060 2723 2160 2762; x_wconf 90' lang='lat' dir='ltr'><strong>vo-</strong></span> 
     </span>
    </p>
   </div>
   <div class='ocr_carea' id='block_1_46' title="bbox 503 2790 2156 2867">
    <p class='ocr_par' dir='ltr' id='par_1_46' title="bbox 503 2790 2156 2867">
     <span class='ocr_line' id='line_1_46' title="bbox 503 2790 2156 2867; baseline 0.003 -21"><span class='ocrx_word' id='word_1_343' title='bbox 503 2790 721 2846; x_wconf 87' lang='lat' dir='ltr'><strong>cabula</strong></span> <span class='ocrx_word' id='word_1_344' title='bbox 741 2806 986 2847; x_wconf 91' lang='lat' dir='ltr'><strong>omnem</strong></span> <span class='ocrx_word' id='word_1_345' title='bbox 1009 2793 1394 2849; x_wconf 71' lang='lat' dir='ltr'><strong>haesitationis</strong></span> <span class='ocrx_word' id='word_1_346' title='bbox 1425 2794 1713 2851; x_wconf 89' lang='lat' dir='ltr'><strong>nebulam</strong></span> <span class='ocrx_word' id='word_1_347' title='bbox 1734 2795 2118 2867; x_wconf 89' lang='lat' dir='ltr'><strong>exploserunt</strong></span> <span class='ocrx_word' id='word_1_348' title='bbox 2143 2814 2156 2864; x_wconf 91' lang='lat'><strong>;</strong></span> 
     </span>
    </p>
   </div>
   <div class='ocr_carea' id='block_1_47' title="bbox 501 2881 2160 2958">
    <p class='ocr_par' dir='ltr' id='par_1_47' title="bbox 501 2881 2160 2958">
     <span class='ocr_line' id='line_1_47' title="bbox 501 2881 2160 2958; baseline 0.003 -22"><span class='ocrx_word' id='word_1_349' title='bbox 501 2881 583 2936; x_wconf 87' lang='lat' dir='ltr'><strong>ita</strong></span> <span class='ocrx_word' id='word_1_350' title='bbox 604 2885 662 2937; x_wconf 89' lang='lat' dir='ltr'><strong>et</strong></span> <span class='ocrx_word' id='word_1_351' title='bbox 684 2882 899 2937; x_wconf 87' lang='lat' dir='ltr'><strong>Judam</strong></span> <span class='ocrx_word' id='word_1_352' title='bbox 922 2883 1179 2938; x_wconf 89' lang='lat' dir='ltr'><strong>electum</strong></span> <span class='ocrx_word' id='word_1_353' title='bbox 1201 2900 1236 2940; x_wconf 89' lang='lat' dir='ltr'><strong>a</strong></span> <span class='ocrx_word' id='word_1_354' title='bbox 1260 2884 1512 2940; x_wconf 90' lang='lat' dir='ltr'><strong>Domino</strong></span> <span class='ocrx_word' id='word_1_355' title='bbox 1530 2885 1608 2941; x_wconf 90' lang='lat' dir='ltr'><strong>ad</strong></span> <span class='ocrx_word' id='word_1_356' title='bbox 1630 2885 1999 2958; x_wconf 87' lang='lat' dir='ltr'><strong>apostolatus</strong></span> <span class='ocrx_word' id='word_1_357' title='bbox 2018 2890 2160 2942; x_wconf 73' lang='lat' dir='ltr'><strong>tem~</strong></span> 
     </span>
    </p>
   </div>
   <div class='ocr_carea' id='block_1_48' title="bbox 500 2969 2231 3059">
    <p class='ocr_par' dir='ltr' id='par_1_48' title="bbox 500 2969 2231 3059">
     <span class='ocr_line' id='line_1_48' title="bbox 500 2969 2231 3059; baseline 0.004 -35"><span class='ocrx_word' id='word_1_358' title='bbox 500 2969 707 3059; x_wconf 85' lang='lat' dir='ltr'><strong>porale</strong></span> <span class='ocrx_word' id='word_1_359' title='bbox 735 2969 1020 3059; x_wconf 74' lang='lat' dir='ltr'><strong>ofﬁcium,</strong></span> <span class='ocrx_word' id='word_1_360' title='bbox 1051 2987 1177 3027; x_wconf 92' lang='lat' dir='ltr'><strong>non</strong></span> <span class='ocrx_word' id='word_1_361' title='bbox 1207 2977 1407 3029; x_wconf 89' lang='lat' dir='ltr'><strong>tamen</strong></span> <span class='ocrx_word' id='word_1_362' title='bbox 1447 2972 1527 3029; x_wconf 90' lang='lat' dir='ltr'><strong>ad</strong></span> <span class='ocrx_word' id='word_1_363' title='bbox 1583 2974 1956 3059; x_wconf 82' lang='lat' dir='ltr'><strong>apostolatus</strong></span> <span class='ocrx_word' id='word_1_364' title='bbox 2011 2990 2159 3046; x_wconf 71' lang='lat' dir='ltr'><strong>praa-</strong></span> <span class='ocrx_word' id='word_1_365' title='bbox 2192 3004 2231 3059; x_wconf 69' lang='grc' dir='ltr'><strong>ρ</strong></span> 
     </span>
    </p>
   </div>
   <div class='ocr_carea' id='block_1_49' title="bbox 501 3053 2158 3126">
    <p class='ocr_par' dir='ltr' id='par_1_49' title="bbox 501 3053 2158 3126">
     <span class='ocr_line' id='line_1_49' title="bbox 501 3053 2158 3126; baseline 0.004 -18"><span class='ocrx_word' id='word_1_366' title='bbox 501 3053 693 3109; x_wconf 90' lang='lat' dir='ltr'><strong>mium</strong></span> <span class='ocrx_word' id='word_1_367' title='bbox 719 3055 1170 3126; x_wconf 89' lang='lat' dir='ltr'><strong>sempiternum.</strong></span> <span class='ocrx_word' id='word_1_368' title='bbox 1203 3060 1353 3113; x_wconf 87' lang='lat' dir='ltr'><strong>Nam</strong></span> <span class='ocrx_word' id='word_1_369' title='bbox 1382 3073 1523 3113; x_wconf 91' lang='lat' dir='ltr'><strong>eum</strong></span> <span class='ocrx_word' id='word_1_370' title='bbox 1554 3074 1694 3114; x_wconf 91' lang='lat' dir='ltr'><strong>cum</strong></span> <span class='ocrx_word' id='word_1_371' title='bbox 1715 3058 1941 3114; x_wconf 64' lang='lat' dir='ltr'><strong>caeteris</strong></span> <span class='ocrx_word' id='word_1_372' title='bbox 1992 3075 2158 3115; x_wconf 83' lang='lat' dir='ltr'><strong>acce-</strong></span> 
     </span>
    </p>
   </div>
   <div class='ocr_carea' id='block_1_50' title="bbox 502 3143 2159 3220">
    <p class='ocr_par' dir='ltr' id='par_1_50' title="bbox 502 3143 2159 3220">
     <span class='ocr_line' id='line_1_50' title="bbox 502 3143 2159 3220; baseline 0.003 -22"><span class='ocrx_word' id='word_1_373' title='bbox 502 3143 660 3215; x_wconf 90' lang='lat' dir='ltr'><strong>pisse</strong></span> <span class='ocrx_word' id='word_1_374' title='bbox 679 3160 716 3200; x_wconf 82' lang='grc' dir='ltr'>θ,</span> <span class='ocrx_word' id='word_1_375' title='bbox 744 3144 997 3201; x_wconf 88' lang='lat' dir='ltr'><strong>Domino</strong></span> <span class='ocrx_word' id='word_1_376' title='bbox 1024 3149 1379 3218; x_wconf 86' lang='lat' dir='ltr'><strong>potestatem</strong></span> <span class='ocrx_word' id='word_1_377' title='bbox 1409 3147 1682 3204; x_wconf 90' lang='lat' dir='ltr'><strong>calcandi</strong></span> <span class='ocrx_word' id='word_1_378' title='bbox 1715 3163 1896 3220; x_wconf 88' lang='lat' dir='ltr'><strong>super</strong></span> <span class='ocrx_word' id='word_1_379' title='bbox 1923 3163 2159 3220; x_wconf 87' lang='lat' dir='ltr'><strong>serpen-</strong></span> 
     </span>
    </p>
   </div>
   <div class='ocr_carea' id='block_1_51' title="bbox 502 3233 2152 3308">
    <p class='ocr_par' dir='ltr' id='par_1_51' title="bbox 502 3233 2152 3308">
     <span class='ocr_line' id='line_1_51' title="bbox 502 3233 2152 3308; baseline 0.002 -19"><span class='ocrx_word' id='word_1_380' title='bbox 502 3236 608 3300; x_wconf 77' lang='lat' dir='ltr'><strong>tes,</strong></span> <span class='ocrx_word' id='word_1_381' title='bbox 640 3236 698 3288; x_wconf 88' lang='lat' dir='ltr'><strong>et</strong></span> <span class='ocrx_word' id='word_1_382' title='bbox 726 3233 1093 3306; x_wconf 87' lang='lat' dir='ltr'><strong>scorpiones,</strong></span> <span class='ocrx_word' id='word_1_383' title='bbox 1110 3239 1168 3292; x_wconf 90' lang='lat' dir='ltr'><strong>et</strong></span> <span class='ocrx_word' id='word_1_384' title='bbox 1187 3251 1429 3291; x_wconf 90' lang='lat' dir='ltr'><strong>omnem</strong></span> <span class='ocrx_word' id='word_1_385' title='bbox 1446 3237 1721 3292; x_wconf 87' lang='lat' dir='ltr'><strong>virtutem</strong></span> <span class='ocrx_word' id='word_1_386' title='bbox 1740 3236 1963 3292; x_wconf 91' lang='lat' dir='ltr'><strong>inimici</strong></span> <span class='ocrx_word' id='word_1_387' title='bbox 1991 3238 2152 3308; x_wconf 87' lang='lat' dir='ltr'><strong>(Luc.</strong></span> 
     </span>
    </p>
   </div>
   <div class='ocr_carea' id='block_1_52' title="bbox 499 3325 2157 3398">
    <p class='ocr_par' dir='ltr' id='par_1_52' title="bbox 499 3325 2157 3398">
     <span class='ocr_line' id='line_1_52' title="bbox 499 3325 2157 3398; baseline 0.002 -21"><span class='ocrx_word' id='word_1_388' title='bbox 499 3339 558 3389; x_wconf 84' lang='lat' dir='ltr'><strong>x,</strong></span> <span class='ocrx_word' id='word_1_389' title='bbox 595 3325 702 3390; x_wconf 74' lang='lat'><strong>19),</strong></span> <span class='ocrx_word' id='word_1_390' title='bbox 727 3327 783 3378; x_wconf 92' lang='lat' dir='ltr'><strong>et</strong></span> <span class='ocrx_word' id='word_1_391' title='bbox 809 3326 946 3395; x_wconf 91' lang='lat' dir='ltr'><strong>post</strong></span> <span class='ocrx_word' id='word_1_392' title='bbox 974 3328 1209 3395; x_wconf 88' lang='lat' dir='ltr'><strong>patrata</strong></span> <span class='ocrx_word' id='word_1_393' title='bbox 1241 3325 1531 3381; x_wconf 89' lang='lat' dir='ltr'><strong>miracula</strong></span> <span class='ocrx_word' id='word_1_394' title='bbox 1549 3326 1860 3398; x_wconf 86' lang='lat' dir='ltr'><strong>potestatis</strong></span> <span class='ocrx_word' id='word_1_395' title='bbox 1896 3330 2157 3397; x_wconf 70' lang='lat' dir='ltr'><strong>acceptae</strong></span> 
     </span>
    </p>
   </div>
   <div class='ocr_carea' id='block_1_53' title="bbox 500 3413 2154 3485">
    <p class='ocr_par' dir='ltr' id='par_1_53' title="bbox 500 3413 2154 3485">
     <span class='ocr_line' id='line_1_53' title="bbox 500 3413 2154 3485; baseline 0.003 -21"><span class='ocrx_word' id='word_1_396' title='bbox 500 3425 803 3466; x_wconf 83' lang='lat' dir='ltr'><strong>reversum</strong></span> <span class='ocrx_word' id='word_1_397' title='bbox 846 3427 984 3466; x_wconf 92' lang='lat' dir='ltr'><strong>cum</strong></span> <span class='ocrx_word' id='word_1_398' title='bbox 1042 3413 1269 3468; x_wconf 88' lang='lat' dir='ltr'><strong>eisdem</strong></span> <span class='ocrx_word' id='word_1_399' title='bbox 1300 3414 1378 3469; x_wconf 90' lang='lat' dir='ltr'><strong>ad</strong></span> <span class='ocrx_word' id='word_1_400' title='bbox 1410 3414 1732 3470; x_wconf 89' lang='lat' dir='ltr'><strong>Dominum</strong></span> <span class='ocrx_word' id='word_1_401' title='bbox 1765 3414 2154 3485; x_wconf 84' lang='lat' dir='ltr'><strong>Evangelium</strong></span> 
     </span>
    </p>
   </div>
   <div class='ocr_carea' id='block_1_54' title="bbox 499 3497 2154 3574">
    <p class='ocr_par' dir='ltr' id='par_1_54' title="bbox 499 3497 2154 3574">
     <span class='ocr_line' id='line_1_54' title="bbox 499 3497 2154 3574; baseline 0.004 -23"><span class='ocrx_word' id='word_1_402' title='bbox 499 3497 726 3552; x_wconf 90' lang='lat' dir='ltr'><strong>indicat</strong></span> <span class='ocrx_word' id='word_1_403' title='bbox 750 3499 964 3567; x_wconf 82' lang='lat' dir='ltr'><strong>(Marc.</strong></span> <span class='ocrx_word' id='word_1_404' title='bbox 988 3515 1067 3566; x_wconf 80' lang='lat' dir='ltr'><strong>v1,</strong></span> <span class='ocrx_word' id='word_1_405' title='bbox 1095 3501 1200 3571; x_wconf 78' lang='lat' dir='ltr'><strong>t3).</strong></span> <span class='ocrx_word' id='word_1_406' title='bbox 1225 3502 1452 3564; x_wconf 87' lang='lat' dir='ltr'><strong>Quibus</strong></span> <span class='ocrx_word' id='word_1_407' title='bbox 1477 3503 1766 3574; x_wconf 83' lang='lat' dir='ltr'><strong>exemplis</strong></span> <span class='ocrx_word' id='word_1_408' title='bbox 1787 3503 2033 3559; x_wconf 89' lang='lat' dir='ltr'><strong>docetur</strong></span> <span class='ocrx_word' id='word_1_409' title='bbox 2050 3519 2154 3558; x_wconf 90' lang='lat' dir='ltr'><strong>eos</strong></span> 
     </span>
    </p>
   </div>
   <div class='ocr_carea' id='block_1_55' title="bbox 500 3585 2156 3660">
    <p class='ocr_par' dir='ltr' id='par_1_55' title="bbox 500 3585 2156 3660">
     <span class='ocr_line' id='line_1_55' title="bbox 500 3585 2156 3660; baseline 0.004 -20"><span class='ocrx_word' id='word_1_410' title='bbox 500 3601 539 3640; x_wconf 86' lang='lat' dir='ltr'><strong>a</strong></span> <span class='ocrx_word' id='word_1_411' title='bbox 560 3585 812 3640; x_wconf 87' lang='lat' dir='ltr'><strong>Domino</strong></span> <span class='ocrx_word' id='word_1_412' title='bbox 842 3585 1325 3660; x_wconf 85' lang='lat' dir='ltr'><strong>haudquaquam</strong></span> <span class='ocrx_word' id='word_1_413' title='bbox 1352 3589 1635 3646; x_wconf 89' lang='lat' dir='ltr'><strong>fallaciter</strong></span> <span class='ocrx_word' id='word_1_414' title='bbox 1668 3596 1769 3646; x_wconf 85' lang='lat' dir='ltr'><strong>aut</strong></span> <span class='ocrx_word' id='word_1_415' title='bbox 1812 3591 2020 3647; x_wconf 88' lang='lat' dir='ltr'><strong>dolose</strong></span> <span class='ocrx_word' id='word_1_416' title='bbox 2062 3591 2156 3647; x_wconf 88' lang='lat' dir='ltr'><strong>vel</strong></span> 
     </span>
    </p>
   </div>
   <div class='ocr_carea' id='block_1_56' title="bbox 501 3670 2154 3752">
    <p class='ocr_par' dir='ltr' id='par_1_56' title="bbox 501 3670 2154 3752">
     <span class='ocr_line' id='line_1_56' title="bbox 501 3670 2154 3752; baseline 0.006 -26"><span class='ocrx_word' id='word_1_417' title='bbox 501 3670 776 3728; x_wconf 88' lang='lat' dir='ltr'><strong>simulate</strong></span> <span class='ocrx_word' id='word_1_418' title='bbox 793 3673 1032 3742; x_wconf 90' lang='lat' dir='ltr'><strong>electos,</strong></span> <span class='ocrx_word' id='word_1_419' title='bbox 1065 3675 1172 3731; x_wconf 92' lang='lat' dir='ltr'><strong>sed</strong></span> <span class='ocrx_word' id='word_1_420' title='bbox 1192 3677 1442 3732; x_wconf 91' lang='lat' dir='ltr'><strong>omnino</strong></span> <span class='ocrx_word' id='word_1_421' title='bbox 1466 3678 1774 3750; x_wconf 89' lang='lat' dir='ltr'><strong>veraciter,</strong></span> <span class='ocrx_word' id='word_1_422' title='bbox 1799 3694 2154 3752; x_wconf 88' lang='lat' dir='ltr'><strong>quanquam</strong></span> 
     </span>
    </p>
   </div>
   <div class='ocr_carea' id='block_1_57' title="bbox 499 3761 2155 3841">
    <p class='ocr_par' dir='ltr' id='par_1_57' title="bbox 499 3761 2155 3841">
     <span class='ocr_line' id='line_1_57' title="bbox 499 3761 2155 3841; baseline 0.007 -26"><span class='ocrx_word' id='word_1_423' title='bbox 499 3776 622 3815; x_wconf 92' lang='lat' dir='ltr'><strong>non</strong></span> <span class='ocrx_word' id='word_1_424' title='bbox 649 3761 729 3817; x_wconf 86' lang='lat' dir='ltr'><strong>ad</strong></span> <span class='ocrx_word' id='word_1_425' title='bbox 756 3766 1041 3820; x_wconf 85' lang='lat' dir='ltr'><strong>aeternam</strong></span> <span class='ocrx_word' id='word_1_426' title='bbox 1073 3766 1503 3825; x_wconf 88' lang='lat' dir='ltr'><strong>beatitudinem</strong></span> <span class='ocrx_word' id='word_1_427' title='bbox 1533 3769 2001 3841; x_wconf 85' lang='lat' dir='ltr'><strong>capescendam,</strong></span> <span class='ocrx_word' id='word_1_428' title='bbox 2063 3787 2155 3827; x_wconf 91' lang='lat' dir='ltr'><strong>ve-</strong></span> 
     </span>
    </p>
   </div>
   <div class='ocr_carea' id='block_1_58' title="bbox 497 3850 2156 3932">
    <p class='ocr_par' dir='ltr' id='par_1_58' title="bbox 497 3850 2156 3932">
     <span class='ocr_line' id='line_1_58' title="bbox 497 3850 2156 3932; baseline 0.008 -29"><span class='ocrx_word' id='word_1_429' title='bbox 497 3865 635 3906; x_wconf 90' lang='lat' dir='ltr'><strong>rum</strong></span> <span class='ocrx_word' id='word_1_430' title='bbox 663 3850 741 3907; x_wconf 88' lang='lat' dir='ltr'><strong>ad</strong></span> <span class='ocrx_word' id='word_1_431' title='bbox 779 3851 1044 3924; x_wconf 88' lang='lat' dir='ltr'><strong>aliquam</strong></span> <span class='ocrx_word' id='word_1_432' title='bbox 1075 3857 1452 3928; x_wconf 60' lang='lat' dir='ltr'><strong>temporariae</strong></span> <span class='ocrx_word' id='word_1_433' title='bbox 1476 3858 1942 3932; x_wconf 90' lang='lat' dir='ltr'><strong>dispensationis</strong></span> <span class='ocrx_word' id='word_1_434' title='bbox 1965 3859 2156 3916; x_wconf 90' lang='lat' dir='ltr'><strong>admi-</strong></span> 
     </span>
    </p>
   </div>
   <div class='ocr_carea' id='block_1_59' title="bbox 497 3939 2154 4006">
    <p class='ocr_par' dir='ltr' id='par_1_59' title="bbox 497 3939 2154 4006">
     <span class='ocr_line' id='line_1_59' title="bbox 497 3939 2154 4006; baseline 0.007 -13"><span class='ocrx_word' id='word_1_435' title='bbox 497 3939 931 4000; x_wconf 88' lang='lat' dir='ltr'><strong>nistrationem.</strong></span> <span class='ocrx_word' id='word_1_436' title='bbox 966 3946 1030 3999; x_wconf 88' lang='lat' dir='ltr'><strong>Et</strong></span> <span class='ocrx_word' id='word_1_437' title='bbox 1062 3961 1135 4000; x_wconf 92' lang='lat' dir='ltr'><strong>ne</strong></span> <span class='ocrx_word' id='word_1_438' title='bbox 1164 3946 1355 4002; x_wconf 90' lang='lat' dir='ltr'><strong>Saulis</strong></span> <span class='ocrx_word' id='word_1_439' title='bbox 1379 3947 1728 4004; x_wconf 91' lang='lat' dir='ltr'><strong>electionem</strong></span> <span class='ocrx_word' id='word_1_440' title='bbox 1766 3964 1802 4004; x_wconf 90' lang='lat' dir='ltr'><strong>a</strong></span> <span class='ocrx_word' id='word_1_441' title='bbox 1855 3950 2154 4006; x_wconf 83' lang='lat' dir='ltr'><strong>contrario</strong></span> 
     </span>
    </p>
   </div>
   <div class='ocr_carea' id='block_1_60' title="bbox 498 4029 2156 4110">
    <p class='ocr_par' dir='ltr' id='par_1_60' title="bbox 498 4029 2156 4110">
     <span class='ocr_line' id='line_1_60' title="bbox 498 4029 2156 4110; baseline 0.006 -27"><span class='ocrx_word' id='word_1_442' title='bbox 498 4029 913 4101; x_wconf 89' lang='lat' dir='ltr'><strong>accipiendam</strong></span> <span class='ocrx_word' id='word_1_443' title='bbox 941 4047 1212 4104; x_wconf 89' lang='lat' dir='ltr'><strong>censeas,</strong></span> <span class='ocrx_word' id='word_1_444' title='bbox 1243 4035 1339 4092; x_wconf 90' lang='lat' dir='ltr'><strong>vel</strong></span> <span class='ocrx_word' id='word_1_445' title='bbox 1367 4036 1446 4092; x_wconf 87' lang='lat' dir='ltr'><strong>ad</strong></span> <span class='ocrx_word' id='word_1_446' title='bbox 1477 4037 1707 4093; x_wconf 89' lang='lat' dir='ltr'><strong>malum</strong></span> <span class='ocrx_word' id='word_1_447' title='bbox 1754 4036 2042 4110; x_wconf 87' lang='lat' dir='ltr'><strong>inﬂectas,</strong></span> <span class='ocrx_word' id='word_1_448' title='bbox 2091 4038 2156 4093; x_wconf 93' lang='lat' dir='ltr'><strong>li-</strong></span> 
     </span>
    </p>
   </div>
   <div class='ocr_carea' id='block_1_61' title="bbox 496 4117 2155 4198">
    <p class='ocr_par' dir='ltr' id='par_1_61' title="bbox 496 4117 2155 4198">
     <span class='ocr_line' id='line_1_61' title="bbox 496 4117 2155 4198; baseline 0.007 -27"><span class='ocrx_word' id='word_1_449' title='bbox 496 4117 686 4188; x_wconf 88' lang='lat' dir='ltr'><strong>quido</strong></span> <span class='ocrx_word' id='word_1_450' title='bbox 713 4134 897 4173; x_wconf 84' lang='lat' dir='ltr'><strong>verax</strong></span> <span class='ocrx_word' id='word_1_451' title='bbox 930 4121 1230 4195; x_wconf 84' lang='lat' dir='ltr'><strong>Scriptura</strong></span> <span class='ocrx_word' id='word_1_452' title='bbox 1261 4127 1504 4181; x_wconf 89' lang='lat' dir='ltr'><strong>testatur</strong></span> <span class='ocrx_word' id='word_1_453' title='bbox 1529 4127 1669 4198; x_wconf 85' lang='lat' dir='ltr'><strong>quia</strong></span> <span class='ocrx_word' id='word_1_454' title='bbox 1694 4134 1840 4183; x_wconf 85' lang='lat' dir='ltr'><strong>esset</strong></span> <span class='ocrx_word' id='word_1_455' title='bbox 1867 4127 2073 4197; x_wconf 86' lang='lat' dir='ltr'><strong>bonus,</strong></span> <span class='ocrx_word' id='word_1_456' title='bbox 2101 4133 2155 4182; x_wconf 92' lang='lat' dir='ltr'><strong>et</strong></span> 
     </span>
    </p>
   </div>
   <div class='ocr_carea' id='block_1_62' title="bbox 496 4210 2153 4288">
    <p class='ocr_par' dir='ltr' id='par_1_62' title="bbox 496 4210 2153 4288">
     <span class='ocr_line' id='line_1_62' title="bbox 496 4210 2153 4288; baseline 0.007 -28"><span class='ocrx_word' id='word_1_457' title='bbox 496 4221 617 4261; x_wconf 88' lang='lat' dir='ltr'><strong>non</strong></span> <span class='ocrx_word' id='word_1_458' title='bbox 635 4210 1000 4265; x_wconf 82' lang='lat' dir='ltr'><strong>essetmelior</strong></span> <span class='ocrx_word' id='word_1_459' title='bbox 1011 4213 1116 4268; x_wconf 81' lang='lat' dir='ltr'><strong>illo</strong></span> <span class='ocrx_word' id='word_1_460' title='bbox 1138 4214 1201 4267; x_wconf 87' lang='lat' dir='ltr'><strong>in</strong></span> <span class='ocrx_word' id='word_1_461' title='bbox 1221 4215 1365 4281; x_wconf 85' lang='lat' dir='ltr'><strong>ﬁliis</strong></span> <span class='ocrx_word' id='word_1_462' title='bbox 1394 4217 1597 4281; x_wconf 83' lang='lat' dir='ltr'><strong>Israel,</strong></span> <span class='ocrx_word' id='word_1_463' title='bbox 1619 4217 1740 4271; x_wconf 86' lang='lat' dir='ltr'><strong>Hoc</strong></span> <span class='ocrx_word' id='word_1_464' title='bbox 1765 4230 2153 4288; x_wconf 88' lang='lat' dir='ltr'><strong>nequaquam</strong></span> 
     </span>
    </p>
   </div>
   <div class='ocr_carea' id='block_1_63' title="bbox 497 4297 2156 4378">
    <p class='ocr_par' dir='ltr' id='par_1_63' title="bbox 497 4297 2156 4378">
     <span class='ocr_line' id='line_1_63' title="bbox 497 4297 2156 4378; baseline 0.006 -28"><span class='ocrx_word' id='word_1_465' title='bbox 497 4311 536 4350; x_wconf 85' lang='lat' dir='ltr'><strong>a</strong></span> <span class='ocrx_word' id='word_1_466' title='bbox 562 4297 965 4353; x_wconf 87' lang='lat' dir='ltr'><strong>nescientibus</strong></span> <span class='ocrx_word' id='word_1_467' title='bbox 993 4305 1269 4372; x_wconf 89' lang='lat' dir='ltr'><strong>putatum</strong></span> <span class='ocrx_word' id='word_1_468' title='bbox 1296 4301 1594 4359; x_wconf 91' lang='lat' dir='ltr'><strong>dictumve</strong></span> <span class='ocrx_word' id='word_1_469' title='bbox 1619 4305 1748 4374; x_wconf 90' lang='lat' dir='ltr'><strong>fuit,</strong></span> <span class='ocrx_word' id='word_1_470' title='bbox 1782 4305 1887 4360; x_wconf 90' lang='lat' dir='ltr'><strong>sed</strong></span> <span class='ocrx_word' id='word_1_471' title='bbox 1934 4321 1970 4360; x_wconf 91' lang='lat' dir='ltr'><strong>a</strong></span> <span class='ocrx_word' id='word_1_472' title='bbox 2021 4321 2156 4378; x_wconf 89' lang='lat' dir='ltr'><strong>pro-</strong></span> 
     </span>
    </p>
   </div>
   <div class='ocr_carea' id='block_1_64' title="bbox 495 4385 2154 4464">
    <p class='ocr_par' dir='ltr' id='par_1_64' title="bbox 495 4385 2154 4464">
     <span class='ocr_line' id='line_1_64' title="bbox 495 4385 2154 4464; baseline 0.007 -26"><span class='ocrx_word' id='word_1_473' title='bbox 495 4385 697 4457; x_wconf 89' lang='lat' dir='ltr'><strong>pheta,</strong></span> <span class='ocrx_word' id='word_1_474' title='bbox 727 4402 910 4459; x_wconf 90' lang='lat' dir='ltr'><strong>quem</strong></span> <span class='ocrx_word' id='word_1_475' title='bbox 939 4390 1068 4461; x_wconf 91' lang='lat' dir='ltr'><strong>ejus</strong></span> <span class='ocrx_word' id='word_1_476' title='bbox 1096 4389 1356 4461; x_wconf 88' lang='lat' dir='ltr'><strong>bonitas,</strong></span> <span class='ocrx_word' id='word_1_477' title='bbox 1380 4392 1710 4464; x_wconf 85' lang='lat' dir='ltr'><strong>inspirante</strong></span> <span class='ocrx_word' id='word_1_478' title='bbox 1733 4394 2006 4461; x_wconf 92' lang='lat' dir='ltr'><strong>Domino,</strong></span> <span class='ocrx_word' id='word_1_479' title='bbox 2030 4411 2154 4450; x_wconf 85' lang='lat' dir='ltr'><strong>non</strong></span> 
     </span>
    </p>
   </div>
   <div class='ocr_carea' id='block_1_65' title="bbox 492 4472 2150 4553">
    <p class='ocr_par' dir='ltr' id='par_1_65' title="bbox 492 4472 2150 4553">
     <span class='ocr_line' id='line_1_65' title="bbox 492 4472 2150 4553; baseline 0.007 -25"><span class='ocrx_word' id='word_1_480' title='bbox 492 4472 734 4531; x_wconf 88' lang='lat' dir='ltr'><strong>latebat.</strong></span> <span class='ocrx_word' id='word_1_481' title='bbox 761 4479 1127 4547; x_wconf 86' lang='lat' dir='ltr'><strong>Augustinus</strong></span> <span class='ocrx_word' id='word_1_482' title='bbox 1157 4479 1219 4534; x_wconf 91' lang='lat' dir='ltr'><strong>in</strong></span> <span class='ocrx_word' id='word_1_483' title='bbox 1244 4481 1496 4537; x_wconf 89' lang='lat' dir='ltr'><strong>homilia</strong></span> <span class='ocrx_word' id='word_1_484' title='bbox 1531 4485 1599 4538; x_wconf 84' lang='lat'><strong>27</strong></span> <span class='ocrx_word' id='word_1_485' title='bbox 1641 4483 1703 4538; x_wconf 90' lang='lat' dir='ltr'><strong>in</strong></span> <span class='ocrx_word' id='word_1_486' title='bbox 1757 4483 2150 4553; x_wconf 85' lang='lat' dir='ltr'><strong>Evangelium</strong></span> 
     </span>
    </p>
   </div>
   <div class='ocr_carea' id='block_1_66' title="bbox 493 4565 1220 4621">
    <p class='ocr_par' dir='ltr' id='par_1_66' title="bbox 493 4565 1220 4621">
     <span class='ocr_line' id='line_1_66' title="bbox 493 4565 1220 4621; baseline 0.011 -3"><span class='ocrx_word' id='word_1_487' title='bbox 493 4565 759 4621; x_wconf 88' lang='lat' dir='ltr'><strong>Joannis.</strong></span> <span class='ocrx_word' id='word_1_488' title='bbox 1211 4589 1220 4599; x_wconf 80' lang='grc'><strong>-</strong></span> 
     </span>
    </p>
   </div>
   <div class='ocr_carea' id='block_1_67' title="bbox 567 4654 2157 4732">
    <p class='ocr_par' dir='ltr' id='par_1_67' title="bbox 567 4654 2157 4732">
     <span class='ocr_line' id='line_1_67' title="bbox 567 4654 2157 4732; baseline 0.008 -24"><span class='ocrx_word' id='word_1_489' title='bbox 567 4654 682 4724; x_wconf 80' lang='lat' dir='ltr'><strong>[Ait</strong></span> <span class='ocrx_word' id='word_1_490' title='bbox 709 4671 852 4725; x_wconf 89' lang='lat' dir='ltr'><strong>ergo</strong></span> <span class='ocrx_word' id='word_1_491' title='bbox 883 4657 1172 4714; x_wconf 90' lang='lat' dir='ltr'><strong>Dominus</strong></span> <span class='ocrx_word' id='word_1_492' title='bbox 1201 4662 1371 4714; x_wconf 83' lang='lat' dir='ltr'><strong>Jesus</strong></span> <span class='ocrx_word' id='word_1_493' title='bbox 1399 4677 1411 4715; x_wconf 91' lang='lat'><strong>:</strong></span> <span class='ocrx_word' id='word_1_494' title='bbox 1446 4661 1663 4717; x_wconf 86' lang='lat' dir='ltr'><strong>Nonne</strong></span> <span class='ocrx_word' id='word_1_495' title='bbox 1687 4677 1790 4732; x_wconf 88' lang='lat' dir='ltr'><strong>ego</strong></span> <span class='ocrx_word' id='word_1_496' title='bbox 1819 4678 1918 4718; x_wconf 89' lang='lat' dir='ltr'><strong>vos</strong></span> <span class='ocrx_word' id='word_1_497' title='bbox 1941 4662 2157 4720; x_wconf 84' lang='lat' dir='ltr'><strong>duode-</strong></span> 
     </span>
    </p>
   </div>
   <div class='ocr_carea' id='block_1_68' title="bbox 496 4746 2152 4824">
    <p class='ocr_par' dir='ltr' id='par_1_68' title="bbox 496 4746 2152 4824">
     <span class='ocr_line' id='line_1_68' title="bbox 496 4746 2152 4824; baseline 0.004 -24"><span class='ocrx_word' id='word_1_498' title='bbox 496 4746 608 4801; x_wconf 87' lang='lat' dir='ltr'><strong>cim</strong></span> <span class='ocrx_word' id='word_1_499' title='bbox 640 4748 808 4817; x_wconf 82' lang='lat' dir='ltr'><strong>elegi,</strong></span> <span class='ocrx_word' id='word_1_500' title='bbox 827 4755 880 4804; x_wconf 89' lang='lat' dir='ltr'><strong>et</strong></span> <span class='ocrx_word' id='word_1_501' title='bbox 903 4765 1059 4805; x_wconf 84' lang='lat' dir='ltr'><strong>unus</strong></span> <span class='ocrx_word' id='word_1_502' title='bbox 1075 4765 1152 4808; x_wconf 68' lang='lat' dir='ltr'><strong>ex</strong></span> <span class='ocrx_word' id='word_1_503' title='bbox 1173 4751 1333 4808; x_wconf 87' lang='lat' dir='ltr'><strong>vobis</strong></span> <span class='ocrx_word' id='word_1_504' title='bbox 1355 4751 1629 4808; x_wconf 86' lang='lat' dir='ltr'><strong>diabolus</strong></span> <span class='ocrx_word' id='word_1_505' title='bbox 1679 4758 1810 4809; x_wconf 84' lang='lat' dir='ltr'><strong>est?</strong></span> <span class='ocrx_word' id='word_1_506' title='bbox 1857 4754 2055 4824; x_wconf 86' lang='lat' dir='ltr'><strong>(Joan.</strong></span> <span class='ocrx_word' id='word_1_507' title='bbox 2076 4769 2152 4821; x_wconf 80' lang='lat' dir='ltr'><strong>v1,</strong></span> 
     </span>
    </p>
   </div>
   <div class='ocr_carea' id='block_1_69' title="bbox 495 4834 2157 4911">
    <p class='ocr_par' dir='ltr' id='par_1_69' title="bbox 495 4834 2157 4911">
     <span class='ocr_line' id='line_1_69' title="bbox 495 4834 2157 4911; baseline 0.007 -24"><span class='ocrx_word' id='word_1_508' title='bbox 495 4834 606 4905; x_wconf 88' lang='lat'><strong>71.)</strong></span> <span class='ocrx_word' id='word_1_509' title='bbox 642 4838 792 4905; x_wconf 89' lang='lat' dir='ltr'><strong>Ergo</strong></span> <span class='ocrx_word' id='word_1_510' title='bbox 823 4838 1043 4894; x_wconf 88' lang='lat' dir='ltr'><strong>electus</strong></span> <span class='ocrx_word' id='word_1_511' title='bbox 1073 4845 1162 4896; x_wconf 91' lang='lat' dir='ltr'><strong>est</strong></span> <span class='ocrx_word' id='word_1_512' title='bbox 1188 4845 1243 4898; x_wconf 88' lang='lat' dir='ltr'><strong>et</strong></span> <span class='ocrx_word' id='word_1_513' title='bbox 1259 4843 1389 4911; x_wconf 89' lang='lat' dir='ltr'><strong>iste,</strong></span> <span class='ocrx_word' id='word_1_514' title='bbox 1413 4840 1488 4898; x_wconf 90' lang='lat' dir='ltr'><strong>de</strong></span> <span class='ocrx_word' id='word_1_515' title='bbox 1515 4839 1660 4905; x_wconf 76' lang='lat' dir='ltr'><strong>alio,</strong></span> <span class='ocrx_word' id='word_1_516' title='bbox 1682 4842 1920 4898; x_wconf 87' lang='lat' dir='ltr'><strong>nolente</strong></span> <span class='ocrx_word' id='word_1_517' title='bbox 1973 4847 2030 4898; x_wconf 90' lang='lat' dir='ltr'><strong>et</strong></span> <span class='ocrx_word' id='word_1_518' title='bbox 2057 4857 2157 4898; x_wconf 89' lang='lat' dir='ltr'><strong>ne-</strong></span> 
     </span>
    </p>
   </div>
   <div class='ocr_carea' id='block_1_70' title="bbox 497 4922 2156 5005">
    <p class='ocr_par' dir='ltr' id='par_1_70' title="bbox 497 4922 2156 5005">
     <span class='ocr_line' id='line_1_70' title="bbox 497 4922 2156 5005; baseline 0.008 -31"><span class='ocrx_word' id='word_1_519' title='bbox 497 4922 738 5005; x_wconf 83' lang='lat' dir='ltr'><strong>sciente,</strong></span> <span class='ocrx_word' id='word_1_520' title='bbox 760 4941 1053 4993; x_wconf 87' lang='lat' dir='ltr'><strong>magnum</strong></span> <span class='ocrx_word' id='word_1_521' title='bbox 1078 4929 1308 5000; x_wconf 89' lang='lat' dir='ltr'><strong>aliquid</strong></span> <span class='ocrx_word' id='word_1_522' title='bbox 1324 4930 1553 4986; x_wconf 90' lang='lat' dir='ltr'><strong>bonum</strong></span> <span class='ocrx_word' id='word_1_523' title='bbox 1578 4931 1763 4998; x_wconf 86' lang='lat' dir='ltr'><strong>ﬁeret,</strong></span> <span class='ocrx_word' id='word_1_524' title='bbox 1785 4931 1900 4988; x_wconf 92' lang='lat' dir='ltr'><strong>hoc</strong></span> <span class='ocrx_word' id='word_1_525' title='bbox 1914 4937 2002 4987; x_wconf 89' lang='lat' dir='ltr'><strong>est</strong></span> <span class='ocrx_word' id='word_1_526' title='bbox 2020 4947 2156 5005; x_wconf 89' lang='lat' dir='ltr'><strong>pro-</strong></span> 
     </span>
    </p>
   </div>
   <div class='ocr_carea' id='block_1_71' title="bbox 497 5003 2156 5087">
    <p class='ocr_par' dir='ltr' id='par_1_71' title="bbox 497 5003 2156 5087">
     <span class='ocr_line' id='line_1_71' title="bbox 497 5003 2156 5087; baseline 0.009 -31"><span class='ocrx_word' id='word_1_527' title='bbox 497 5003 697 5075; x_wconf 91' lang='lat' dir='ltr'><strong>prium</strong></span> <span class='ocrx_word' id='word_1_528' title='bbox 719 5006 839 5074; x_wconf 77' lang='lat' dir='ltr'><strong>Dei,</strong></span> <span class='ocrx_word' id='word_1_529' title='bbox 862 5012 1226 5067; x_wconf 90' lang='lat' dir='ltr'><strong>contrarium</strong></span> <span class='ocrx_word' id='word_1_530' title='bbox 1252 5013 1496 5085; x_wconf 92' lang='lat' dir='ltr'><strong>iniquis.</strong></span> <span class='ocrx_word' id='word_1_531' title='bbox 1543 5015 1703 5070; x_wconf 89' lang='lat' dir='ltr'><strong>Sicut</strong></span> <span class='ocrx_word' id='word_1_532' title='bbox 1749 5016 1909 5072; x_wconf 90' lang='lat' dir='ltr'><strong>enim</strong></span> <span class='ocrx_word' id='word_1_533' title='bbox 1965 5003 2156 5087; x_wconf 78' lang='lat' dir='ltr'><strong>iniqui</strong></span> 
     </span>
    </p>
   </div>
   <div class='ocr_carea' id='block_1_72' title="bbox 496 5091 2148 5172">
    <p class='ocr_par' dir='ltr' id='par_1_72' title="bbox 496 5091 2148 5172">
     <span class='ocr_line' id='line_1_72' title="bbox 496 5091 2148 5172; baseline 0.007 -25"><span class='ocrx_word' id='word_1_534' title='bbox 496 5091 655 5147; x_wconf 90' lang='lat' dir='ltr'><strong>male</strong></span> <span class='ocrx_word' id='word_1_535' title='bbox 677 5095 926 5149; x_wconf 89' lang='lat' dir='ltr'><strong>utuntur</strong></span> <span class='ocrx_word' id='word_1_536' title='bbox 954 5096 1130 5152; x_wconf 90' lang='lat' dir='ltr'><strong>bonis</strong></span> <span class='ocrx_word' id='word_1_537' title='bbox 1160 5102 1444 5171; x_wconf 91' lang='lat' dir='ltr'><strong>operibus</strong></span> <span class='ocrx_word' id='word_1_538' title='bbox 1476 5105 1597 5172; x_wconf 91' lang='lat' dir='ltr'><strong>Dei,</strong></span> <span class='ocrx_word' id='word_1_539' title='bbox 1640 5102 1724 5158; x_wconf 92' lang='lat' dir='ltr'><strong>sic</strong></span> <span class='ocrx_word' id='word_1_540' title='bbox 1754 5109 1962 5158; x_wconf 91' lang='lat' dir='ltr'><strong>contra</strong></span> <span class='ocrx_word' id='word_1_541' title='bbox 1993 5106 2148 5159; x_wconf 91' lang='lat' dir='ltr'><strong>Deus</strong></span> 
     </span>
    </p>
   </div>
   <div class='ocr_carea' id='block_1_73' title="bbox 496 5179 2149 5262">
    <p class='ocr_par' dir='ltr' id='par_1_73' title="bbox 496 5179 2149 5262">
     <span class='ocr_line' id='line_1_73' title="bbox 496 5179 2149 5262; baseline 0.008 -27"><span class='ocrx_word' id='word_1_542' title='bbox 496 5179 651 5236; x_wconf 90' lang='lat' dir='ltr'><strong>bene</strong></span> <span class='ocrx_word' id='word_1_543' title='bbox 682 5180 865 5236; x_wconf 89' lang='lat' dir='ltr'><strong>utitur</strong></span> <span class='ocrx_word' id='word_1_544' title='bbox 887 5183 1062 5238; x_wconf 90' lang='lat' dir='ltr'><strong>malis</strong></span> <span class='ocrx_word' id='word_1_545' title='bbox 1095 5189 1378 5259; x_wconf 89' lang='lat' dir='ltr'><strong>operibus</strong></span> <span class='ocrx_word' id='word_1_546' title='bbox 1400 5191 1716 5246; x_wconf 89' lang='lat' dir='ltr'><strong>hominum</strong></span> <span class='ocrx_word' id='word_1_547' title='bbox 1757 5191 2102 5262; x_wconf 91' lang='lat' dir='ltr'><strong>iniquorum</strong></span> <span class='ocrx_word' id='word_1_548' title='bbox 2138 5210 2149 5248; x_wconf 94' lang='lat'>:</span> 
     </span>
    </p>
   </div>
   <div class='ocr_carea' id='block_1_74' title="bbox 499 5270 2154 5347">
    <p class='ocr_par' dir='ltr' id='par_1_74' title="bbox 499 5270 2154 5347">
     <span class='ocr_line' id='line_1_74' title="bbox 499 5270 2154 5347; baseline 0.007 -23"><span class='ocrx_word' id='word_1_549' title='bbox 499 5272 650 5326; x_wconf 89' lang='lat' dir='ltr'><strong>sicut</strong></span> <span class='ocrx_word' id='word_1_550' title='bbox 679 5270 886 5342; x_wconf 89' lang='lat' dir='ltr'><strong>iniqui,</strong></span> <span class='ocrx_word' id='word_1_551' title='bbox 916 5271 1190 5343; x_wconf 88' lang='lat' dir='ltr'><strong>inquam,</strong></span> <span class='ocrx_word' id='word_1_552' title='bbox 1214 5277 1413 5333; x_wconf 88' lang='lat' dir='ltr'><strong>audite</strong></span> <span class='ocrx_word' id='word_1_553' title='bbox 1435 5279 1827 5347; x_wconf 88' lang='lat' dir='ltr'><strong>etintelligite,</strong></span> <span class='ocrx_word' id='word_1_554' title='bbox 1875 5279 2026 5335; x_wconf 85' lang='lat' dir='ltr'><strong>sicut</strong></span> <span class='ocrx_word' id='word_1_555' title='bbox 2048 5280 2154 5336; x_wconf 85' lang='lat' dir='ltr'><strong>ini-</strong></span> 
     </span>
    </p>
   </div>
   <div class='ocr_carea' id='block_1_75' title="bbox 496 5359 2154 5433">
    <p class='ocr_par' dir='ltr' id='par_1_75' title="bbox 496 5359 2154 5433">
     <span class='ocr_line' id='line_1_75' title="bbox 496 5359 2154 5433; baseline 0.008 -22"><span class='ocrx_word' id='word_1_556' title='bbox 496 5359 605 5429; x_wconf 89' lang='lat' dir='ltr'><strong>qui</strong></span> <span class='ocrx_word' id='word_1_557' title='bbox 627 5359 786 5413; x_wconf 92' lang='lat' dir='ltr'><strong>male</strong></span> <span class='ocrx_word' id='word_1_558' title='bbox 811 5362 1062 5415; x_wconf 88' lang='lat' dir='ltr'><strong>utuntur</strong></span> <span class='ocrx_word' id='word_1_559' title='bbox 1090 5363 1372 5432; x_wconf 84' lang='lat' dir='ltr'><strong>Operibus</strong></span> <span class='ocrx_word' id='word_1_560' title='bbox 1416 5365 1517 5420; x_wconf 91' lang='lat' dir='ltr'><strong>Dei</strong></span> <span class='ocrx_word' id='word_1_561' title='bbox 1559 5367 1756 5433; x_wconf 87' lang='lat' dir='ltr'><strong>bonis,</strong></span> <span class='ocrx_word' id='word_1_562' title='bbox 1814 5368 1896 5423; x_wconf 91' lang='lat' dir='ltr'><strong>sic</strong></span> <span class='ocrx_word' id='word_1_563' title='bbox 1947 5375 2154 5426; x_wconf 89' lang='lat' dir='ltr'><strong>contra</strong></span> 
     </span>
    </p>
   </div>
   <div class='ocr_carea' id='block_1_76' title="bbox 498 5443 2150 5526">
    <p class='ocr_par' dir='ltr' id='par_1_76' title="bbox 498 5443 2150 5526">
     <span class='ocr_line' id='line_1_76' title="bbox 498 5443 2150 5526; baseline 0.011 -30"><span class='ocrx_word' id='word_1_564' title='bbox 498 5446 654 5498; x_wconf 90' lang='lat' dir='ltr'><strong>Deus</strong></span> <span class='ocrx_word' id='word_1_565' title='bbox 670 5443 826 5499; x_wconf 76' lang='lat' dir='ltr'><strong>bene</strong></span> <span class='ocrx_word' id='word_1_566' title='bbox 853 5446 1032 5500; x_wconf 91' lang='lat' dir='ltr'><strong>utitur</strong></span> <span class='ocrx_word' id='word_1_567' title='bbox 1051 5448 1223 5503; x_wconf 91' lang='lat' dir='ltr'><strong>malis</strong></span> <span class='ocrx_word' id='word_1_568' title='bbox 1244 5452 1525 5520; x_wconf 88' lang='lat' dir='ltr'><strong>operibus</strong></span> <span class='ocrx_word' id='word_1_569' title='bbox 1567 5453 1932 5526; x_wconf 78' lang='lat' dir='ltr'><strong>iniquomm.</strong></span> <span class='ocrx_word' id='word_1_570' title='bbox 1963 5460 2150 5523; x_wconf 91' lang='lat' dir='ltr'><strong>Quam</strong></span> 
     </span>
    </p>
   </div>
   <div class='ocr_carea' id='block_1_77' title="bbox 495 5531 2151 5616">
    <p class='ocr_par' dir='ltr' id='par_1_77' title="bbox 495 5531 2151 5616">
     <span class='ocr_line' id='line_1_77' title="bbox 495 5531 2151 5616; baseline 0.008 -30"><span class='ocrx_word' id='word_1_571' title='bbox 495 5531 729 5586; x_wconf 91' lang='lat' dir='ltr'><strong>bonum</strong></span> <span class='ocrx_word' id='word_1_572' title='bbox 743 5536 829 5588; x_wconf 92' lang='lat' dir='ltr'><strong>est</strong></span> <span class='ocrx_word' id='word_1_573' title='bbox 843 5533 1119 5592; x_wconf 91' lang='lat' dir='ltr'><strong>membra</strong></span> <span class='ocrx_word' id='word_1_574' title='bbox 1131 5538 1396 5610; x_wconf 91' lang='lat' dir='ltr'><strong>corporis</strong></span> <span class='ocrx_word' id='word_1_575' title='bbox 1414 5539 1494 5598; x_wconf 90' lang='lat' dir='ltr'><strong>ita</strong></span> <span class='ocrx_word' id='word_1_576' title='bbox 1506 5556 1637 5599; x_wconf 91' lang='lat' dir='ltr'><strong>esse</strong></span> <span class='ocrx_word' id='word_1_577' title='bbox 1649 5545 2151 5616; x_wconf 87' lang='lat' dir='ltr'><strong>quemadmodum</strong></span> 
     </span>
    </p>
   </div>
   <div class='ocr_carea' id='block_1_78' title="bbox 493 5619 2150 5696">
    <p class='ocr_par' dir='ltr' id='par_1_78' title="bbox 493 5619 2150 5696">
     <span class='ocr_line' id='line_1_78' title="bbox 493 5619 2150 5696; baseline 0.011 -19"><span class='ocrx_word' id='word_1_578' title='bbox 493 5619 738 5693; x_wconf 89' lang='lat' dir='ltr'><strong>disponi</strong></span> <span class='ocrx_word' id='word_1_579' title='bbox 756 5635 880 5681; x_wconf 91' lang='lat' dir='ltr'><strong>non</strong></span> <span class='ocrx_word' id='word_1_580' title='bbox 899 5629 1146 5696; x_wconf 88' lang='lat' dir='ltr'><strong>possent</strong></span> <span class='ocrx_word' id='word_1_581' title='bbox 1161 5627 1274 5686; x_wconf 90' lang='lat' dir='ltr'><strong>nisi</strong></span> <span class='ocrx_word' id='word_1_582' title='bbox 1295 5628 1373 5688; x_wconf 85' lang='lat' dir='ltr'><strong>ab</strong></span> <span class='ocrx_word' id='word_1_583' title='bbox 1389 5631 1612 5690; x_wconf 86' lang='lat' dir='ltr'><strong>artiﬁce</strong></span> <span class='ocrx_word' id='word_1_584' title='bbox 1657 5634 1929 5694; x_wconf 88' lang='lat' dir='ltr'><strong>Domino.</strong></span> <span class='ocrx_word' id='word_1_585' title='bbox 1978 5638 2150 5695; x_wconf 88' lang='lat' dir='ltr'><strong>Petu-</strong></span> 
     </span>
    </p>
   </div>
   <div class='ocr_carea' id='block_1_79' title="bbox 2269 1712 3933 1789">
    <p class='ocr_par' dir='ltr' id='par_1_79' title="bbox 2269 1712 3933 1789">
     <span class='ocr_line' id='line_1_79' title="bbox 2269 1712 3933 1789; baseline 0.001 -18"><span class='ocrx_word' id='word_1_586' title='bbox 2269 1716 2467 1771; x_wconf 88' lang='lat' dir='ltr'><strong>corde.</strong></span> <span class='ocrx_word' id='word_1_587' title='bbox 2503 1714 2794 1770; x_wconf 88' lang='lat' dir='ltr'><strong>Omnibus</strong></span> <span class='ocrx_word' id='word_1_588' title='bbox 2825 1729 2966 1782; x_wconf 81' lang='lat' dir='ltr'><strong>ergo</strong></span> <span class='ocrx_word' id='word_1_589' title='bbox 2995 1712 3171 1768; x_wconf 88' lang='lat' dir='ltr'><strong>bonis</strong></span> <span class='ocrx_word' id='word_1_590' title='bbox 3217 1714 3339 1781; x_wconf 87' lang='lat' dir='ltr'><strong>Dei,</strong></span> <span class='ocrx_word' id='word_1_591' title='bbox 3399 1731 3474 1770; x_wconf 87' lang='lat' dir='ltr'><strong>ne</strong></span> <span class='ocrx_word' id='word_1_592' title='bbox 3531 1732 3639 1787; x_wconf 86' lang='lat' dir='ltr'><strong>per</strong></span> <span class='ocrx_word' id='word_1_593' title='bbox 3693 1717 3933 1789; x_wconf 84' lang='lat' dir='ltr'><strong>singula</strong></span> 
     </span>
    </p>
   </div>
   <div class='ocr_carea' id='block_1_80' title="bbox 2270 1802 3929 1872">
    <p class='ocr_par' dir='ltr' id='par_1_80' title="bbox 2270 1802 3929 1872">
     <span class='ocr_line' id='line_1_80' title="bbox 2270 1802 3929 1872; baseline 0.001 -13"><span class='ocrx_word' id='word_1_594' title='bbox 2270 1820 2506 1859; x_wconf 89' lang='lat' dir='ltr'><strong>currere</strong></span> <span class='ocrx_word' id='word_1_595' title='bbox 2536 1803 2786 1872; x_wconf 86' lang='lat' dir='ltr'><strong>longum</strong></span> <span class='ocrx_word' id='word_1_596' title='bbox 2814 1803 2908 1862; x_wconf 86' lang='lat' dir='ltr'><strong>sit.</strong></span> <span class='ocrx_word' id='word_1_597' title='bbox 2958 1802 3115 1856; x_wconf 90' lang='lat' dir='ltr'><strong>male</strong></span> <span class='ocrx_word' id='word_1_598' title='bbox 3173 1803 3356 1858; x_wconf 90' lang='lat' dir='ltr'><strong>utitur</strong></span> <span class='ocrx_word' id='word_1_599' title='bbox 3406 1804 3600 1858; x_wconf 90' lang='lat' dir='ltr'><strong>malus</strong></span> <span class='ocrx_word' id='word_1_600' title='bbox 3653 1823 3669 1859; x_wconf 92' lang='lat'><em>:</em></span> <span class='ocrx_word' id='word_1_601' title='bbox 3716 1811 3929 1861; x_wconf 88' lang='lat' dir='ltr'><strong>contra</strong></span> 
     </span>
    </p>
   </div>
   <div class='ocr_carea' id='block_1_81' title="bbox 2268 1890 3924 1948">
    <p class='ocr_par' dir='ltr' id='par_1_81' title="bbox 2268 1890 3924 1948">
     <span class='ocr_line' id='line_1_81' title="bbox 2268 1890 3924 1948; baseline 0 0"><span class='ocrx_word' id='word_1_602' title='bbox 2268 1892 2773 1948; x_wconf 89' lang='lat' dir='ltr'><strong>malishominum</strong></span> <span class='ocrx_word' id='word_1_603' title='bbox 2803 1891 3105 1946; x_wconf 81' lang='lat' dir='ltr'><strong>mulorum</strong></span> <span class='ocrx_word' id='word_1_604' title='bbox 3155 1890 3306 1946; x_wconf 89' lang='lat' dir='ltr'><strong>bene</strong></span> <span class='ocrx_word' id='word_1_605' title='bbox 3361 1891 3537 1947; x_wconf 89' lang='lat' dir='ltr'><strong>utitur</strong></span> <span class='ocrx_word' id='word_1_606' title='bbox 3576 1891 3797 1948; x_wconf 89' lang='lat' dir='ltr'><strong>bonus.</strong></span> <span class='ocrx_word' id='word_1_607' title='bbox 3855 1896 3924 1948; x_wconf 81' lang='lat' dir='ltr'><strong>Et</strong></span> 
     </span>
    </p>
   </div>
   <div class='ocr_carea' id='block_1_82' title="bbox 2269 1979 3927 2054">
    <p class='ocr_par' dir='ltr' id='par_1_82' title="bbox 2269 1979 3927 2054">
     <span class='ocr_line' id='line_1_82' title="bbox 2269 1979 3927 2054; baseline 0 -17"><span class='ocrx_word' id='word_1_608' title='bbox 2269 1983 2416 2054; x_wconf 91' lang='lat' dir='ltr'><strong>quid</strong></span> <span class='ocrx_word' id='word_1_609' title='bbox 2447 1986 2566 2038; x_wconf 80' lang='lat' dir='ltr'><strong>tam</strong></span> <span class='ocrx_word' id='word_1_610' title='bbox 2597 1981 2829 2037; x_wconf 90' lang='lat' dir='ltr'><strong>bonum</strong></span> <span class='ocrx_word' id='word_1_611' title='bbox 2851 1996 3041 2053; x_wconf 84' lang='lat' dir='ltr'><strong>quam</strong></span> <span class='ocrx_word' id='word_1_612' title='bbox 3091 1979 3289 2035; x_wconf 91' lang='lat' dir='ltr'><strong>bonus</strong></span> <span class='ocrx_word' id='word_1_613' title='bbox 3331 1982 3459 2050; x_wconf 69' lang='lat' dir='ltr'><strong>[al.,</strong></span> <span class='ocrx_word' id='word_1_614' title='bbox 3486 1982 3666 2052; x_wconf 87' lang='lat' dir='ltr'><strong>unus]</strong></span> <span class='ocrx_word' id='word_1_615' title='bbox 3714 1983 3927 2037; x_wconf 85' lang='lat' dir='ltr'><strong>Deus?</strong></span> 
     </span>
    </p>
   </div>
   <div class='ocr_carea' id='block_1_83' title="bbox 2267 2069 3932 2145">
    <p class='ocr_par' dir='ltr' id='par_1_83' title="bbox 2267 2069 3932 2145">
     <span class='ocr_line' id='line_1_83' title="bbox 2267 2069 3932 2145; baseline -0.001 -17"><span class='ocrx_word' id='word_1_616' title='bbox 2267 2070 2766 2145; x_wconf 90' lang='lat' dir='ltr'><strong>quandoquidem</strong></span> <span class='ocrx_word' id='word_1_617' title='bbox 2787 2071 2918 2142; x_wconf 66' lang='lat' dir='ltr'><strong>ipse.</strong></span> <span class='ocrx_word' id='word_1_618' title='bbox 2953 2069 3240 2125; x_wconf 88' lang='lat' dir='ltr'><strong>Dominus</strong></span> <span class='ocrx_word' id='word_1_619' title='bbox 3263 2069 3410 2125; x_wconf 79' lang='lat' dir='ltr'><strong>dixit</strong></span> <span class='ocrx_word' id='word_1_620' title='bbox 3451 2086 3465 2125; x_wconf 88' lang='lat'><strong>:</strong></span> <span class='ocrx_word' id='word_1_621' title='bbox 3526 2071 3707 2126; x_wconf 88' lang='lat' dir='ltr'><strong>Nemo</strong></span> <span class='ocrx_word' id='word_1_622' title='bbox 3743 2071 3932 2126; x_wconf 86' lang='lat' dir='ltr'><strong>bonus</strong></span> 
     </span>
    </p>
   </div>
   <div class='ocr_carea' id='block_1_84' title="bbox 2269 2158 3936 2231">
    <p class='ocr_par' dir='ltr' id='par_1_84' title="bbox 2269 2158 3936 2231">
     <span class='ocr_line' id='line_1_84' title="bbox 2269 2158 3936 2231; baseline -0.001 -14"><span class='ocrx_word' id='word_1_623' title='bbox 2269 2163 2388 2217; x_wconf 88' lang='lat' dir='ltr'><strong>nisi</strong></span> <span class='ocrx_word' id='word_1_624' title='bbox 2415 2162 2576 2217; x_wconf 84' lang='lat' dir='ltr'><strong>solus</strong></span> <span class='ocrx_word' id='word_1_625' title='bbox 2607 2161 2763 2216; x_wconf 88' lang='lat' dir='ltr'><strong>Deus</strong></span> <span class='ocrx_word' id='word_1_626' title='bbox 2791 2161 3008 2227; x_wconf 77' lang='lat' dir='ltr'><strong>(Marc.</strong></span> <span class='ocrx_word' id='word_1_627' title='bbox 3028 2175 3088 2228; x_wconf 88' lang='lat' dir='ltr'><strong>x,</strong></span> <span class='ocrx_word' id='word_1_628' title='bbox 3119 2159 3203 2230; x_wconf 89' lang='lat' dir='ltr'><strong>l8)</strong></span> <span class='ocrx_word' id='word_1_629' title='bbox 3231 2178 3244 2226; x_wconf 93' lang='lat'><strong>;</strong></span> <span class='ocrx_word' id='word_1_630' title='bbox 3276 2163 3506 2231; x_wconf 89' lang='lat' dir='ltr'><strong>quanto</strong></span> <span class='ocrx_word' id='word_1_631' title='bbox 3533 2174 3676 2229; x_wconf 86' lang='lat' dir='ltr'><strong>ergo</strong></span> <span class='ocrx_word' id='word_1_632' title='bbox 3697 2158 3796 2215; x_wconf 90' lang='lat' dir='ltr'><strong>ille</strong></span> <span class='ocrx_word' id='word_1_633' title='bbox 3818 2176 3936 2216; x_wconf 89' lang='lat' dir='ltr'><strong>me-</strong></span> 
     </span>
    </p>
   </div>
   <div class='ocr_carea' id='block_1_85' title="bbox 2267 2247 3933 2319">
    <p class='ocr_par' dir='ltr' id='par_1_85' title="bbox 2267 2247 3933 2319">
     <span class='ocr_line' id='line_1_85' title="bbox 2267 2247 3933 2319; baseline -0.002 -13"><span class='ocrx_word' id='word_1_634' title='bbox 2267 2250 2397 2319; x_wconf 92' lang='lat' dir='ltr'><strong>lior,</strong></span> <span class='ocrx_word' id='word_1_635' title='bbox 2426 2253 2590 2306; x_wconf 90' lang='lat' dir='ltr'><strong>tanto</strong></span> <span class='ocrx_word' id='word_1_636' title='bbox 2612 2248 2823 2304; x_wconf 90' lang='lat' dir='ltr'><strong>melius</strong></span> <span class='ocrx_word' id='word_1_637' title='bbox 2853 2247 3036 2303; x_wconf 89' lang='lat' dir='ltr'><strong>utitur</strong></span> <span class='ocrx_word' id='word_1_638' title='bbox 3066 2253 3120 2304; x_wconf 91' lang='lat' dir='ltr'><strong>et</strong></span> <span class='ocrx_word' id='word_1_639' title='bbox 3145 2247 3320 2304; x_wconf 88' lang='lat' dir='ltr'><strong>malis</strong></span> <span class='ocrx_word' id='word_1_640' title='bbox 3343 2248 3587 2303; x_wconf 89' lang='lat' dir='ltr'><strong>nostris.</strong></span> <span class='ocrx_word' id='word_1_641' title='bbox 3611 2247 3771 2313; x_wconf 92' lang='lat' dir='ltr'><strong>Quid</strong></span> <span class='ocrx_word' id='word_1_642' title='bbox 3786 2251 3811 2303; x_wconf 81' lang='lat' dir='ltr'><strong>J</strong></span> <span class='ocrx_word' id='word_1_643' title='bbox 3819 2247 3933 2304; x_wconf 89' lang='lat' dir='ltr'><strong>uda</strong></span> 
     </span>
    </p>
   </div>
   <div class='ocr_carea' id='block_1_86' title="bbox 2269 2338 3932 2414">
    <p class='ocr_par' dir='ltr' id='par_1_86' title="bbox 2269 2338 3932 2414">
     <span class='ocr_line' id='line_1_86' title="bbox 2269 2338 3932 2414; baseline -0.001 -18"><span class='ocrx_word' id='word_1_644' title='bbox 2269 2341 2496 2414; x_wconf 88' lang='lat' dir='ltr'><strong>pejus?</strong></span> <span class='ocrx_word' id='word_1_645' title='bbox 2525 2344 2677 2395; x_wconf 89' lang='lat' dir='ltr'><strong>Inter</strong></span> <span class='ocrx_word' id='word_1_646' title='bbox 2724 2354 2935 2394; x_wconf 84' lang='lat' dir='ltr'><strong>omnes</strong></span> <span class='ocrx_word' id='word_1_647' title='bbox 2987 2338 3362 2394; x_wconf 79' lang='lat' dir='ltr'><strong>adhaerentes</strong></span> <span class='ocrx_word' id='word_1_648' title='bbox 3419 2339 3734 2409; x_wconf 86' lang='lat' dir='ltr'><strong>magistro,</strong></span> <span class='ocrx_word' id='word_1_649' title='bbox 3787 2339 3932 2395; x_wconf 90' lang='lat' dir='ltr'><strong>inter</strong></span> 
     </span>
    </p>
   </div>
   <div class='ocr_carea' id='block_1_87' title="bbox 2268 2427 3927 2500">
    <p class='ocr_par' dir='ltr' id='par_1_87' title="bbox 2268 2427 3927 2500">
     <span class='ocr_line' id='line_1_87' title="bbox 2268 2427 3927 2500; baseline -0.001 -14"><span class='ocrx_word' id='word_1_650' title='bbox 2268 2429 2593 2486; x_wconf 87' lang='lat' dir='ltr'><strong>duodecim</strong></span> <span class='ocrx_word' id='word_1_651' title='bbox 2612 2427 2791 2485; x_wconf 91' lang='lat' dir='ltr'><strong>loculi</strong></span> <span class='ocrx_word' id='word_1_652' title='bbox 2811 2428 2864 2483; x_wconf 89' lang='lat' dir='ltr'><strong>ei</strong></span> <span class='ocrx_word' id='word_1_653' title='bbox 2890 2428 3202 2484; x_wconf 89' lang='lat' dir='ltr'><strong>commissi</strong></span> <span class='ocrx_word' id='word_1_654' title='bbox 3245 2432 3405 2492; x_wconf 91' lang='lat' dir='ltr'><strong>sunt,</strong></span> <span class='ocrx_word' id='word_1_655' title='bbox 3455 2433 3513 2484; x_wconf 94' lang='lat' dir='ltr'><strong>et</strong></span> <span class='ocrx_word' id='word_1_656' title='bbox 3563 2427 3927 2500; x_wconf 87' lang='lat' dir='ltr'><strong>dispensatio</strong></span> 
     </span>
    </p>
   </div>
   <div class='ocr_carea' id='block_1_88' title="bbox 2269 2516 3924 2592">
    <p class='ocr_par' dir='ltr' id='par_1_88' title="bbox 2269 2516 3924 2592">
     <span class='ocr_line' id='line_1_88' title="bbox 2269 2516 3924 2592; baseline -0.002 -17"><span class='ocrx_word' id='word_1_657' title='bbox 2269 2535 2608 2592; x_wconf 89' lang='lat' dir='ltr'><strong>pauperum</strong></span> <span class='ocrx_word' id='word_1_658' title='bbox 2639 2516 2955 2573; x_wconf 88' lang='lat' dir='ltr'><strong>distributa</strong></span> <span class='ocrx_word' id='word_1_659' title='bbox 3001 2533 3014 2570; x_wconf 92' lang='lat'>:</span> <span class='ocrx_word' id='word_1_660' title='bbox 3071 2517 3342 2587; x_wconf 86' lang='lat' dir='ltr'><strong>ingratus</strong></span> <span class='ocrx_word' id='word_1_661' title='bbox 3400 2522 3565 2572; x_wconf 89' lang='lat' dir='ltr'><strong>tanto</strong></span> <span class='ocrx_word' id='word_1_662' title='bbox 3612 2517 3924 2588; x_wconf 89' lang='lat' dir='ltr'><strong>beneﬁcio,</strong></span> 
     </span>
    </p>
   </div>
   <div class='ocr_carea' id='block_1_89' title="bbox 2266 2606 3917 2679">
    <p class='ocr_par' dir='ltr' id='par_1_89' title="bbox 2266 2606 3917 2679">
     <span class='ocr_line' id='line_1_89' title="bbox 2266 2606 3917 2679; baseline -0.001 -15"><span class='ocrx_word' id='word_1_663' title='bbox 2266 2609 2480 2664; x_wconf 90' lang='lat' dir='ltr'><strong>honori</strong></span> <span class='ocrx_word' id='word_1_664' title='bbox 2511 2611 2694 2678; x_wconf 87' lang='lat' dir='ltr'><strong>tanto,</strong></span> <span class='ocrx_word' id='word_1_665' title='bbox 2719 2607 2944 2679; x_wconf 89' lang='lat' dir='ltr'><strong>accepit</strong></span> <span class='ocrx_word' id='word_1_666' title='bbox 2970 2606 3313 2679; x_wconf 82' lang='lat' dir='ltr'><strong>pecuniam,</strong></span> <span class='ocrx_word' id='word_1_667' title='bbox 3337 2606 3597 2678; x_wconf 90' lang='lat' dir='ltr'><strong>perdidit</strong></span> <span class='ocrx_word' id='word_1_668' title='bbox 3612 2607 3917 2676; x_wconf 84' lang='lat' dir='ltr'><strong>justitiam,</strong></span> 
     </span>
    </p>
   </div>
   <div class='ocr_carea' id='block_1_90' title="bbox 2267 2694 3924 2767">
    <p class='ocr_par' dir='ltr' id='par_1_90' title="bbox 2267 2694 3924 2767">
     <span class='ocr_line' id='line_1_90' title="bbox 2267 2694 3924 2767; baseline 0 -16"><span class='ocrx_word' id='word_1_669' title='bbox 2267 2696 2508 2753; x_wconf 88' lang='lat' dir='ltr'><strong>tradidit</strong></span> <span class='ocrx_word' id='word_1_670' title='bbox 2530 2695 2716 2750; x_wconf 90' lang='lat' dir='ltr'><strong>vitam</strong></span> <span class='ocrx_word' id='word_1_671' title='bbox 2751 2700 3018 2750; x_wconf 86' lang='lat' dir='ltr'><strong>mortuus</strong></span> <span class='ocrx_word' id='word_1_672' title='bbox 3055 2713 3067 2760; x_wconf 86' lang='lat'><strong>;</strong></span> <span class='ocrx_word' id='word_1_673' title='bbox 3100 2710 3285 2767; x_wconf 90' lang='lat' dir='ltr'><strong>quem</strong></span> <span class='ocrx_word' id='word_1_674' title='bbox 3317 2699 3384 2750; x_wconf 93' lang='lat' dir='ltr'><strong>ut</strong></span> <span class='ocrx_word' id='word_1_675' title='bbox 3401 2694 3738 2767; x_wconf 79' lang='lat' dir='ltr'><strong>discipulus</strong></span> <span class='ocrx_word' id='word_1_676' title='bbox 3765 2711 3924 2751; x_wconf 89' lang='lat' dir='ltr'><strong>secu-</strong></span> 
     </span>
    </p>
   </div>
   <div class='ocr_carea' id='block_1_91' title="bbox 2269 2785 3928 2857">
    <p class='ocr_par' dir='ltr' id='par_1_91' title="bbox 2269 2785 3928 2857">
     <span class='ocr_line' id='line_1_91' title="bbox 2269 2785 3928 2857; baseline -0.002 -14"><span class='ocrx_word' id='word_1_677' title='bbox 2269 2792 2383 2856; x_wconf 85' lang='lat' dir='ltr'><strong>tus,</strong></span> <span class='ocrx_word' id='word_1_678' title='bbox 2412 2790 2477 2841; x_wconf 90' lang='lat' dir='ltr'><strong>ut</strong></span> <span class='ocrx_word' id='word_1_679' title='bbox 2495 2785 2771 2840; x_wconf 91' lang='lat' dir='ltr'><strong>inimicus</strong></span> <span class='ocrx_word' id='word_1_680' title='bbox 2801 2788 3151 2857; x_wconf 86' lang='lat' dir='ltr'><strong>persecutus</strong></span> <span class='ocrx_word' id='word_1_681' title='bbox 3185 2788 3291 2840; x_wconf 90' lang='lat' dir='ltr'><strong>est.</strong></span> <span class='ocrx_word' id='word_1_682' title='bbox 3311 2787 3525 2840; x_wconf 86' lang='lat' dir='ltr'><strong>Totum</strong></span> <span class='ocrx_word' id='word_1_683' title='bbox 3549 2785 3663 2841; x_wconf 93' lang='lat' dir='ltr'><strong>hoc</strong></span> <span class='ocrx_word' id='word_1_684' title='bbox 3691 2785 3928 2841; x_wconf 90' lang='lat' dir='ltr'><strong>malum</strong></span> 
     </span>
    </p>
   </div>
   <div class='ocr_carea' id='block_1_92' title="bbox 2265 2873 3929 2944">
    <p class='ocr_par' dir='ltr' id='par_1_92' title="bbox 2265 2873 3929 2944">
     <span class='ocr_line' id='line_1_92' title="bbox 2265 2873 3929 2944; baseline 0 -15"><span class='ocrx_word' id='word_1_685' title='bbox 2265 2874 2451 2941; x_wconf 70' lang='lat' dir='ltr'><strong>Judaa,</strong></span> <span class='ocrx_word' id='word_1_686' title='bbox 2482 2873 2588 2929; x_wconf 89' lang='lat' dir='ltr'><strong>sed</strong></span> <span class='ocrx_word' id='word_1_687' title='bbox 2614 2873 2773 2930; x_wconf 89' lang='lat' dir='ltr'><strong>malo</strong></span> <span class='ocrx_word' id='word_1_688' title='bbox 2801 2874 2928 2944; x_wconf 89' lang='lat' dir='ltr'><strong>ejus</strong></span> <span class='ocrx_word' id='word_1_689' title='bbox 2951 2874 3105 2929; x_wconf 88' lang='lat' dir='ltr'><strong>bene</strong></span> <span class='ocrx_word' id='word_1_690' title='bbox 3135 2889 3280 2928; x_wconf 90' lang='lat' dir='ltr'><strong>usus</strong></span> <span class='ocrx_word' id='word_1_691' title='bbox 3306 2878 3397 2929; x_wconf 90' lang='lat' dir='ltr'><strong>est</strong></span> <span class='ocrx_word' id='word_1_692' title='bbox 3415 2873 3718 2929; x_wconf 89' lang='lat' dir='ltr'><strong>Dominus.</strong></span> <span class='ocrx_word' id='word_1_693' title='bbox 3749 2873 3929 2937; x_wconf 64' lang='lat' dir='ltr'><strong>&#39;lradi</strong></span> 
     </span>
    </p>
   </div>
   <div class='ocr_carea' id='block_1_93' title="bbox 2266 2961 3930 3034">
    <p class='ocr_par' dir='ltr' id='par_1_93' title="bbox 2266 2961 3930 3034">
     <span class='ocr_line' id='line_1_93' title="bbox 2266 2961 3930 3034; baseline 0 -16"><span class='ocrx_word' id='word_1_694' title='bbox 2266 2979 2330 3018; x_wconf 89' lang='lat' dir='ltr'><strong>se</strong></span> <span class='ocrx_word' id='word_1_695' title='bbox 2359 2963 2618 3034; x_wconf 87' lang='lat' dir='ltr'><strong>pertulit,</strong></span> <span class='ocrx_word' id='word_1_696' title='bbox 2656 2968 2717 3018; x_wconf 89' lang='lat' dir='ltr'><strong>ut</strong></span> <span class='ocrx_word' id='word_1_697' title='bbox 2732 2963 3052 3019; x_wconf 89' lang='lat' dir='ltr'><strong>redimeret</strong></span> <span class='ocrx_word' id='word_1_698' title='bbox 3080 2979 3210 3018; x_wconf 92' lang='lat' dir='ltr'><strong>nos.</strong></span> <span class='ocrx_word' id='word_1_699' title='bbox 3243 2964 3390 3019; x_wconf 84' lang='lat' dir='ltr'><strong>Ecce</strong></span> <span class='ocrx_word' id='word_1_700' title='bbox 3411 2962 3645 3018; x_wconf 90' lang='lat' dir='ltr'><strong>malum</strong></span> <span class='ocrx_word' id='word_1_701' title='bbox 3669 2961 3844 3018; x_wconf 75' lang='lat' dir='ltr'><strong>Judae</strong></span> <span class='ocrx_word' id='word_1_702' title='bbox 3865 2962 3930 3018; x_wconf 91' lang='lat' dir='ltr'><strong>in</strong></span> 
     </span>
    </p>
   </div>
   <div class='ocr_carea' id='block_1_94' title="bbox 2265 3052 3935 3124">
    <p class='ocr_par' dir='ltr' id='par_1_94' title="bbox 2265 3052 3935 3124">
     <span class='ocr_line' id='line_1_94' title="bbox 2265 3052 3935 3124; baseline -0.001 -16"><span class='ocrx_word' id='word_1_703' title='bbox 2265 3052 2496 3108; x_wconf 90' lang='lat' dir='ltr'><strong>bonum</strong></span> <span class='ocrx_word' id='word_1_704' title='bbox 2528 3067 2883 3108; x_wconf 91' lang='lat' dir='ltr'><strong>conversum</strong></span> <span class='ocrx_word' id='word_1_705' title='bbox 2911 3057 3017 3108; x_wconf 89' lang='lat' dir='ltr'><strong>est.</strong></span> <span class='ocrx_word' id='word_1_706' title='bbox 3046 3054 3299 3108; x_wconf 88' lang='lat' dir='ltr'><strong>Satanas</strong></span> <span class='ocrx_word' id='word_1_707' title='bbox 3331 3056 3590 3124; x_wconf 89' lang='lat' dir='ltr'><strong>quantos</strong></span> <span class='ocrx_word' id='word_1_708' title='bbox 3637 3055 3935 3124; x_wconf 82' lang='lat' dir='ltr'><strong>martyres</strong></span> 
     </span>
    </p>
   </div>
   <div class='ocr_carea' id='block_1_95' title="bbox 2265 3140 3938 3214">
    <p class='ocr_par' dir='ltr' id='par_1_95' title="bbox 2265 3140 3938 3214">
     <span class='ocr_line' id='line_1_95' title="bbox 2265 3140 3938 3214; baseline 0 -18"><span class='ocrx_word' id='word_1_709' title='bbox 2265 3146 2617 3214; x_wconf 88' lang='lat' dir='ltr'><strong>persecutus</strong></span> <span class='ocrx_word' id='word_1_710' title='bbox 2648 3145 2734 3196; x_wconf 89' lang='lat' dir='ltr'><strong>est</strong></span> <span class='ocrx_word' id='word_1_711' title='bbox 2768 3159 2781 3208; x_wconf 89' lang='lat'><strong>;</strong></span> <span class='ocrx_word' id='word_1_712' title='bbox 2817 3141 2867 3196; x_wconf 88' lang='lat' dir='ltr'><strong>si</strong></span> <span class='ocrx_word' id='word_1_713' title='bbox 2901 3143 3152 3197; x_wconf 89' lang='lat' dir='ltr'><strong>Satanas</strong></span> <span class='ocrx_word' id='word_1_714' title='bbox 3184 3157 3220 3196; x_wconf 90' lang='lat' dir='ltr'><strong>a</strong></span> <span class='ocrx_word' id='word_1_715' title='bbox 3268 3140 3691 3213; x_wconf 87' lang='lat' dir='ltr'><strong>persequendo</strong></span> <span class='ocrx_word' id='word_1_716' title='bbox 3736 3156 3938 3197; x_wconf 88' lang='lat' dir='ltr'><strong>cessa-</strong></span> 
     </span>
    </p>
   </div>
   <div class='ocr_carea' id='block_1_96' title="bbox 2264 3229 3936 3299">
    <p class='ocr_par' dir='ltr' id='par_1_96' title="bbox 2264 3229 3936 3299">
     <span class='ocr_line' id='line_1_96' title="bbox 2264 3229 3936 3299; baseline 0.001 -14"><span class='ocrx_word' id='word_1_717' title='bbox 2264 3234 2371 3297; x_wconf 91' lang='lat' dir='ltr'><strong>ret,</strong></span> <span class='ocrx_word' id='word_1_718' title='bbox 2394 3229 2573 3285; x_wconf 89' lang='lat' dir='ltr'><strong>hodie</strong></span> <span class='ocrx_word' id='word_1_719' title='bbox 2601 3235 2723 3285; x_wconf 89' lang='lat' dir='ltr'><strong>tam</strong></span> <span class='ocrx_word' id='word_1_720' title='bbox 2752 3229 3078 3299; x_wconf 86' lang='lat' dir='ltr'><strong>gloriosam</strong></span> <span class='ocrx_word' id='word_1_721' title='bbox 3101 3245 3389 3285; x_wconf 90' lang='lat' dir='ltr'><strong>coronam</strong></span> <span class='ocrx_word' id='word_1_722' title='bbox 3416 3229 3605 3285; x_wconf 90' lang='lat' dir='ltr'><strong>sancti</strong></span> <span class='ocrx_word' id='word_1_723' title='bbox 3628 3230 3936 3286; x_wconf 87' lang='lat' dir='ltr'><strong>Laurentii</strong></span> 
     </span>
    </p>
   </div>
   <div class='ocr_carea' id='block_1_97' title="bbox 2265 3317 3935 3392">
    <p class='ocr_par' dir='ltr' id='par_1_97' title="bbox 2265 3317 3935 3392">
     <span class='ocr_line' id='line_1_97' title="bbox 2265 3317 3935 3392; baseline 0.001 -18"><span class='ocrx_word' id='word_1_724' title='bbox 2265 3334 2387 3374; x_wconf 89' lang='lat' dir='ltr'><strong>non</strong></span> <span class='ocrx_word' id='word_1_725' title='bbox 2415 3318 2876 3374; x_wconf 89' lang='lat' dir='ltr'><strong>celebraremus.</strong></span> <span class='ocrx_word' id='word_1_726' title='bbox 2899 3319 2954 3373; x_wconf 90' lang='lat' dir='ltr'><strong>Si</strong></span> <span class='ocrx_word' id='word_1_727' title='bbox 2967 3334 3107 3390; x_wconf 87' lang='lat' dir='ltr'><strong>ergo</strong></span> <span class='ocrx_word' id='word_1_728' title='bbox 3140 3318 3329 3390; x_wconf 88' lang='lat' dir='ltr'><strong>ipsius</strong></span> <span class='ocrx_word' id='word_1_729' title='bbox 3343 3317 3568 3374; x_wconf 88' lang='lat' dir='ltr'><strong>diaboli</strong></span> <span class='ocrx_word' id='word_1_730' title='bbox 3589 3318 3768 3375; x_wconf 89' lang='lat' dir='ltr'><strong>malis</strong></span> <span class='ocrx_word' id='word_1_731' title='bbox 3786 3336 3935 3392; x_wconf 91' lang='lat' dir='ltr'><strong>ope-</strong></span> 
     </span>
    </p>
   </div>
   <div class='ocr_carea' id='block_1_98' title="bbox 2263 3407 3935 3480">
    <p class='ocr_par' dir='ltr' id='par_1_98' title="bbox 2263 3407 3935 3480">
     <span class='ocr_line' id='line_1_98' title="bbox 2263 3407 3935 3480; baseline 0 -17"><span class='ocrx_word' id='word_1_732' title='bbox 2263 3408 2430 3464; x_wconf 81' lang='lat' dir='ltr'><strong>ribus</strong></span> <span class='ocrx_word' id='word_1_733' title='bbox 2467 3407 2620 3463; x_wconf 91' lang='lat' dir='ltr'><strong>bene</strong></span> <span class='ocrx_word' id='word_1_734' title='bbox 2673 3407 2854 3462; x_wconf 88' lang='lat' dir='ltr'><strong>utitur</strong></span> <span class='ocrx_word' id='word_1_735' title='bbox 2900 3409 3072 3475; x_wconf 88' lang='lat' dir='ltr'><strong>Dcus,</strong></span> <span class='ocrx_word' id='word_1_736' title='bbox 3126 3407 3294 3480; x_wconf 91' lang='lat' dir='ltr'><strong>quod</strong></span> <span class='ocrx_word' id='word_1_737' title='bbox 3342 3407 3481 3463; x_wconf 81' lang='lat' dir='ltr'><strong>facit</strong></span> <span class='ocrx_word' id='word_1_738' title='bbox 3530 3407 3729 3463; x_wconf 89' lang='lat' dir='ltr'><strong>malus</strong></span> <span class='ocrx_word' id='word_1_739' title='bbox 3769 3409 3935 3464; x_wconf 88' lang='lat' dir='ltr'><strong>male</strong></span> 
     </span>
    </p>
   </div>
   <div class='ocr_carea' id='block_1_99' title="bbox 2267 3495 3932 3567">
    <p class='ocr_par' dir='ltr' id='par_1_99' title="bbox 2267 3495 3932 3567">
     <span class='ocr_line' id='line_1_99' title="bbox 2267 3495 3932 3567; baseline 0.001 -16"><span class='ocrx_word' id='word_1_740' title='bbox 2267 3497 2510 3560; x_wconf 90' lang='lat' dir='ltr'><strong>utendo,</strong></span> <span class='ocrx_word' id='word_1_741' title='bbox 2540 3495 2653 3551; x_wconf 89' lang='lat' dir='ltr'><strong>sibi</strong></span> <span class='ocrx_word' id='word_1_742' title='bbox 2679 3500 2874 3567; x_wconf 89' lang='lat' dir='ltr'><strong>nocet,</strong></span> <span class='ocrx_word' id='word_1_743' title='bbox 2904 3512 3028 3552; x_wconf 91' lang='lat' dir='ltr'><strong>non</strong></span> <span class='ocrx_word' id='word_1_744' title='bbox 3057 3496 3307 3553; x_wconf 90' lang='lat' dir='ltr'><strong>bonitati</strong></span> <span class='ocrx_word' id='word_1_745' title='bbox 3355 3495 3454 3552; x_wconf 92' lang='lat' dir='ltr'><strong>Dei</strong></span> <span class='ocrx_word' id='word_1_746' title='bbox 3514 3497 3883 3553; x_wconf 89' lang='lat' dir='ltr'><strong>contradicit</strong></span> <span class='ocrx_word' id='word_1_747' title='bbox 3920 3516 3932 3553; x_wconf 94' lang='lat'>:</span> 
     </span>
    </p>
   </div>
   <div class='ocr_carea' id='block_1_100' title="bbox 2266 3585 3938 3656">
    <p class='ocr_par' dir='ltr' id='par_1_100' title="bbox 2266 3585 3938 3656">
     <span class='ocr_line' id='line_1_100' title="bbox 2266 3585 3938 3656; baseline 0.002 -16"><span class='ocrx_word' id='word_1_748' title='bbox 2266 3585 2476 3641; x_wconf 82' lang='lat' dir='ltr'><strong>artifex</strong></span> <span class='ocrx_word' id='word_1_749' title='bbox 2500 3585 2599 3642; x_wconf 91' lang='lat' dir='ltr'><strong>illo</strong></span> <span class='ocrx_word' id='word_1_750' title='bbox 2631 3587 2832 3656; x_wconf 88' lang='lat' dir='ltr'><strong>utitur,</strong></span> <span class='ocrx_word' id='word_1_751' title='bbox 2856 3590 2913 3642; x_wconf 90' lang='lat' dir='ltr'><strong>et</strong></span> <span class='ocrx_word' id='word_1_752' title='bbox 2936 3601 3196 3656; x_wconf 86' lang='lat' dir='ltr'><strong>magnus</strong></span> <span class='ocrx_word' id='word_1_753' title='bbox 3224 3585 3452 3642; x_wconf 82' lang='lat' dir='ltr'><strong>artifex.</strong></span> <span class='ocrx_word' id='word_1_754' title='bbox 3480 3585 3536 3643; x_wconf 91' lang='lat' dir='ltr'><strong>Si</strong></span> <span class='ocrx_word' id='word_1_755' title='bbox 3555 3585 3658 3642; x_wconf 91' lang='lat' dir='ltr'><strong>illo</strong></span> <span class='ocrx_word' id='word_1_756' title='bbox 3689 3585 3773 3642; x_wconf 88' lang='lat' dir='ltr'><strong>uti</strong></span> <span class='ocrx_word' id='word_1_757' title='bbox 3802 3603 3938 3643; x_wconf 87' lang='lat' dir='ltr'><strong>non</strong></span> 
     </span>
    </p>
   </div>
   <div class='ocr_carea' id='block_1_101' title="bbox 2263 3675 3939 3748">
    <p class='ocr_par' dir='ltr' id='par_1_101' title="bbox 2263 3675 3939 3748">
     <span class='ocr_line' id='line_1_101' title="bbox 2263 3675 3939 3748; baseline 0.002 -18"><span class='ocrx_word' id='word_1_758' title='bbox 2263 3680 2486 3747; x_wconf 88' lang='lat' dir='ltr'><strong>posset,</strong></span> <span class='ocrx_word' id='word_1_759' title='bbox 2507 3691 2616 3731; x_wconf 90' lang='lat' dir='ltr'><strong>nec</strong></span> <span class='ocrx_word' id='word_1_760' title='bbox 2647 3692 2787 3731; x_wconf 90' lang='lat' dir='ltr'><strong>eum</strong></span> <span class='ocrx_word' id='word_1_761' title='bbox 2814 3691 2941 3731; x_wconf 92' lang='lat' dir='ltr'><strong>esse</strong></span> <span class='ocrx_word' id='word_1_762' title='bbox 2970 3675 3352 3748; x_wconf 89' lang='lat' dir='ltr'><strong>permitteret.</strong></span> <span class='ocrx_word' id='word_1_763' title='bbox 3413 3677 3579 3746; x_wconf 86' lang='lat' dir='ltr'><strong>Ergo</strong></span> <span class='ocrx_word' id='word_1_764' title='bbox 3638 3692 3795 3732; x_wconf 83' lang='lat' dir='ltr'><strong>unus</strong></span> <span class='ocrx_word' id='word_1_765' title='bbox 3864 3693 3939 3734; x_wconf 63' lang='lat' dir='ltr'><strong>ex</strong></span> 
     </span>
    </p>
   </div>
   <div class='ocr_carea' id='block_1_102' title="bbox 2266 3764 3940 3835">
    <p class='ocr_par' dir='ltr' id='par_1_102' title="bbox 2266 3764 3940 3835">
     <span class='ocr_line' id='line_1_102' title="bbox 2266 3764 3940 3835; baseline 0.002 -16"><span class='ocrx_word' id='word_1_766' title='bbox 2266 3765 2425 3820; x_wconf 81' lang='lat' dir='ltr'><strong>vobis</strong></span> <span class='ocrx_word' id='word_1_767' title='bbox 2455 3764 2727 3820; x_wconf 87' lang='lat' dir='ltr'><strong>diabolus</strong></span> <span class='ocrx_word' id='word_1_768' title='bbox 2750 3771 2852 3832; x_wconf 69' lang='lat' dir='ltr'><strong>est,</strong></span> <span class='ocrx_word' id='word_1_769' title='bbox 2883 3764 2982 3832; x_wconf 88' lang='lat' dir='ltr'><strong>ait,</strong></span> <span class='ocrx_word' id='word_1_770' title='bbox 3024 3780 3156 3821; x_wconf 88' lang='lat' dir='ltr'><strong>cum</strong></span> <span class='ocrx_word' id='word_1_771' title='bbox 3185 3779 3290 3835; x_wconf 90' lang='lat' dir='ltr'><strong>ego</strong></span> <span class='ocrx_word' id='word_1_772' title='bbox 3316 3779 3416 3821; x_wconf 90' lang='lat' dir='ltr'><strong>vos</strong></span> <span class='ocrx_word' id='word_1_773' title='bbox 3446 3765 3755 3822; x_wconf 86' lang='lat' dir='ltr'><strong>duodecim</strong></span> <span class='ocrx_word' id='word_1_774' title='bbox 3819 3768 3940 3823; x_wconf 86' lang='lat' dir='ltr'><strong>ele-</strong></span> 
     </span>
    </p>
   </div>
   <div class='ocr_carea' id='block_1_103' title="bbox 2263 3853 2934 3925">
    <p class='ocr_par' dir='ltr' id='par_1_103' title="bbox 2263 3853 2934 3925">
     <span class='ocr_line' id='line_1_103' title="bbox 2263 3853 2934 3925; baseline 0 -17"><span class='ocrx_word' id='word_1_775' title='bbox 2263 3854 2452 3924; x_wconf 87' lang='lat' dir='ltr'><strong>gerim</strong></span> <span class='ocrx_word' id='word_1_776' title='bbox 2483 3853 2678 3924; x_wconf 86' lang='lat' dir='ltr'><strong>(Joan.</strong></span> <span class='ocrx_word' id='word_1_777' title='bbox 2705 3870 2786 3924; x_wconf 80' lang='lat' dir='ltr'><strong>vr,</strong></span> <span class='ocrx_word' id='word_1_778' title='bbox 2820 3858 2879 3910; x_wconf 78' lang='grc' dir='ltr'>Ἡ</span> <span class='ocrx_word' id='word_1_779' title='bbox 2895 3854 2934 3925; x_wconf 89' lang='lat'><strong>;)</strong></span> 
     </span>
    </p>
   </div>
   <div class='ocr_carea' id='block_1_104' title="bbox 2335 3942 3944 4014">
    <p class='ocr_par' dir='ltr' id='par_1_104' title="bbox 2335 3942 3944 4014">
     <span class='ocr_line' id='line_1_104' title="bbox 2335 3942 3944 4014; baseline 0.002 -17"><span class='ocrx_word' id='word_1_780' title='bbox 2335 3943 2376 4012; x_wconf 81' lang='grc' dir='ltr'><strong>-ι-</strong></span> <span class='ocrx_word' id='word_1_781' title='bbox 2405 3943 2565 3998; x_wconf 84' lang='lat' dir='ltr'><strong>Idem</strong></span> <span class='ocrx_word' id='word_1_782' title='bbox 2595 3943 2657 3998; x_wconf 91' lang='lat' dir='ltr'><strong>in</strong></span> <span class='ocrx_word' id='word_1_783' title='bbox 2687 3942 2937 3999; x_wconf 90' lang='lat' dir='ltr'><strong>homilia</strong></span> <span class='ocrx_word' id='word_1_784' title='bbox 2973 3949 3025 4009; x_wconf 81' lang='lat'><strong>&#39;7,</strong></span> <span class='ocrx_word' id='word_1_785' title='bbox 3049 3943 3123 3998; x_wconf 92' lang='lat' dir='ltr'><strong>de</strong></span> <span class='ocrx_word' id='word_1_786' title='bbox 3183 3945 3365 3999; x_wconf 67' lang='lat' dir='ltr'><strong>Cinna</strong></span> <span class='ocrx_word' id='word_1_787' title='bbox 3422 3943 3679 3999; x_wconf 85' lang='lat' dir='ltr'><strong>Domini.</strong></span> <span class='ocrx_word' id='word_1_788' title='bbox 3741 3943 3944 4014; x_wconf 76' lang='lat' dir='ltr'><strong>[Unus</strong></span> 
     </span>
    </p>
   </div>
   <div class='ocr_carea' id='block_1_105' title="bbox 2263 4033 3942 4104">
    <p class='ocr_par' dir='ltr' id='par_1_105' title="bbox 2263 4033 3942 4104">
     <span class='ocr_line' id='line_1_105' title="bbox 2263 4033 3942 4104; baseline 0.001 -16"><span class='ocrx_word' id='word_1_789' title='bbox 2263 4047 2340 4088; x_wconf 70' lang='lat' dir='ltr'><strong>ex</strong></span> <span class='ocrx_word' id='word_1_790' title='bbox 2369 4033 2527 4088; x_wconf 87' lang='lat' dir='ltr'><strong>vobis</strong></span> <span class='ocrx_word' id='word_1_791' title='bbox 2558 4033 2757 4089; x_wconf 84' lang='lat' dir='ltr'><strong>tradet</strong></span> <span class='ocrx_word' id='word_1_792' title='bbox 2786 4048 2877 4089; x_wconf 89' lang='lat' dir='ltr'><strong>me</strong></span> <span class='ocrx_word' id='word_1_793' title='bbox 2905 4034 3104 4104; x_wconf 87' lang='lat' dir='ltr'><strong>(Joan.</strong></span> <span class='ocrx_word' id='word_1_794' title='bbox 3127 4049 3249 4100; x_wconf 86' lang='lat' dir='ltr'><strong>xm,</strong></span> <span class='ocrx_word' id='word_1_795' title='bbox 3282 4035 3392 4104; x_wconf 83' lang='lat'><strong>21),</strong></span> <span class='ocrx_word' id='word_1_796' title='bbox 3417 4049 3574 4089; x_wconf 88' lang='lat' dir='ltr'><strong>unus</strong></span> <span class='ocrx_word' id='word_1_797' title='bbox 3629 4050 3700 4090; x_wconf 84' lang='lat' dir='ltr'><strong>ex</strong></span> <span class='ocrx_word' id='word_1_798' title='bbox 3750 4035 3942 4092; x_wconf 82' lang='lat' dir='ltr'><strong>vobis</strong></span> 
     </span>
    </p>
   </div>
   <div class='ocr_carea' id='block_1_106' title="bbox 2264 4121 3944 4194">
    <p class='ocr_par' dir='ltr' id='par_1_106' title="bbox 2264 4121 3944 4194">
     <span class='ocr_line' id='line_1_106' title="bbox 2264 4121 3944 4194; baseline 0.002 -18"><span class='ocrx_word' id='word_1_799' title='bbox 2264 4136 2518 4176; x_wconf 90' lang='lat' dir='ltr'><strong>numero</strong></span> <span class='ocrx_word' id='word_1_800' title='bbox 2545 4136 2668 4176; x_wconf 91' lang='lat' dir='ltr'><strong>non</strong></span> <span class='ocrx_word' id='word_1_801' title='bbox 2698 4121 2933 4192; x_wconf 89' lang='lat' dir='ltr'><strong>merito,</strong></span> <span class='ocrx_word' id='word_1_802' title='bbox 2969 4122 3166 4194; x_wconf 88' lang='lat' dir='ltr'><strong>specie</strong></span> <span class='ocrx_word' id='word_1_803' title='bbox 3186 4137 3312 4178; x_wconf 90' lang='lat' dir='ltr'><strong>non</strong></span> <span class='ocrx_word' id='word_1_804' title='bbox 3341 4123 3576 4192; x_wconf 85' lang='lat' dir='ltr'><strong>virtute,</strong></span> <span class='ocrx_word' id='word_1_805' title='bbox 3638 4124 3944 4180; x_wconf 84' lang='lat' dir='ltr'><strong>commix-</strong></span> 
     </span>
    </p>
   </div>
   <div class='ocr_carea' id='block_1_107' title="bbox 2265 4210 3946 4285">
    <p class='ocr_par' dir='ltr' id='par_1_107' title="bbox 2265 4210 3946 4285">
     <span class='ocr_line' id='line_1_107' title="bbox 2265 4210 3946 4285; baseline 0.002 -19"><span class='ocrx_word' id='word_1_806' title='bbox 2265 4210 2421 4266; x_wconf 89' lang='lat' dir='ltr'><strong>tione</strong></span> <span class='ocrx_word' id='word_1_807' title='bbox 2447 4210 2764 4281; x_wconf 89' lang='lat' dir='ltr'><strong>corporali,</strong></span> <span class='ocrx_word' id='word_1_808' title='bbox 2797 4225 2920 4266; x_wconf 90' lang='lat' dir='ltr'><strong>non</strong></span> <span class='ocrx_word' id='word_1_809' title='bbox 2970 4211 3207 4267; x_wconf 90' lang='lat' dir='ltr'><strong>vinculo</strong></span> <span class='ocrx_word' id='word_1_810' title='bbox 3263 4212 3528 4285; x_wconf 87' lang='lat' dir='ltr'><strong>spiritali,</strong></span> <span class='ocrx_word' id='word_1_811' title='bbox 3591 4214 3790 4269; x_wconf 89' lang='lat' dir='ltr'><strong>carnis</strong></span> <span class='ocrx_word' id='word_1_812' title='bbox 3840 4214 3946 4269; x_wconf 81' lang='lat' dir='ltr'><strong>ad-</strong></span> 
     </span>
    </p>
   </div>
   <div class='ocr_carea' id='block_1_108' title="bbox 2260 4299 3945 4375">
    <p class='ocr_par' dir='ltr' id='par_1_108' title="bbox 2260 4299 3945 4375">
     <span class='ocr_line' id='line_1_108' title="bbox 2260 4299 3945 4375; baseline 0.004 -21"><span class='ocrx_word' id='word_1_813' title='bbox 2260 4299 2590 4370; x_wconf 89' lang='lat' dir='ltr'><strong>junctione,</strong></span> <span class='ocrx_word' id='word_1_814' title='bbox 2621 4315 2745 4355; x_wconf 90' lang='lat' dir='ltr'><strong>non</strong></span> <span class='ocrx_word' id='word_1_815' title='bbox 2773 4301 2972 4357; x_wconf 89' lang='lat' dir='ltr'><strong>cordis</strong></span> <span class='ocrx_word' id='word_1_816' title='bbox 3004 4303 3200 4357; x_wconf 91' lang='lat' dir='ltr'><strong>socius</strong></span> <span class='ocrx_word' id='word_1_817' title='bbox 3233 4304 3455 4359; x_wconf 89' lang='lat' dir='ltr'><strong>unitate</strong></span> <span class='ocrx_word' id='word_1_818' title='bbox 3483 4320 3495 4358; x_wconf 92' lang='lat'><strong>:</strong></span> <span class='ocrx_word' id='word_1_819' title='bbox 3524 4303 3778 4375; x_wconf 88' lang='lat' dir='ltr'><strong>proinde</strong></span> <span class='ocrx_word' id='word_1_820' title='bbox 3812 4320 3945 4360; x_wconf 89' lang='lat' dir='ltr'><strong>non</strong></span> 
     </span>
    </p>
   </div>
   <div class='ocr_carea' id='block_1_109' title="bbox 2265 4388 3940 4463">
    <p class='ocr_par' dir='ltr' id='par_1_109' title="bbox 2265 4388 3940 4463">
     <span class='ocr_line' id='line_1_109' title="bbox 2265 4388 3940 4463; baseline 0.003 -20"><span class='ocrx_word' id='word_1_821' title='bbox 2265 4389 2368 4460; x_wconf 89' lang='lat' dir='ltr'><strong>qui</strong></span> <span class='ocrx_word' id='word_1_822' title='bbox 2399 4405 2471 4443; x_wconf 91' lang='lat' dir='ltr'><strong>ex</strong></span> <span class='ocrx_word' id='word_1_823' title='bbox 2496 4388 2665 4444; x_wconf 89' lang='lat' dir='ltr'><strong>vobis</strong></span> <span class='ocrx_word' id='word_1_824' title='bbox 2693 4393 2800 4457; x_wconf 86' lang='lat' dir='ltr'><strong>est,</strong></span> <span class='ocrx_word' id='word_1_825' title='bbox 2834 4391 2939 4446; x_wconf 90' lang='lat' dir='ltr'><strong>sed</strong></span> <span class='ocrx_word' id='word_1_826' title='bbox 2986 4392 3092 4463; x_wconf 89' lang='lat' dir='ltr'><strong>qui</strong></span> <span class='ocrx_word' id='word_1_827' title='bbox 3144 4407 3215 4447; x_wconf 89' lang='lat' dir='ltr'><strong>ex</strong></span> <span class='ocrx_word' id='word_1_828' title='bbox 3271 4391 3443 4448; x_wconf 90' lang='lat' dir='ltr'><strong>vobis</strong></span> <span class='ocrx_word' id='word_1_829' title='bbox 3496 4392 3766 4448; x_wconf 82' lang='lat' dir='ltr'><strong>exiturus</strong></span> <span class='ocrx_word' id='word_1_830' title='bbox 3829 4398 3940 4450; x_wconf 87' lang='lat' dir='ltr'><strong>est.</strong></span> 
     </span>
    </p>
   </div>
   <div class='ocr_carea' id='block_1_110' title="bbox 2265 4479 3945 4554">
    <p class='ocr_par' dir='ltr' id='par_1_110' title="bbox 2265 4479 3945 4554">
     <span class='ocr_line' id='line_1_110' title="bbox 2265 4479 3945 4554; baseline 0.002 -20"><span class='ocrx_word' id='word_1_831' title='bbox 2265 4482 2413 4534; x_wconf 83' lang='lat' dir='ltr'><strong>Nam</strong></span> <span class='ocrx_word' id='word_1_832' title='bbox 2443 4479 2755 4551; x_wconf 91' lang='lat' dir='ltr'><strong>quomodo</strong></span> <span class='ocrx_word' id='word_1_833' title='bbox 2783 4480 2889 4534; x_wconf 86' lang='lat' dir='ltr'><strong>erit</strong></span> <span class='ocrx_word' id='word_1_834' title='bbox 2942 4497 3152 4537; x_wconf 90' lang='lat' dir='ltr'><strong>verum</strong></span> <span class='ocrx_word' id='word_1_835' title='bbox 3202 4481 3368 4554; x_wconf 90' lang='lat' dir='ltr'><strong>quod</strong></span> <span class='ocrx_word' id='word_1_836' title='bbox 3425 4487 3790 4554; x_wconf 87' lang='lat' dir='ltr'><strong>protestatus</strong></span> <span class='ocrx_word' id='word_1_837' title='bbox 3856 4488 3945 4538; x_wconf 89' lang='lat' dir='ltr'><strong>est</strong></span> 
     </span>
    </p>
   </div>
   <div class='ocr_carea' id='block_1_111' title="bbox 2261 4568 3944 4643">
    <p class='ocr_par' dir='ltr' id='par_1_111' title="bbox 2261 4568 3944 4643">
     <span class='ocr_line' id='line_1_111' title="bbox 2261 4568 3944 4643; baseline 0.002 -20"><span class='ocrx_word' id='word_1_838' title='bbox 2261 4570 2429 4623; x_wconf 85' lang='lat' dir='ltr'><strong>Jesus</strong></span> <span class='ocrx_word' id='word_1_839' title='bbox 2459 4573 2515 4623; x_wconf 90' lang='lat' dir='ltr'><strong>et</strong></span> <span class='ocrx_word' id='word_1_840' title='bbox 2542 4568 2710 4640; x_wconf 85' lang='lat' dir='ltr'><strong>dixit,</strong></span> <span class='ocrx_word' id='word_1_841' title='bbox 2729 4584 2884 4625; x_wconf 87' lang='lat' dir='ltr'><strong>unus</strong></span> <span class='ocrx_word' id='word_1_842' title='bbox 2914 4585 2990 4626; x_wconf 73' lang='lat' dir='ltr'><strong>ea:</strong></span> <span class='ocrx_word' id='word_1_843' title='bbox 3013 4571 3217 4627; x_wconf 78' lang='lat' dir='ltr'><strong>vobis?</strong></span> <span class='ocrx_word' id='word_1_844' title='bbox 3249 4571 3305 4627; x_wconf 90' lang='lat' dir='ltr'><strong>Si</strong></span> <span class='ocrx_word' id='word_1_845' title='bbox 3327 4586 3538 4626; x_wconf 90' lang='lat' dir='ltr'><strong>verum</strong></span> <span class='ocrx_word' id='word_1_846' title='bbox 3555 4573 3646 4626; x_wconf 90' lang='lat' dir='ltr'><strong>est</strong></span> <span class='ocrx_word' id='word_1_847' title='bbox 3661 4571 3838 4643; x_wconf 92' lang='lat' dir='ltr'><strong>quod</strong></span> <span class='ocrx_word' id='word_1_848' title='bbox 3862 4572 3944 4628; x_wconf 86' lang='lat' dir='ltr'><strong>ait</strong></span> 
     </span>
    </p>
   </div>
   <div class='ocr_carea' id='block_1_112' title="bbox 2258 4657 3945 4731">
    <p class='ocr_par' dir='ltr' id='par_1_112' title="bbox 2258 4657 3945 4731">
     <span class='ocr_line' id='line_1_112' title="bbox 2258 4657 3945 4731; baseline 0.001 -17"><span class='ocrx_word' id='word_1_849' title='bbox 2258 4657 2421 4714; x_wconf 89' lang='lat' dir='ltr'><strong>idem</strong></span> <span class='ocrx_word' id='word_1_850' title='bbox 2450 4658 2577 4730; x_wconf 91' lang='lat' dir='ltr'><strong>ipse</strong></span> <span class='ocrx_word' id='word_1_851' title='bbox 2610 4658 2671 4713; x_wconf 91' lang='lat' dir='ltr'><strong>in</strong></span> <span class='ocrx_word' id='word_1_852' title='bbox 2695 4658 2957 4731; x_wconf 90' lang='lat' dir='ltr'><strong>Epistola</strong></span> <span class='ocrx_word' id='word_1_853' title='bbox 2987 4676 3100 4717; x_wconf 91' lang='lat' dir='ltr'><strong>sua</strong></span> <span class='ocrx_word' id='word_1_854' title='bbox 3130 4660 3303 4731; x_wconf 92' lang='lat' dir='ltr'><strong>cujus</strong></span> <span class='ocrx_word' id='word_1_855' title='bbox 3353 4665 3442 4716; x_wconf 90' lang='lat' dir='ltr'><strong>est</strong></span> <span class='ocrx_word' id='word_1_856' title='bbox 3489 4661 3604 4716; x_wconf 90' lang='lat' dir='ltr'><strong>hoc</strong></span> <span class='ocrx_word' id='word_1_857' title='bbox 3664 4662 3945 4729; x_wconf 62' lang='lat' dir='ltr'><strong>EVange-</strong></span> 
     </span>
    </p>
   </div>
   <div class='ocr_carea' id='block_1_113' title="bbox 2257 4747 3943 4816">
    <p class='ocr_par' dir='ltr' id='par_1_113' title="bbox 2257 4747 3943 4816">
     <span class='ocr_line' id='line_1_113' title="bbox 2257 4747 3943 4816; baseline 0.003 -13"><span class='ocrx_word' id='word_1_858' title='bbox 2257 4747 2407 4804; x_wconf 90' lang='lat' dir='ltr'><strong>lium</strong></span> <span class='ocrx_word' id='word_1_859' title='bbox 2441 4765 2453 4803; x_wconf 94' lang='lat'><strong>:</strong></span> <span class='ocrx_word' id='word_1_860' title='bbox 2491 4749 2586 4805; x_wconf 66' lang='lat' dir='ltr'><strong>Ez-</strong></span> <span class='ocrx_word' id='word_1_861' title='bbox 2614 4749 2780 4804; x_wconf 86' lang='lat' dir='ltr'><strong>nobis</strong></span> <span class='ocrx_word' id='word_1_862' title='bbox 2807 4751 3114 4816; x_wconf 71' lang='lat' dir='ltr'><strong>ezeierunt,</strong></span> <span class='ocrx_word' id='word_1_863' title='bbox 3138 4751 3240 4806; x_wconf 90' lang='lat' dir='ltr'><strong>sed</strong></span> <span class='ocrx_word' id='word_1_864' title='bbox 3269 4765 3388 4806; x_wconf 77' lang='lat' dir='ltr'><strong>non</strong></span> <span class='ocrx_word' id='word_1_865' title='bbox 3417 4754 3591 4806; x_wconf 81' lang='lat' dir='ltr'><strong>erant</strong></span> <span class='ocrx_word' id='word_1_866' title='bbox 3611 4765 3686 4806; x_wconf 79' lang='lat' dir='ltr'><strong>ea:</strong></span> <span class='ocrx_word' id='word_1_867' title='bbox 3711 4750 3893 4807; x_wconf 84' lang='lat' dir='ltr'><strong>nobis</strong></span> <span class='ocrx_word' id='word_1_868' title='bbox 3914 4752 3943 4807; x_wconf 85' lang='lat'><strong>?</strong></span> 
     </span>
    </p>
   </div>
   <div class='ocr_carea' id='block_1_114' title="bbox 2259 4841 3945 4912">
    <p class='ocr_par' dir='ltr' id='par_1_114' title="bbox 2259 4841 3945 4912">
     <span class='ocr_line' id='line_1_114' title="bbox 2259 4841 3945 4912; baseline 0.001 -18"><span class='ocrx_word' id='word_1_869' title='bbox 2259 4855 2402 4895; x_wconf 88' lang='lat' dir='ltr'><strong>nam</strong></span> <span class='ocrx_word' id='word_1_870' title='bbox 2427 4841 2480 4895; x_wconf 89' lang='lat' dir='ltr'><strong>si</strong></span> <span class='ocrx_word' id='word_1_871' title='bbox 2501 4841 2758 4911; x_wconf 78' lang='lat' dir='ltr'><strong>fuissent</strong></span> <span class='ocrx_word' id='word_1_872' title='bbox 2791 4856 2865 4896; x_wconf 67' lang='lat' dir='ltr'><strong>ex</strong></span> <span class='ocrx_word' id='word_1_873' title='bbox 2893 4842 3080 4905; x_wconf 85' lang='lat' dir='ltr'><strong>nobis,</strong></span> <span class='ocrx_word' id='word_1_874' title='bbox 3104 4841 3456 4896; x_wconf 87' lang='lat' dir='ltr'><strong>mansissent</strong></span> <span class='ocrx_word' id='word_1_875' title='bbox 3486 4842 3692 4912; x_wconf 82' lang='lat' dir='ltr'><strong>utique</strong></span> <span class='ocrx_word' id='word_1_876' title='bbox 3738 4843 3945 4896; x_wconf 87' lang='lat' dir='ltr'><strong>nobis-</strong></span> 
     </span>
    </p>
   </div>
   <div class='ocr_carea' id='block_1_115' title="bbox 2262 4929 3946 5001">
    <p class='ocr_par' dir='ltr' id='par_1_115' title="bbox 2262 4929 3946 5001">
     <span class='ocr_line' id='line_1_115' title="bbox 2262 4929 3946 5001; baseline 0.002 -18"><span class='ocrx_word' id='word_1_877' title='bbox 2262 4930 2464 5001; x_wconf 86' lang='lat' dir='ltr'><strong>cum([</strong></span> <span class='ocrx_word' id='word_1_878' title='bbox 2479 4931 2656 4986; x_wconf 80' lang='lat' dir='ltr'><strong>Joan.</strong></span> <span class='ocrx_word' id='word_1_879' title='bbox 2691 4946 2750 4998; x_wconf 86' lang='grc' dir='ltr'><strong>ιι,</strong></span> <span class='ocrx_word' id='word_1_880' title='bbox 2791 4931 2895 5001; x_wconf 76' lang='lat' dir='ltr'><strong>t9),</strong></span> <span class='ocrx_word' id='word_1_881' title='bbox 2931 4929 3263 4985; x_wconf 87' lang='lat' dir='ltr'><strong>secundum</strong></span> <span class='ocrx_word' id='word_1_882' title='bbox 3298 4929 3802 4986; x_wconf 86' lang='lat' dir='ltr'><strong>communionem</strong></span> <span class='ocrx_word' id='word_1_883' title='bbox 3853 4947 3946 4986; x_wconf 87' lang='lat' dir='ltr'><strong>sa-</strong></span> 
     </span>
    </p>
   </div>
   <div class='ocr_carea' id='block_1_116' title="bbox 2261 5019 3948 5094">
    <p class='ocr_par' dir='ltr' id='par_1_116' title="bbox 2261 5019 3948 5094">
     <span class='ocr_line' id='line_1_116' title="bbox 2261 5019 3948 5094; baseline 0.002 -21"><span class='ocrx_word' id='word_1_884' title='bbox 2261 5023 2707 5074; x_wconf 89' lang='lat' dir='ltr'><strong>cramentorum</strong></span> <span class='ocrx_word' id='word_1_885' title='bbox 2734 5035 2807 5075; x_wconf 85' lang='lat' dir='ltr'><strong>ex</strong></span> <span class='ocrx_word' id='word_1_886' title='bbox 2826 5019 3040 5086; x_wconf 88' lang='lat' dir='ltr'><strong>nobis;</strong></span> <span class='ocrx_word' id='word_1_887' title='bbox 3101 5019 3437 5075; x_wconf 89' lang='lat' dir='ltr'><strong>secundum</strong></span> <span class='ocrx_word' id='word_1_888' title='bbox 3489 5035 3741 5076; x_wconf 87' lang='lat' dir='ltr'><strong>suorum</strong></span> <span class='ocrx_word' id='word_1_889' title='bbox 3804 5036 3948 5094; x_wconf 87' lang='lat' dir='ltr'><strong>pro-</strong></span> 
     </span>
    </p>
   </div>
   <div class='ocr_carea' id='block_1_117' title="bbox 2260 5107 3427 5181">
    <p class='ocr_par' dir='ltr' id='par_1_117' title="bbox 2260 5107 3427 5181">
     <span class='ocr_line' id='line_1_117' title="bbox 2260 5107 3427 5181; baseline 0.002 -19"><span class='ocrx_word' id='word_1_890' title='bbox 2260 5107 2572 5179; x_wconf 89' lang='lat' dir='ltr'><strong>prietatem</strong></span> <span class='ocrx_word' id='word_1_891' title='bbox 2600 5108 2921 5164; x_wconf 89' lang='lat' dir='ltr'><strong>criminum</strong></span> <span class='ocrx_word' id='word_1_892' title='bbox 2946 5123 3069 5164; x_wconf 91' lang='lat' dir='ltr'><strong>non</strong></span> <span class='ocrx_word' id='word_1_893' title='bbox 3103 5124 3176 5163; x_wconf 88' lang='lat' dir='ltr'><strong>ex</strong></span> <span class='ocrx_word' id='word_1_894' title='bbox 3203 5108 3427 5181; x_wconf 70' lang='lat' dir='ltr'><strong>nobis]</strong></span> 
     </span>
    </p>
   </div>
   <div class='ocr_carea' id='block_1_118' title="bbox 2332 5195 3947 5270">
    <p class='ocr_par' dir='ltr' id='par_1_118' title="bbox 2332 5195 3947 5270">
     <span class='ocr_line' id='line_1_118' title="bbox 2332 5195 3947 5270; baseline 0.003 -19"><span class='ocrx_word' id='word_1_895' title='bbox 2332 5197 2374 5266; x_wconf 76' lang='grc' dir='ltr'><strong>-ι-</strong></span> <span class='ocrx_word' id='word_1_896' title='bbox 2396 5195 2559 5252; x_wconf 91' lang='lat' dir='ltr'><strong>Idem</strong></span> <span class='ocrx_word' id='word_1_897' title='bbox 2580 5196 2642 5252; x_wconf 93' lang='lat' dir='ltr'><strong>in</strong></span> <span class='ocrx_word' id='word_1_898' title='bbox 2660 5196 2910 5253; x_wconf 91' lang='lat' dir='ltr'><strong>homilia</strong></span> <span class='ocrx_word' id='word_1_899' title='bbox 2927 5202 3014 5266; x_wconf 79' lang='lat'><strong>32,</strong></span> <span class='ocrx_word' id='word_1_900' title='bbox 3038 5197 3113 5254; x_wconf 89' lang='lat' dir='ltr'><strong>de</strong></span> <span class='ocrx_word' id='word_1_901' title='bbox 3135 5199 3321 5254; x_wconf 75' lang='lat' dir='ltr'><strong>Coana</strong></span> <span class='ocrx_word' id='word_1_902' title='bbox 3342 5198 3593 5254; x_wconf 91' lang='lat' dir='ltr'><strong>Domini.</strong></span> <span class='ocrx_word' id='word_1_903' title='bbox 3651 5201 3821 5270; x_wconf 81' lang='lat' dir='ltr'><strong>[Non</strong></span> <span class='ocrx_word' id='word_1_904' title='bbox 3847 5216 3947 5257; x_wconf 79' lang='lat' dir='ltr'><strong>vos</strong></span> 
     </span>
    </p>
   </div>
   <div class='ocr_carea' id='block_1_119' title="bbox 2260 5287 3950 5359">
    <p class='ocr_par' dir='ltr' id='par_1_119' title="bbox 2260 5287 3950 5359">
     <span class='ocr_line' id='line_1_119' title="bbox 2260 5287 3950 5359; baseline 0.001 -18"><span class='ocrx_word' id='word_1_905' title='bbox 2260 5301 2351 5342; x_wconf 88' lang='lat' dir='ltr'><strong>me</strong></span> <span class='ocrx_word' id='word_1_906' title='bbox 2381 5287 2660 5357; x_wconf 87' lang='lat' dir='ltr'><strong>elegistis,</strong></span> <span class='ocrx_word' id='word_1_907' title='bbox 2684 5288 2786 5343; x_wconf 90' lang='lat' dir='ltr'><strong>sed</strong></span> <span class='ocrx_word' id='word_1_908' title='bbox 2805 5303 2909 5358; x_wconf 89' lang='lat' dir='ltr'><strong>ego</strong></span> <span class='ocrx_word' id='word_1_909' title='bbox 2933 5289 3084 5358; x_wconf 87' lang='lat' dir='ltr'><strong>elegi</strong></span> <span class='ocrx_word' id='word_1_910' title='bbox 3112 5303 3211 5344; x_wconf 89' lang='lat' dir='ltr'><strong>vos</strong></span> <span class='ocrx_word' id='word_1_911' title='bbox 3233 5289 3431 5359; x_wconf 87' lang='lat' dir='ltr'><strong>(Joan.</strong></span> <span class='ocrx_word' id='word_1_912' title='bbox 3448 5305 3549 5359; x_wconf 87' lang='lat' dir='ltr'><strong>xv,</strong></span> <span class='ocrx_word' id='word_1_913' title='bbox 3579 5293 3690 5356; x_wconf 76' lang='grc'><strong>16),</strong></span> <span class='ocrx_word' id='word_1_914' title='bbox 3707 5290 3850 5346; x_wconf 73' lang='lat' dir='ltr'><strong>haec</strong></span> <span class='ocrx_word' id='word_1_915' title='bbox 3863 5294 3950 5344; x_wconf 85' lang='lat' dir='ltr'><strong>est</strong></span> 
     </span>
    </p>
   </div>
   <div class='ocr_carea' id='block_1_120' title="bbox 2262 5375 3946 5451">
    <p class='ocr_par' dir='ltr' id='par_1_120' title="bbox 2262 5375 3946 5451">
     <span class='ocr_line' id='line_1_120' title="bbox 2262 5375 3946 5451; baseline 0.002 -23"><span class='ocrx_word' id='word_1_916' title='bbox 2262 5375 2362 5430; x_wconf 91' lang='lat' dir='ltr'><strong>illa</strong></span> <span class='ocrx_word' id='word_1_917' title='bbox 2384 5375 2700 5431; x_wconf 79' lang='lat' dir='ltr'><strong>ineffabilis</strong></span> <span class='ocrx_word' id='word_1_918' title='bbox 2732 5376 2941 5445; x_wconf 86' lang='lat' dir='ltr'><strong>gratia.</strong></span> <span class='ocrx_word' id='word_1_919' title='bbox 3005 5377 3158 5442; x_wconf 86' lang='lat' dir='ltr'><strong>Quid</strong></span> <span class='ocrx_word' id='word_1_920' title='bbox 3180 5377 3339 5433; x_wconf 88' lang='lat' dir='ltr'><strong>enim</strong></span> <span class='ocrx_word' id='word_1_921' title='bbox 3397 5393 3640 5433; x_wconf 88' lang='lat' dir='ltr'><strong>eramus</strong></span> <span class='ocrx_word' id='word_1_922' title='bbox 3684 5377 3946 5451; x_wconf 86' lang='lat' dir='ltr'><strong>quando</strong></span> 
     </span>
    </p>
   </div>
   <div class='ocr_carea' id='block_1_121' title="bbox 2263 5465 3950 5537">
    <p class='ocr_par' dir='ltr' id='par_1_121' title="bbox 2263 5465 3950 5537">
     <span class='ocr_line' id='line_1_121' title="bbox 2263 5465 3950 5537; baseline 0.003 -19"><span class='ocrx_word' id='word_1_923' title='bbox 2263 5465 2566 5521; x_wconf 84' lang='lat' dir='ltr'><strong>Christum</strong></span> <span class='ocrx_word' id='word_1_924' title='bbox 2589 5466 2858 5522; x_wconf 89' lang='lat' dir='ltr'><strong>nondum</strong></span> <span class='ocrx_word' id='word_1_925' title='bbox 2886 5467 3282 5537; x_wconf 88' lang='lat' dir='ltr'><strong>elegeramus,</strong></span> <span class='ocrx_word' id='word_1_926' title='bbox 3299 5467 3504 5524; x_wconf 89' lang='lat' dir='ltr'><strong>etideo</strong></span> <span class='ocrx_word' id='word_1_927' title='bbox 3517 5468 3796 5523; x_wconf 90' lang='lat' dir='ltr'><strong>nondum</strong></span> <span class='ocrx_word' id='word_1_928' title='bbox 3816 5467 3950 5524; x_wconf 83' lang='lat' dir='ltr'><strong>dili-</strong></span> 
     </span>
    </p>
   </div>
   <div class='ocr_carea' id='block_1_122' title="bbox 2264 5553 3946 5629">
    <p class='ocr_par' dir='ltr' id='par_1_122' title="bbox 2264 5553 3946 5629">
     <span class='ocr_line' id='line_1_122' title="bbox 2264 5553 3946 5629; baseline 0.001 -21"><span class='ocrx_word' id='word_1_929' title='bbox 2264 5553 2559 5622; x_wconf 87' lang='lat' dir='ltr'><strong>gebamus</strong></span> <span class='ocrx_word' id='word_1_930' title='bbox 2580 5555 2606 5609; x_wconf 80' lang='lat'><strong><em>?</em></strong></span> <span class='ocrx_word' id='word_1_931' title='bbox 2623 5570 2766 5612; x_wconf 89' lang='lat' dir='ltr'><strong>nam</strong></span> <span class='ocrx_word' id='word_1_932' title='bbox 2779 5555 2882 5626; x_wconf 90' lang='lat' dir='ltr'><strong>qui</strong></span> <span class='ocrx_word' id='word_1_933' title='bbox 2894 5569 3033 5611; x_wconf 87' lang='lat' dir='ltr'><strong>eum</strong></span> <span class='ocrx_word' id='word_1_934' title='bbox 3048 5571 3168 5612; x_wconf 92' lang='lat' dir='ltr'><strong>non</strong></span> <span class='ocrx_word' id='word_1_935' title='bbox 3185 5556 3364 5627; x_wconf 89' lang='lat' dir='ltr'><strong>eligit,</strong></span> <span class='ocrx_word' id='word_1_936' title='bbox 3378 5556 3691 5629; x_wconf 81' lang='lat' dir='ltr'><strong>quomOdo</strong></span> <span class='ocrx_word' id='word_1_937' title='bbox 3711 5572 3840 5612; x_wconf 91' lang='lat' dir='ltr'><strong>non</strong></span> <span class='ocrx_word' id='word_1_938' title='bbox 3857 5556 3946 5611; x_wconf 84' lang='lat' dir='ltr'><strong>di-</strong></span> 
     </span>
    </p>
   </div>
   <div class='ocr_carea' id='block_1_123' title="bbox 2259 5636 3945 5714">
    <p class='ocr_par' dir='ltr' id='par_1_123' title="bbox 2259 5636 3945 5714">
     <span class='ocr_line' id='line_1_123' title="bbox 2259 5636 3945 5714; baseline 0.004 -21"><span class='ocrx_word' id='word_1_939' title='bbox 2259 5636 2425 5709; x_wconf 85' lang='lat' dir='ltr'><strong>ligit?</strong></span> <span class='ocrx_word' id='word_1_940' title='bbox 2450 5639 2943 5712; x_wconf 87' lang='lat' dir='ltr'><strong>Nunquidjamin</strong></span> <span class='ocrx_word' id='word_1_941' title='bbox 2957 5641 3135 5698; x_wconf 88' lang='lat' dir='ltr'><strong>nobis</strong></span> <span class='ocrx_word' id='word_1_942' title='bbox 3158 5641 3462 5714; x_wconf 87' lang='lat' dir='ltr'><strong>eratquod</strong></span> <span class='ocrx_word' id='word_1_943' title='bbox 3491 5640 3808 5714; x_wconf 87' lang='lat' dir='ltr'><strong>inpsalmo</strong></span> <span class='ocrx_word' id='word_1_944' title='bbox 3836 5656 3945 5699; x_wconf 87' lang='lat' dir='ltr'><strong>ca-</strong></span> 
     </span>
    </p>
   </div>
  </div>
