4128 6200
342 133 476 188 1181

1282 131 1371 184 DE
1409 126 2076 185 PREDE‘STINATIONB
2110 124 2394 183 CONTRA
2428 127 2477 183 ἰ.
2516 124 2816 183 SCOTUM.

3625 117 3758 175 1182

339 254 538 310 nitur:
564 250 743 323 Elegi
765 250 1033 321 abjectus
1062 264 1183 308 esse
1210 252 1277 309 in
1305 253 1477 310 domo
1506 254 1618 310 Dei
1639 253 1772 320 mei,
1803 252 1994 322 magis
2024 253 2073 307 Α
2108 249 2304 320 arguit
2329 248 2738 323 impudentiae,
2765 245 2933 320 quod
2961 246 3121 302 veste
3160 242 3404 300 sordida
3430 240 3758 299 munditias

337 357 521 416 quam
554 341 829 398 habitare
858 342 921 397 in
954 340 1361 398 tabernaculis
1382 347 1770 413 peccatorum
1802 341 1992 413 (Psal.

334 445 577 498 mnu,
613 429 742 498 ll)?
786 431 914 485 Non
944 429 1171 502 utique.
1222 430 1375 496 Quid
1413 446 1556 502 ergo
1584 446 1849 499 eramus,
1880 429 1996 485 nisi

335 519 529 595 iniqui
560 523 616 575 et
644 517 859 592 perditi
877 520 905 577 ?
931 532 1130 591 neque
1180 519 1342 576 enim
1375 521 1506 593 jam
1547 519 1996 577 credideramus

333 611 400 667 in
434 617 580 667 eum
624 611 690 664 ut
727 607 969 679 eligeret
1011 624 1143 665 nos.
1202 612 1349 666 Nam
1402 610 1455 667 si
1500 611 1631 682 jam
1688 608 1996 666 credentes

332 698 531 771 elegit,
563 697 786 755 electus
817 696 1013 769 elegit.
1062 700 1211 755 Cum
1241 714 1383 769 ergo
1414 700 1672 756 diceret:
1720 700 1854 755 Non
1894 711 1996 754 vos

331 803 428 846 me
452 787 735 858 elegistis,
757 785 902 858 quid
928 785 1092 842 aliud
1114 785 1264 843 dixit
1287 786 1400 843 nisi
1422 787 1563 860 quia
1586 785 1997 844 misericordia

328 879 464 947 ejus
484 876 786 947 praevenit
814 886 925 931 nes
943 875 1134 947 (Psal.
1166 890 1322 945 Lvm,
1354 876 1463 948 ll),
1492 875 1850 945 generaliter
1878 874 1994 929 uti-

331 981 453 1040 que
472 980 597 1022 non
627 962 1037 1037 personaliter,
1066 967 1132 1021 ut
1158 963 1271 1020 sibi
1299 965 1460 1022 circa
1487 981 1698 1022 omnes
1767 964 1997 1020 constet

329 1054 541 1111 divina
566 1052 831 1125 iustitia?
861 1053 964 1108 Hic
991 1056 1147 1109 certe
1173 1058 1350 1112 vacat
1369 1070 1528 1112 vana
1554 1053 1794 1110 illorum
1818 1051 1995 1109 ratio-

331 1142 573 1210 cinatio,
610 1140 718 1214 qui
765 1140 1205 1214 praescientiam
1259 1142 1362 1200 Dei
1416 1142 1746 1199 defendunt
1788 1144 1997 1197 contra

331 1232 591 1304 gratiam
617 1229 740 1302 Dei,
767 1235 826 1287 et
847 1229 985 1287 ideo
1011 1244 1124 1287 nos
1157 1230 1365 1289 dicunt
1384 1232 1603 1289 electos
1622 1236 1763 1288 ante
1784 1223 1998 1286 mundi

333 1318 844 1387 constitutionem,
887 1318 1034 1391 quia
1071 1320 1371 1393 priescivit
1399 1336 1513 1377 nos
1559 1323 1714 1376 Deus
1763 1318 1995 1375 futuros

326 1409 547 1480 bonos,
586 1423 712 1464 non
741 1424 804 1464 se
841 1409 1048 1481 ipsum
1094 1424 1207 1466 nos
1247 1409 1548 1466 facturum
1593 1408 1815 1465 bonos.
1864 1411 1994 1464 Non

325 1498 446 1555 hoc
473 1497 637 1555 dicit.
669 1497 823 1564 Quid
852 1497 1037 1555 dicit?
1074 1500 1210 1556 Non
1258 1515 1359 1556 vos
1396 1515 1488 1557 me
1529 1500 1805 1569 elegistis,
1836 1513 1990 1571 quo—

2104 340 2381 413 polluerit
2414 337 2759 414 nuptiales]

2173 433 2215 502 -ιο
2246 430 2356 497 Qui
2383 431 2564 488 etiam
2589 429 2917 486 identidem
2944 427 3008 485 in
3034 426 3206 482 Judaa
3236 423 3592 482 salutatione
3622 440 3758 481 sen-

2100 518 2372 577 tiendum
2394 518 2724 593 perdocuit.
2755 519 2900 574 Item
2920 514 3239 588 Gregorius
3255 514 3623 586 (Moralium,
3648 512 3756 589 lib.

2099 625 2184 680 ιιι,
2221 625 2356 682 cap.
2395 610 2514 679 14):
2544 606 2831 681 [Haeretici
2850 611 3075 672 autem,
3102 603 3248 678 quia
3268 607 3542 660 sanctam
3569 602 3759 658 Eccle-

2103 698 2260 755 siam
2288 713 2401 755 sua
2426 698 2643 755 docere
2672 697 3036 762 desiderant,
3087 694 3167 750 ad
3213 709 3349 750 eam
3390 692 3567 766 quasi
3613 707 3756 748 con-

2100 786 2367 844 solantes
2423 787 2933 860 appropinquant.
2989 787 3107 840 Nec
3168 781 3387 839 mirum
3432 780 3599 854 quod
3651 781 3756 855 qui

2103 876 2550 933 adversantium
2577 876 2836 932 formam
2862 873 3225 947 exprimunt,
3248 870 3426 927 amici
3442 874 3754 941 vocantur,

2102 974 2243 1022 cum
2296 965 2412 1039 ipsi
2456 980 2701 1039 quoque
2756 962 3026 1021 traditori
3080 961 3336 1018 dicitur:
3393 960 3619 1029 Amice,
3676 960 3757 1016 ad

2101 1055 2250 1127 quid
2276 1056 2532 1112 venisti?
2572 1053 2813 1124 (Matth.
2863 1068 3025 1123 xxvi,
3067 1052 3181 1123 50.)
3230 1051 3299 1105 Et
3360 1048 3528 1111 dives
3558 1044 3755 1125 quiin

2102 1144 2334 1202 inferno
2358 1145 2494 1215 igne
2523 1143 2788 1200 exuritur
2809 1141 3120 1198 Abraham
3139 1139 3297 1196 filius
3317 1142 3564 1213 vocatur
3587 1137 3750 1210 (Luc.

2099 1250 2222 1305 xv1,
2252 1234 2362 1306 25),
2402 1233 2553 1307 quia
2593 1233 2702 1290 etsi
2726 1247 2834 1305 per
2860 1246 2975 1288 nos
3004 1228 3149 1286 mali
3181 1226 3397 1299 corrigi
3421 1226 3752 1297 negligunt,

2100 1325 2353 1399 dignum
2381 1329 2585 1381 tamen
2611 1328 2703 1381 est
2730 1327 2855 1380 uta
2872 1321 3069 1390 nobis,
3092 1334 3217 1377 non
3234 1334 3311 1375 ex
3335 1334 3445 1375 sua
3465 1317 3751 1391 nequitia,

2099 1413 2205 1471 sed
2231 1430 2303 1471 ex
2332 1417 2541 1470 nostra
2565 1412 2933 1482 benignitate
2956 1409 3134 1467 amici
3161 1406 3592 1480 nominentur.]

2167 1505 2210 1574 +
2242 1504 2406 1560 Idem
2452 1504 2800 1576 (Moralium
2837 1500 2945 1558 lib.
2993 1517 3051 1569 x,
3102 1515 3185 1566 v1,
3232 1514 3367 1571 cap.
3422 1496 3544 1569 ll):
3598 1497 3753 1568 [Quo

326 1586 496 1644 niam
525 1586 575 1643 si
602 1590 921 1660 propterea
942 1601 1053 1643 nos
1083 1586 1358 1657 elegisset
1379 1587 1522 1660 quia
1540 1586 1736 1644 bonos
1756 1585 1988 1642 futuros
2017 1607 2060 1662 Β
2097 1597 2307 1650 contra
2333 1596 2491 1650 recte
2520 1592 2635 1649 sub
2665 1589 2994 1663 Babylonis
3024 1587 3221 1661 specie
3250 1601 3363 1659 par
3394 1585 3752 1659 prophetam

326 1691 462 1733 esse
484 1673 843 1749 praescierat,
876 1674 1056 1732 simul
1082 1675 1262 1732 etiam
1294 1676 1626 1749 praescisset
1652 1675 1821 1749 quod
1847 1691 1987 1731 eum

326 1764 658 1822 fuissemus
686 1765 854 1839 prius
890 1765 1153 1822 electuri.
1192 1766 1376 1837 Elegit
1401 1781 1543 1837 ergo
1574 1781 1680 1839 per
1708 1765 1987 1835 gratiam,

324 1858 483 1912 sicut
508 1854 684 1926 elegit
712 1858 771 1911 et
788 1853 1028 1927 ludam,
1056 1854 1161 1911 sed
1191 1870 1346 1929 opus
1379 1860 1470 1913 est
1492 1860 1560 1913 ut
1586 1855 1804 1912 divinas
1833 1855 1985 1912 elec-

325 1943 779 2000 tionihumanae
809 1942 1162 1999 obedientiae
1211 1948 1268 2001 et
1316 1943 1636 2015 diligentia;
1680 1959 1825 2001 cura
1861 1958 1983 1999 res-

324 2032 636 2107 pondeat.]
1092 2103 1101 2110 .

395 2124 437 2194 -ία
461 2124 605 2178 Ecce
626 2121 716 2178 vir
737 2124 982 2178 sanctus
1000 2121 1169 2178 toties
1185 2122 1259 2179 de
1277 2138 1399 2180 una
1413 2123 1747 2196 eademque
1763 2137 1827 2178 re
1847 2136 1987 2194 pru-

319 2211 531 2269 denter
550 2215 607 2268 et
624 2210 876 2268 ﬁdeliter
895 2211 1185 2279 elocutus,
1208 2227 1513 2286 nusquam
1530 2228 1567 2269 a
1588 2210 1884 2268 contrario
1901 2210 1988 2267 in-

321 2300 713 2372 telligendum
734 2300 1038 2358 electionis
1054 2300 1423 2358 vocabulum
1449 2300 1729 2358 docuisse
1756 2299 1983 2357 inveni-

320 2394 440 2447 tur.
467 2393 646 2446 Porro
675 2389 844 2463 quod
864 2389 927 2445 in
948 2390 1341 2448 assertionem
1357 2389 1789 2447 contrarietatis
1809 2390 1983 2446 addis

320 2479 478 2552 (cap.
512 2482 596 2550 13,
627 2494 793 2535 num.
817 2482 1030 2547 3,sect.
1050 2480 1124 2550 2).
1151 2475 1419 2536 similiter
1433 2478 1807 2551 amicus,qui
1828 2494 1982 2535 sem-

319 2583 432 2642 per
454 2570 580 2623 erat
600 2566 903 2635 inimicus,
935 2567 1155 2623 mirum
1183 2584 1306 2641 qua
1331 2568 1678 2624 auctoritate
1694 2567 1756 2624 id
1778 2567 1979 2640 prolo-

328 2656 437 2729 qui
465 2655 972 2728 attemperaveris,
1006 2672 1144 2713 cum
1174 2656 1326 2714 inter
1355 2656 1702 2728 eligendum
1732 2657 1978 2714 minime

324 2744 605 2801 credatur
655 2749 760 2802 aut
807 2743 1041 2816 legatur
1089 2746 1328 2820 uspiam
1359 2747 1670 2804 inimicum
1705 2747 1978 2803 animum

318 2834 629 2905 habuisse,
656 2834 848 2891 donec
885 2840 1020 2908 post
1070 2839 1369 2893 tantorum
1413 2835 1710 2893 beneﬁcia
1764 2851 1977 2893 mune-

318 2938 463 2979 rum
488 2922 811 2996 proditioni
837 2924 1111 2981 animum
1141 2929 1523 2998 praepararet.
1571 2927 1720 2981 Nam
1750 2926 1811 2981 in
1840 2924 1976 2997 ipso

319 3011 658 3070 vocationis
704 3029 826 3070 suae
878 3014 1130 3071 articulo
1182 3014 1443 3071 necdum
1512 3014 1587 3072 de
1642 3014 1976 3087 perditione

318 3101 558 3159 Domini
585 3106 819 3176 poterat
837 3103 1118 3175 cogitare,
1138 3119 1322 3177 quem
1342 3119 1379 3159 a
1396 3103 1614 3160 Iudaeis
1635 3118 1760 3160 non
1775 3103 1975 3159 dicam

319 3191 576 3264 insequi,
603 3207 814 3249 verum
840 3208 952 3250 nec
981 3193 1340 3267 Prophetam
1387 3197 1491 3251 aut
1523 3192 1846 3249 Dominum
1875 3207 1974 3248 co-

326 3282 534 3352 gnosci
566 3282 820 3341 sciebat:
870 3299 1068 3357 neque
1118 3284 1277 3341 enim
1317 3283 1599 3341 credibile
1641 3287 1729 3340 est
1769 3298 1909 3339 eum
1940 3297 1977 3339 a

323 3371 576 3428 Domino
617 3371 923 3431 inimicum
975 3372 1260 3430 electum:
1317 3372 1596 3446 quamvis
1647 3371 1808 3428 enim
1852 3387 1975 3428 non

317 3460 686 3530 ignoraverit
708 3462 773 3519 id
803 3461 1092 3533 futurum,
1137 3463 1243 3519 sed
1272 3479 1557 3537 processu
1587 3462 1870 3535 temporis
1900 3461 1975 3518 de

315 3549 586 3609 bonitate
608 3552 687 3608 ad
717 3552 1011 3609 malitiam
1040 3557 1510 3610 commutatum:
1548 3552 1702 3609 sicut
1724 3551 1975 3623 angelus

316 3640 592 3699 et‘homo
622 3641 770 3699 boni
800 3642 927 3699 sine
956 3642 1143 3703 dubio
1175 3660 1212 3699 a
1244 3658 1486 3701 summo
1514 3642 1679 3700 bono
1710 3646 1974 3700 creatore

313 3729 559 3800 conditi,
588 3730 874 3805 deinceps
902 3748 1012 3790 sua
1031 3731 1371 3789 voluntaria
1395 3732 1705 3790 aversione
1722 3731 1867 3788 mali
1889 3731 1973 3788 ef-

311 3818 452 3876 fecti
475 3824 648 3890 sunt;
678 3820 912 3878 dicente
942 3821 1241 3895 siquidem
1270 3821 1656 3893 evangelista,
1690 3837 1830 3879 cum
1854 3820 1974 3879 ala-

309 3907 503 3965 bastri
531 3925 675 3981 erga
699 3909 885 3983 pedes
912 3910 1148 3967 Domini
1177 3910 1532 3967 fractionem
1552 3914 1841 3981 narraret,
1872 3913 1972 3966 Ju-

311 3996 457 4053 dam
487 4013 926 4056 murmurasse.
960 3999 1185 4071 thuid
1205 3998 1471 4070 perditio
1502 3998 1629 4055 haec
1655 4000 1970 4068 unguenti,

309 4088 508 4156 potuit
540 4088 693 4144 enim
715 4089 1056 4145 venundari
1085 4089 1294 4155 multo,
1327 4094 1383 4144 et
1412 4088 1554 4144 dari
1576 4086 1967 4157 pauperibus.

309 4176 445 4233 Hoc
473 4182 670 4234 autem
692 4177 847 4234 dia-it
863 4178 1004 4249 quia
1026 4179 1137 4249 fur
1157 4183 1309 4247 erat,
1328 4183 1382 4234 et
1408 4178 1631 4235 loculos
1663 4176 1885 4234 habens
1901 4192 1971 4233 ea

312 4281 446 4337 qua?
471 4268 865 4326 mittebantur
888 4267 1175 4339 portabat
1206 4269 1447 4340 (Matth.
1474 4283 1637 4339 xxvx,
1669 4267 1744 4340 8).
1790 4270 1869 4323 Ex
1898 4282 1969 4325 eo

310 4356 669 4428 proditionis
705 4358 938 4415 malum
981 4358 1327 4432 concepisse
1350 4356 1719 4415 credendum
1745 4361 1853 4429 est,
1896 4373 1970 4414 ex

314 4460 441 4518 quo
470 4450 524 4504 et
544 4447 675 4520 ipse
702 4464 739 4505 a
767 4448 1022 4505 Domino
1051 4447 1514 4521 dispensationis
1538 4446 1803 4504 oﬂicium
1832 4462 1969 4519 per-

313 4533 473 4607 cepit
489 4536 904 4594 etludasorum
923 4536 1152 4593 rabiem
1172 4537 1234 4593 in
1255 4536 1423 4592 illum
1444 4535 1728 4593 concitari
1750 4550 1970 4605 cogno-

309 4623 415 4680 vit.
441 4626 560 4681 Hoc
582 4625 785 4698 ipsum
806 4625 1019 4682 beatus
1037 4626 1350 4696 Gregorius
1371 4624 1650 4693 sentiens,
1668 4622 1969 4696 nobisque

311 4712 697 4771 sentiendum
716 4714 1182 4771 venerabilitatis
1200 4729 1323 4769 suis
1348 4713 1580 4785 scriptis
1598 4712 1967 4785 relinquens,

310 4801 375 4859 in
404 4802 659 4859 homilia
696 4803 995 4874 Evangelii
1024 4807 1373 4859 vocatorum
1404 4801 1483 4858 ad
1512 4800 1779 4873 nuptias,
1828 4817 1968 4858 cum

310 4890 389 4947 de
414 4907 486 4948 eo
511 4892 616 4964 qui
639 4896 803 4949 veste
827 4892 1051 4965 nuptiis
1081 4892 1282 4948 minus
1309 4891 1495 4962 digna
1528 4888 1967 4947 solemnitatem

308 4980 663 5053 nuptiarum
716 4980 1235 5052 dehonestaverat,
1306 4987 1486 5054 atque
1556 4994 1593 5036 a
1658 4995 1798 5051 rege
1853 4979 1967 5036 sub

308 5069 495 5126 amici
542 5069 791 5127 nomine
842 5071 1183 5144 increpatus
1243 5070 1453 5140 fuerat,
1519 5073 1815 5138 tractaret,
1887 5066 1987 5125 ait‘

307 5161 526 5231 (Greg.,
556 5161 712 5218 hom.
746 5163 814 5216 38
841 5161 904 5217 in
932 5161 1225 5233 Evang.):

381 5247 741 5319 [Mirandum
777 5248 955 5307 valde
981 5251 1087 5319 est,
1129 5248 1341 5306 fratres
1387 5247 1741 5316 charissimi,
1800 5247 1965 5321 quod

305 5337 477 5393 hunc
504 5341 562 5395 et
581 5337 845 5395 amicum
873 5342 1069 5407 vocat,
1099 5341 1156 5395 et
1182 5338 1503 5412 reprobat;
1536 5352 1606 5394 ac
1636 5337 1685 5393 si
1720 5337 1773 5393 ei
1800 5353 1967 5411 aper-

306 5426 427 5484 tius
455 5426 652 5485 dicat:
689 5428 915 5495 Amice,
946 5432 1003 5486 et
1029 5444 1152 5485 non
1181 5428 1390 5512 amice,
1407 5427 1597 5483 amice
1625 5442 1733 5500 per
1760 5424 1966 5499 ﬁdem,

307 5516 420 5573 sed
446 5532 572 5574 non
619 5518 813 5575 amice
857 5534 966 5592 per
1010 5517 1469 5592 operationem.)
1524 5516 1964 5591 Hieronymus:

308 5606 610 5679 [Amicum
661 5614 858 5681 vocat,
906 5609 1074 5684 quod
1110 5606 1395 5668 invitatus
1444 5608 1523 5667 ad
1561 5610 1803 5682 nuptias
1853 5613 1964 5676 est,

2094 1682 2283 1738 menti
2335 1681 2607 1756 reprobat
2645 1680 2906 1737 dicitur:
2965 1677 3286 1738 Descende,
3333 1674 3468 1733 sede
3510 1675 3572 1730 in
3607 1674 3752 1744 pul-

2094 1787 2251 1844 vere,
2280 1772 2450 1843 virgo
2476 1772 2610 1840 ﬁlia
2640 1769 2991 1839 Babylonis;
3019 1767 3155 1824 sede
3190 1767 3255 1822 in
3299 1770 3484 1834 terra,
3515 1779 3636 1820 non
3668 1769 3751 1821 est

2092 1862 2308 1917 solium
2335 1862 2477 1929 ﬁlia?
2508 1859 2933 1917 Chaldaeorum
2962 1857 3104 1928 (Isa.
3136 1869 3314 1923 XLVII,
3346 1854 3415 1922 1).
3444 1855 3565 1908 Hoc
3589 1851 3750 1906 enim

2091 1948 2225 2006 loco
2279 1950 2550 2006 humana
2617 1962 2789 2004 mens
2850 1945 3017 2015 virgo
3067 1959 3199 2011 non,
3255 1941 3624 2012 incorrupta,
3685 1942 3753 1994 ut

2091 2039 2366 2107 arbitror,
2396 2039 2632 2107 dicitur,
2665 2024 2771 2093 sed
2800 2034 3147 2093 infecunda.
3193 2035 3259 2089 Et
3303 2030 3448 2104 quia
3475 2028 3748 2101 Babylon

2090 2129 2364 2199 confusio
2393 2128 2833 2200 interpretatur,
2884 2127 3039 2181 recte
3067 2120 3395 2179 infecunda
3437 2133 3609 2174 mens
3635 2118 3745 2173 Ba-

2088 2217 2330 2291 bylonis
2360 2217 2485 2274 ﬁlia
2512 2220 2782 2287 vocatur,
2812 2230 2950 2288 quae
2976 2213 3038 2270 in
3067 2228 3139 2270 eo
3163 2210 3329 2285 quod
3356 2222 3745 2281 nequaquam

2090 2310 2256 2364 bona
2284 2321 2470 2379 opera
2507 2305 2823 2377 germinat,
2859 2303 3027 2372 dum
3077 2299 3243 2357 nullo
3303 2297 3513 2355 ordine
3567 2298 3743 2352 rectas

2089 2395 2223 2452 vitae
2248 2396 2650 2467 componitur,
2701 2392 2877 2466 quasi
2926 2390 3275 2449 confusione
3326 2391 3516 2444 matre
3571 2399 3745 2470 gene-

2088 2491 2291 2542 ratur:
2342 2486 2435 2541 sin
2492 2488 2695 2542 autem
2752 2482 2920 2552 virgo
2966 2497 3091 2538 non
3136 2476 3463 2536 infecunda
3506 2475 3744 2545 dicitur,

2088 2574 2198 2631 sed
2225 2574 2592 2647 incorrupta,
2622 2576 2950 2646 postquam
2977 2574 3197 2633 statum
3229 2565 3436 2624 salutis
3465 2563 3742 2638 perdidit,

2086 2664 2169 2720 ad
2222 2663 2591 2721 confusionis
2648 2675 2773 2718 sure
2825 2658 3139 2716 cumulum
3186 2654 3527 2730 appellatur
3578 2652 3746 2726 quod

2086 2754 2240 2825 fuit.)
2271 2756 2314 2825 ιι-
2346 2754 2742 2827 Hieronymus
2784 2756 3019 2824 (contra
3066 2749 3458 2807 Jovinianum
3494 2742 3599 2801 lib.
3643 2743 3738 2814 11):

2087 2843 2309 2914 [Arbor
2337 2844 2505 2899 mala
2549 2842 2726 2898 bonos
2763 2842 3005 2910 fractas
3049 2852 3173 2894 non
3218 2837 3392 2906 facit,
3432 2849 3541 2892 nec
3590 2833 3744 2891 bona

2085 2932 2277 2988 malos
2308 2930 2548 2998 (Matth.
2580 2946 2680 2999 vn,
2716 2932 2824 2995 l7).
2885 2927 2943 2984 Si
2984 2926 3100 2983 hoc
3150 2924 3232 2982 ita
3278 2927 3389 2993 est,
3442 2919 3743 2992 responde

2086 3018 2234 3075 mihi
2289 3017 2602 3091 quomodo
2652 3014 2890 3082 Paulus,
2950 3028 3091 3070 cum
3149 3015 3304 3068 esset
3352 3008 3533 3067 arbor
3579 3006 3743 3065 mala

2084 3120 2453 3180 persequens
2477 3103 2802 3162 Ecclesium
2831 3102 3064 3173 Christi,
3112 3099 3317 3157 fecerit
3356 3101 3566 3171 postea
3591 3096 3743 3152 fruc-

2084 3202 2179 3255 tus
2207 3198 2439 3265 bonos;
2472 3200 2528 3253 et
2552 3198 2579 3252 «Ι
2587 3194 2760 3264 udas,
2793 3208 2933 3249 cum
2958 3195 3115 3249 esset
3143 3189 3323 3248 arbor
3348 3189 3536 3258 bona,
3568 3187 3742 3257 signa

2085 3286 2310 3344 faciens
2341 3302 2481 3343 cum
2512 3283 2821 3357 apostolis,
2870 3286 3083 3355 postea
3126 3294 3333 3338 versus
3373 3277 3437 3334 in
3476 3276 3742 3351 prodito-

2083 3392 2234 3447 rem,
2258 3375 2459 3432 fecerit
2486 3373 2713 3430 fructus
2742 3370 2957 3428 malos.
2993 3369 3223 3431 Tandiu
3252 3382 3396 3438 ergo
3419 3381 3531 3423 nec
3559 3364 3741 3425 arbor

2082 3464 2247 3522 bona
2276 3464 2502 3522 fructus
2527 3462 2721 3519 malos
2748 3461 2908 3531 facit,
2936 3475 3048 3517 nec
3068 3458 3247 3521 ,mala
3273 3456 3492 3523 bonos,
3543 3469 3738 3527 quan-

2082 3555 2188 3612 diu
2215 3554 2311 3611 vel
2326 3554 2387 3610 in
2407 3553 2671 3610 bonitate
2698 3566 2810 3609 sua
2835 3549 2927 3607 vel
2949 3548 3013 3606 in
3044 3546 3273 3605 malitia
3308 3545 3739 3619 perseverant]

2082 3647 2125 3717 -ι-
2152 3644 2310 3701 Idem
2340 3643 2508 3717 quod
2532 3642 2704 3700 dicis.

2659 3769 2896 3824 JOAN'NES
2935 3768 3157 3823 scores.

2157 3878 2324 3951 (Cap.
2355 3876 2439 3943 l2,
2470 3889 2643 3950 num.
2667 3875 2722 3940 4,
2756 3864 2900 3927 sect.
2935 3870 3006 3942 1).
3040 3872 3078 3923 Θ
3128 3858 3205 3924 Et
3240 3862 3737 3945 quemadmodum

2081 3967 2200 4021 non
2216 3970 2356 4020 sunt
2370 3963 2488 4033 ﬁlii
2504 3964 2556 4018 si
2571 3962 2690 4017 non
2711 3960 2849 4016 Sunt
2866 3958 3148 4028 ha’redes,
3166 3957 3249 4013 sic
3271 3954 3444 4012 electi
3456 3970 3576 4009 non
3597 3958 3739 4009 sunt

2077 4055 2132 4111 si
2156 4069 2277 4110 non
2307 4054 2427 4109 sint
2454 4050 2660 4108 dilecti
2681 4068 2694 4107 :
2727 4046 3015 4122 quomodo
3037 4062 3197 4118 ergo,
3219 4046 3339 4102 nisi
3359 4060 3390 4101 e
3410 4042 3733 4112 contrario,

2080 4144 2380 4201 diceretur
2402 4143 2593 4199 Judas
2619 4140 2858 4212 electus,
2889 4132 3031 4196 dum
3060 4154 3182 4195 non
3205 4138 3351 4196 esset
3377 4136 3631 4194 dilectus
3648 4138 3677 4191 φ

2746 4262 3047 4306 CORRECTIO
3057 4288 3070 4302 .

2148 4364 2192 4432 -Ῑ-
2213 4361 2516 4418 Debueras
2532 4358 2874 4430 diligentius
2891 4354 3250 4426 investigare
3270 4352 3636 4410 vocabulum
3652 4350 3737 4407 di-

2075 4451 2345 4508 lectionis
2366 4455 2423 4507 ct
2438 4449 2741 4507 electionis
2767 4448 2830 4504 in
2855 4445 3168 4518 Scripturis
3192 4443 3435 4510 sanctis,
3469 4456 3731 4514 quarum

2078 4540 2425 4597 auctoritate
2442 4539 2648 4608 fultus,
2675 4552 2799 4594 non
2830 4536 2916 4592 eis
2946 4532 3347 4608 repugnantia
3368 4544 3733 4585 susurrares.

2082 4633 2230 4685 Nam
2251 4629 2312 4683 in
2330 4627 2498 4683 libris
2514 4630 2742 4697 Regum
2759 4628 2817 4682 et
2836 4624 3038 4681 Verbis
3053 4623 3287 4678 dierum
3301 4619 3558 4690 legimus
3576 4616 3736 4674 Salo-

2077 4733 2322 4773 monem
2342 4717 2597 4772 Ididiam
2618 4715 2678 4771 id
2697 4719 2784 4771 est
2798 4715 2862 4770 di
2867 4715 3079 4770 lectum
3096 4711 3336 4767 Domini
3350 4712 3655 4775 vocatum;
3679 4713 3736 4765 et

2077 4805 2483 4879 quod,inquit,
2501 4805 2778 4875 diligeret
2805 4819 2937 4860 eum
2957 4802 3268 4868 Dominus,
3292 4800 3409 4855 hoe
3426 4813 3550 4854 non
3576 4813 3614 4854 a
3635 4812 3736 4854 ne-

2079 4895 2300 4952 sciente
2330 4894 2618 4968 quolibet,
2679 4892 2787 4949 sed
2838 4909 2876 4949 a
2928 4891 3223 4965 propheta
3269 4889 3475 4963 utique
3512 4888 3733 4945 sciente

2076 4983 2311 5041 Domini
2332 4982 2705 5040 voluntatem
2718 4981 2945 5038 dictum
2965 4984 3057 5037 est
3093 4979 3187 5049 (II
3199 4980 3340 5050 Reg.
3359 4986 3460 5040 xu,
3495 4976 3586 5048 24,-
3615 4977 3727 5048 25).-

2078 5074 2168 5131 Sic
2199 5076 2255 5130 et
2283 5072 2652 5143 evangelista
2680 5088 2818 5127 cum
2846 5070 3290 5127 adolescentem
3325 5066 3571 5124 divitem
3609 5081 3734 5122 ma-

2075 5172 2454 5235 gnarumque
2474 5176 2662 5234 opum
2683 5161 2761 5217 ad
2781 5161 3101 5217 Dominum
3117 5157 3475 5221 venientem,
3489 5158 3546 5209 et
3565 5166 3732 5210 man-

2076 5253 2357 5311 datorum
2379 5251 2665 5323 legalium
2684 5251 3167 5308 observationem
3196 5248 3573 5322 promentem
3596 5243 3732 5299 des-

2026 5376 2033 5381 -
2076 5343 2347 5410 criberet,
2373 5346 2612 5398 secutus
2638 5342 2944 5414 adjunxit:
2977 5342 3242 5397 Intuitus
3266 5343 3461 5394 autem
3484 5333 3731 5392 eumJe-

2076 5433 2417 5500 Sus,dilexit
2438 5447 2568 5489 eum
2582 5432 2947 5503 (Marc.x,2l)
2965 5448 2977 5486 :
2996 5429 3281 5486 nimirum
3298 5425 3378 5483 ob
3395 5422 3730 5481 custodiam

2070 5523 2513 5592 praceptorum
2536 5520 2657 5589 Dei,
2682 5520 2788 5593 qui
2813 5525 3016 5576 tamen
3043 5516 3335 5590 quoniam
3363 5516 3491 5570 erat
3507 5509 3730 5567 multas

2080 5608 2499 5681 possessiones
2518 5609 2774 5677 habens,
2818 5607 3028 5666 audito
3053 5602 3432 5679 perfectionis
3455 5595 3731 5669 consilio,
