4128 6200
394 151 529 206 H83

1460 135 1515 192 s.
1551 113 1936 190 .PRUDENTII
1988 125 2366 184 TRECENSIS
2396 125 2733 183 EPISCOPI.

3673 125 3806 182 1184

393 272 538 331 abiit
565 270 770 326 tristis.
815 269 958 322 Ecce
1002 263 1296 338 propheta
1325 257 1768 328 et'evangelista
1796 252 2040 309 dilectos
2083 252 2126 306 Α
2158 250 2366 306 sitione
2402 251 2463 306 id
2500 251 2856 324 plerumque
2909 249 3036 306 ﬁeri
3082 249 3433 307 docuerunt.
3485 249 3654 306 Unde
3704 265 3813 322 per

395 379 434 419 a
472 359 723 416 Domino
761 354 1175 428 pronuntiant,
1219 367 1374 424 quos
1423 349 1576 404 iilios
1628 340 2044 420 promissionis
2157 340 2518 396 Ezechielem
2552 341 2836 396 Dominus
2861 339 3003 396 dicit
3030 357 3043 395 :
3068 340 3132 394 In
3163 341 3259 396 die
3286 355 3405 412 qua
3430 341 3582 409 elegi
3604 341 3811 406 Israel,

395 450 662 508 forsitam
690 461 815 502 non
843 461 972 501 esse
1001 443 1251 500 minime
1296 437 1693 495 dubitabant:
1738 449 1885 490 nam
1937 431 2048 488 bo-

394 554 539 596 nam
569 536 866 592 actionem
898 533 1077 590 etiam
1107 533 1169 588 in
1197 529 1399 602 impiis
1430 529 1548 583 Deo
1586 525 1822 599 placere
1851 525 2048 578 osten-

349 669 354 672 -
395 628 483 684 dit
510 623 1119 692 sanctusGregorius,
1147 620 1250 694 qui
1277 620 1337 676 in
1362 616 1728 692 expositione
1747 611 2051 686 prophetae

398 714 661 773 Ezechiel
688 715 769 770 ita
796 712 1061 784 loquitur
1087 711 1238 782 (Lib.
1263 726 1301 777 ι,
1338 708 1493 764 hom.
1530 707 1655 775 10):
1702 702 1820 773 [Sic
1849 697 2053 755 Achab

398 806 644 878 iniquus
683 818 787 859 rex
815 817 851 857 a
879 800 1173 874 propheta
1214 798 1616 870 reprehensus
1661 808 1801 848 cum
1848 791 2056 845 contra

399 911 462 951 se
491 893 757 950 divinam
787 891 1139 947 sententiam
1171 888 1458 950 audisset,
1490 881 1815 958 pertimuit,
1843 882 1902 934 et
1928 891 2054 932 ma-

401 999 521 1056 gno
550 997 805 1038 maerore
826 980 1146 1054 depressus
1169 982 1275 1048 est,
1298 976 1379 1032 ita
1398 979 1464 1032 ut
1483 973 1791 1047 prophetae
1823 983 1932 1024 suo
1950 969 2058 1056 Do-

399 1055 600 1130 minus
625 1070 879 1128 diceret:
924 1071 1140 1126 Nonne
1176 1067 1379 1124 vidisti
1415 1064 1799 1120 humiliatum
1845 1055 2055 1114 Achab

403 1179 602 1222 coram
625 1166 760 1218 me?
802 1162 943 1232 quia
980 1162 1168 1230 igitur
1207 1156 1558 1212 humiliatus
1597 1157 1680 1208 est
1711 1164 1892 1207 causa
1921 1147 2055 1209 mei,

401 1266 522 1305 non
551 1250 834 1306 inducam
861 1250 1086 1305 malum
1136 1249 1198 1303 in
1241 1246 1444 1302 diebus
1469 1246 1594 1314 ejus
1621 1241 1743 1314 (III
1755 1241 1896 1310 Reg.
1934 1251 2055 1305 xx1,

403 1343 519 1405 29).
552 1339 616 1393 1n
637 1339 859 1410 quibus
885 1338 1119 1394 Domini
1143 1336 1344 1393 verbis
1376 1332 1763 1408 pensandum
1789 1332 1880 1384 est
1905 1341 2058 1399 quo-

406 1429 590 1485 modo
614 1428 668 1484 ei
698 1429 756 1484 in
785 1427 984 1484 electis
1023 1427 1148 1482 suis
1198 1441 1421 1482 maeror
1465 1417 1884 1480 amaritudinis
1925 1415 2057 1489 pla-

405 1523 556 1588 ceat,
587 1518 692 1590 qui
722 1519 989 1574 amittere
1020 1518 1228 1573 timent
1259 1514 1599 1582 Dominum,
1631 1511 1681 1566 si
1711 1509 1797 1565 sic
1833 1507 1886 1563 ei
1917 1511 1973 1563 et
1997 1508 2058 1562 in

2157 435 2211 485 et
2245 431 2441 487 levavi
2464 446 2707 487 manum
2736 446 2927 488 meam
2948 445 3064 500 pro
3085 431 3270 500 stirpe
3291 431 3500 486 domus
3517 428 3735 494 Jacob,
3759 435 3816 484 et

2161 524 2376 575 caetera
2405 520 2640 587 (Ezech.
2681 536 2780 590 xx,
2827 520 2914 591 5):
2977 512 3373 592 Hieronymus
3433 517 3555 589 (ubi
3601 533 3815 587 supra,

2161 623 2295 680 cap.
2323 624 2422 676 xx,
2452 613 2506 676 ὅ)
2534 627 2546 664 :
2578 610 2767 679 [Juxta
2797 608 3052 664 litteram
3081 623 3242 678 vero,
3278 606 3492 680 inquit,
3524 605 3820 678 inclytam

2163 713 2290 752 esse
2325 702 2540 753 terram
2569 698 2787 754 Judaeaa
2819 701 2876 754 et
2896 697 3126 754 cunctis
3151 697 3317 753 terris
3337 695 3685 754 fertiliorem
3707 695 3821 750 du-

2162 786 2351 842 bitare
2400 802 2523 842 non
2568 787 2803 860 poterit,
2852 786 2957 860 qui
3001 803 3037 843 a
3077 786 3484 842 Rhinocorura
3507 801 3711 858 usque
3743 783 3823 840 ad

2163 877 2419 931 Taurum
2452 882 2718 932 montem
2749 881 2806 932 et
2836 876 3195 948 Euphratem
3229 874 3482 930 ﬂuvium
3533 878 3823 930 cunctam

2165 964 2628 1021 consideraverit
2649 970 2896 1022 terram:
2925 969 2983 1022 et
3002 964 3240 1020 urbium
3261 963 3616 1038 potentiam,
3638 979 3827 1019 ama:-

2165 1055 2529 1126 nitatcmque
2581 1054 2918 1126 regionum,
2975 1053 3348 1110 Palaestinam
3404 1053 3703 1122 videlicet,
3767 1057 3827 1109 et

2165 1143 2503 1214 Phoenicen,
2536 1144 2839 1212 Arabiam,
2875 1144 3129 1216 Syriam,
3165 1143 3384 1212 Coelen,
3443 1142 3703 1199 Ciciliam
3761 1144 3824 1197 et

2167 1239 2410 1290 caeteras
2434 1234 2709 1305 regiones
2739 1251 2893 1307 quas
2925 1233 3142 1302 lsraeli,
3177 1234 3223 1289 si
3256 1234 3355 1290 Dei
3382 1237 3681 1306 praicepta
3695 1247 3825 1288 ser-

2166 1327 2386 1390 vasset,
2425 1324 2711 1379 Dominus
2736 1323 3078 1396 repromisit
3107 1341 3119 1392 ;
3153 1339 3306 1396 quas
3325 1322 3472 1395 quia
3501 1337 3627 1378 non
3660 1337 3830 1377 acce-

2167 1412 2271 1484 pit,
2304 1413 2512 1469 vitium
2538 1412 2647 1469 fuit
2671 1411 3098 1468 incredulitatis
3129 1412 3281 1484 ejus,
3330 1427 3476 1467 nam
3523 1415 3581 1467 et
3605 1410 3669 1466 in
3695 1409 3830 1483 ipsa

2170 1501 2493 1558 Palmstina
2533 1501 2860 1574 Iudaeaque
2908 1501 3236 1575 provincia,
3289 1504 3494 1571 gentes
3546 1499 3826 1573 plurima:

403 1589 662 1678 reprobo
694 1604 821 1679 [al.,
852 1605 1110 1678 reprobi]
1141 1602 1489 1677 paenitentia
1517 1598 1742 1674 placuit
1760 1597 1864 1670 qui
1892 1595 2057 1651 time-
2086 1602 2131 1655 Β
2170 1595 2588 1648 remanserunt
2621 1608 2755 1664 quae
2785 1606 2910 1647 non
2949 1594 3087 1646 sunt
3127 1591 3343 1662 ejectae,
3400 1593 3606 1662 Neque
3665 1589 3826 1644 enim

406 1695 512 1750 bat
535 1694 782 1766 perdere
827 1709 1092 1767 prtesens
1137 1691 1453 1748 saeculum:
1505 1693 1608 1746 aut
1653 1685 1963 1760 quomodo
2004 1681 2058 1738 ei

408 1783 601 1853 gratia
631 1783 702 1840 sit
731 1788 1065 1856 spontanea
1091 1781 1330 1837 afﬂictio
1361 1796 1470 1852 pro
1500 1778 1690 1851 culpis
1735 1777 1796 1832 in
1841 1775 1925 1830 eis
1954 1771 2060 1845 qui

408 1872 666 1943 placent,
700 1872 750 1926 si
773 1872 901 1927 haec
931 1871 1011 1927 ad
1041 1876 1278 1942 tempus
1310 1868 1534 1942 placuit
1573 1867 1635 1922 in
1678 1866 1778 1921 illo
1807 1864 1910 1937 qui
1941 1862 2060 1919 dis-

406 1959 669 2032 plicebat
695 1960 821 2032 [al.,
849 1964 908 2016 et
933 1960 994 2015 in
1025 1959 1108 2015 eis
1137 1959 1241 2031 qui
1269 1955 1710 2030 displicebant].

481 2048 844 2120 -]-Debuerat
898 2049 1076 2120 igitur
1124 2047 1426 2104 attendere
1479 2062 1515 2102 a
1561 2043 1832 2101 Patribus
1880 2057 2062 2099 voca-

408 2137 556 2194 bula
583 2137 917 2194 dilectionis
947 2141 1003 2194 et
1031 2136 1332 2193 electionis
1375 2150 1499 2191 non
1545 2150 1582 2191 a
1627 2131 1924 2189 contrario
1971 2130 2062 2186 in-

410 2225 639 2283 tellecta
668 2230 724 2282 et
754 2227 967 2299 posita,
997 2226 1101 2282 sed
1140 2241 1250 2299 pro
1289 2225 1570 2280 varietate
1601 2238 1922 2279 causarum
1961 2224 2066 2276 aut

408 2315 766 2372 beatitudini
818 2321 1075 2381 aeternae,
1148 2320 1253 2372 aut
1320 2312 1696 2386 dispositioni
1755 2309 2062 2383 temporiae

411 2403 717 2476 deputata.
786 2407 850 2460 Et
931 2404 1068 2460 licet
1131 2419 1205 2459 ex
1276 2401 1590 2472 Augustini
1647 2415 1825 2456 sensu
1883 2413 2065 2470 super

411 2492 716 2548 electionis
775 2492 1091 2564 positione,
1171 2508 1308 2564 quae
1371 2489 1684 2563 praemissa
1734 2493 1874 2544 sunt
1926 2503 2062 2560 pro-

413 2581 669 2652 tulerim,
717 2586 920 2636 tamen
973 2581 1032 2636 in
1083 2581 1246 2637 malo
1293 2581 1472 2636 etiam
1522 2596 1558 2635 a
1589 2579 1886 2652 propheta
1935 2580 2064 2632 Eze-

413 2668 565 2724 chiel
590 2669 856 2740 positum
881 2684 1104 2725 nomen
1137 2667 1441 2724 electionis
1470 2667 1777 2739 reperitur,
1806 2665 1911 2739 qui
1941 2665 2057 2722 ait:

419 2758 756 2814 Traducam
786 2773 886 2814 vos
930 2760 993 2814 in
1041 2759 1337 2814 desertum
1363 2757 1747 2826 populorum,
1798 2761 1853 2812 et
1889 2755 2061 2825 judi-

413 2847 596 2903 cabor
623 2848 922 2904 vobiscum
953 2847 1036 2903 ibi
1056 2848 1216 2917 facie
1240 2847 1322 2902 ad
1346 2846 1584 2916 faciem.
1637 2845 1807 2901 Sicut
1827 2845 2062 2916 judicio

415 2938 694 2994 contendi
720 2937 1037 2994 adversum
1054 2942 1260 3006 patres
1288 2942 1507 2992 vestros
1540 2936 1601 2990 in
1628 2935 1857 2991 deserto
1889 2941 2064 2992 terra

415 3028 686 3098 Egypti
707 3045 720 3095 ;
753 3027 838 3083 sic
847 3027 1137 3097 judicabo
1167 3042 1287 3094 vos,
1317 3026 1462 3082 dicit
1489 3025 1820 3082 Dominus:
1847 3031 1901 3082 et
1930 3026 2064 3081 sub-

404 3119 618 3188 jiciam
643 3132 744 3173 vos
770 3123 1002 3186 sceptro
1032 3132 1179 3187 meo,
1211 3122 1265 3173 et
1288 3116 1567 3172 inducam
1590 3130 1688 3170 vos
1718 3115 1779 3171 in
1809 3117 2064 3172 vinculis

411 3208 676 3277 foederis,
710 3213 764 3263 et
793 3208 1010 3278 eligam
1041 3207 1114 3264 de
1154 3207 1316 3262 vobis
1360 3211 1829 3276 transgressores
1871 3211 1924 3262 et
1954 3206 2064 3262 im-

412 3298 562 3365 pios,
587 3302 639 3352 et
661 3297 733 3352 de
755 3302 919 3352 terra
938 3297 1236 3352 incolatus
1257 3311 1456 3352 eorum
1479 3296 1728 3351 educam
1749 3296 1906 3364 illos,
1932 3300 1986 3351 et
2001 3312 2065 3351 in

416 3387 638 3438 terram
671 3384 865 3438 Israel
891 3399 1011 3438 non
1039 3384 1474 3453 ingredientur,
1508 3388 1563 3438 et
1591 3383 1784 3438 scietis
1804 3384 1946 3454 quia
1962 3397 2066 3453 ego

417 3473 703 3524 Dominus
741 3471 978 3539 (Eezch.
1006 3487 1106 3536 xx,
1140 3471 1343 3541 35-38).
1369 3471 1540 3535 Quod
1572 3470 1966 3542 Hieronymus
1987 3471 2068 3526 ita

415 3555 663 3628 exponit
690 3556 775 3626 (in
801 3555 1014 3611 Ezech.
1049 3571 1180 3626 cap.
1201 3573 1293 3623 xx,
1323 3558 1444 3626 35):
1469 3557 1751 3626 [Faciam,
1775 3558 1874 3623 ait,
1893 3557 2066 3613 vobis

415 3645 521 3716 qui
546 3643 688 3699 estis
716 3643 773 3698 in
807 3643 1133 3716 Babylone,
1161 3649 1218 3700 et
1241 3659 1402 3700 nunc
1425 3644 1657 3699 servitis
1683 3644 1877 3716 idolis,
1899 3645 2066 3718 quod

415 3734 526 3791 feci
555 3735 826 3808 patribus
855 3735 1064 3791 vestris
1101 3735 1160 3791 in
1195 3738 1443 3808 Egypto,
1491 3739 1555 3792 ut
1597 3737 1844 3793 educam
1876 3753 1976 3793 vos
2001 3753 2064 3794 in

416 3825 709 3881 desertum
731 3825 1114 3894 populorum,
1137 3829 1193 3880 et
1221 3825 1304 3880 ibi
1327 3825 1556 3896 judicet
1579 3825 1898 3882 vobiscum
1917 3826 2065 3882 facie

415 3913 494 3970 ad
521 3913 755 3982 faciem,
787 3914 939 3970 sicut
969 3914 1285 3970 adversum
1314 3915 1444 3970 illos
1481 3915 1710 3986 judicio
1757 3917 2062 3988 contendi,

415 4003 664 4076 quando
689 4003 912 4072 egressi
939 4008 1079 4059 sunt
1105 4003 1180 4060 de
1213 4007 1486 4078 ASgypto.
1514 4007 1578 4061 Et
1606 4011 1926 4078 postquam
1959 4023 2067 4063 vos

411 4093 780 4162 judicavero,
813 4091 1128 4162 subjiciam
1159 4109 1264 4148 vos
1294 4099 1529 4165 sceptro
1559 4110 1695 4150 meo
1717 4100 1772 4150 et
1792 4095 2063 4168 imperio,

417 4187 474 4238 et
503 4180 668 4236 inibo
696 4186 941 4253 pactum
962 4181 1299 4246 vobiscum,
1330 4187 1388 4238 et
1416 4183 1703 4238 inducam
1735 4199 1842 4239 vos
1866 4184 1928 4239 in
1959 4190 2068 4239 ter-

415 4285 548 4326 ram
566 4272 822 4325 vestram
854 4271 915 4325 in
944 4270 1194 4327 vinculis
1223 4271 1540 4339 eharitatis,
1577 4276 1642 4328 ut
1663 4272 1826 4342 ligati
1859 4289 2064 4329 amore
2096 4309 2141 4365 Β

417 4374 554 4414 meo
581 4373 969 4432 nequaquam
1015 4375 1050 4416 a
1097 4375 1193 4414 me
1240 4359 1480 4432 possitis
1506 4360 1800 4416 recedere.
1857 4363 2067 4417 Trans-

417 4463 718 4518 gressores
749 4452 950 4504 autem
1002 4453 1059 4505 et
1086 4448 1307 4521 impios
1351 4449 1457 4522 qui
1500 4449 1696 4506 cordis
1739 4449 1958 4508 duritia
2003 4451 2066 4507 in

416 4527 590 4594 malis
619 4537 902 4611 operibus
939 4542 1340 4610 perseverant,
1374 4537 1590 4609 eligam
1629 4539 1703 4595 de
1741 4539 1913 4595 vobis
1943 4556 2066 4596 non

417 4625 495 4681 ad
517 4627 974 4698 possidendum,
1009 4626 1114 4684 sed
1145 4627 1226 4684 ad
1254 4627 1681 4699 abjiciendum.
1717 4631 1782 4685 Et
1811 4629 2066 4686 educam

416 4715 663 4786 quidem
693 4733 795 4772 eos
819 4716 894 4772 de
919 4721 1074 4774 terra
1093 4716 1389 4774 incolatus
1407 4733 1616 4774 eorum
1642 4722 1708 4774 ut
1731 4718 1928 4774 educti
1944 4735 2069 4775 non

416 4804 829 4873 ingrediantur
855 4810 1074 4862 terram
1104 4807 1301 4877 Israel,
1329 4807 1434 4863 sed
1463 4807 1525 4863 in
1553 4807 1801 4865 diversis
1822 4813 2071 4881 pereant

417 4891 787 4960 regionibus,
833 4898 892 4949 et
937 4894 1313 4952 distinctione
1341 4896 1645 4953 bonorum
1677 4901 1733 4953 et
1770 4898 2068 4955 malorum

419 4981 795 5048 cognoscatis
825 4982 993 5054 quod
1035 4997 1148 5052 ego
1193 4985 1306 5040 sim
1363 4987 1494 5056 [al.,
1547 4987 1690 5059 quia
1743 5002 1854 5058 ego
1907 4986 2069 5055 sum]

420 5068 710 5124 Dominus
731 5070 835 5143 qui
861 5070 1015 5127 facio
1046 5078 1262 5129 cuncta
1281 5075 1552 5150 judicio].

489 5160 532 5229 -ι-
571 5158 761 5216 Claret
796 5159 997 5233 itaque
1027 5160 1377 5219 electionem
1427 5164 1527 5220 Dei
1576 5164 1755 5220 etiam
1802 5163 1863 5218 in
1906 5162 2069 5219 malo

418 5247 564 5320 poni
583 5249 918 5306 secundum
939 5252 1355 5325 propheticam
1377 5252 1861 5325 astipulationem
1887 5257 1944 5308 et
1963 5255 2071 5308 Do-

419 5336 567 5392 mini
590 5339 1143 5398 comminationem.
1171 5343 1413 5407 Verum,
1445 5341 1612 5413 quod
1640 5340 2068 5412 temporariam

417 5440 662 5498 quoque
683 5426 1195 5500 dispensationem
1223 5428 1530 5497 signiﬁcet,
1552 5433 1839 5484 testantur
1867 5430 2067 5486 eximii

419 5514 763 5574 divinorum
782 5518 1160 5591 eloquiorum
1182 5521 1550 5586 tractatores,
1573 5519 1676 5590 qui
1693 5533 2006 5592 nunquam
2031 5537 2069 5579 a

416 5606 714 5664 contrario
743 5610 866 5671 tuo,
895 5607 1005 5664 sed
1032 5622 1069 5663 a
1097 5605 1410 5679 temporali
1439 5606 1708 5680 quadam
1733 5609 1835 5668 Dei
1857 5609 2063 5684 dispo-

2169 1697 2428 1754 sponsor
2451 1681 2511 1737 in
2538 1681 2786 1736 crimine
2807 1685 2915 1750 est,
2935 1680 2982 1736 si
3003 1679 3097 1736 ille
3113 1680 3206 1736 cui
3228 1679 3661 1753 repromittitur
3681 1679 3830 1734 indi-

2168 1787 2354 1842 gnum
2387 1787 2448 1826 se
2479 1771 2680 1827 fecerit
2707 1770 3050 1844 sponsione,
3074 1769 3408 1842 praesertim
3438 1785 3581 1824 cum
3609 1785 3829 1842 propo-

2167 1866 2344 1917 natur
2371 1861 2534 1933 optio
2565 1860 2960 1933 promittentis
2990 1861 3058 1916 Si
3088 1860 3394 1916 volueritis
3425 1865 3480 1915 et
3506 1859 3828 1915 audieritis

2168 1967 2276 2018 me,
2298 1967 2427 2023 quae
2450 1951 2600 2007 bona
2622 1956 2760 2006 sunt
2785 1956 2962 2006 terra?
2983 1949 3294 2006 comedetis
3322 1965 3336 2003 :
3367 1949 3459 2003 sin
3491 1953 3700 2003 autem
3724 1960 3828 2000 no-

2172 2042 2422 2111 lueritis,
2448 2041 2690 2111 gladius
2711 2039 3015 2096 devorabit
3042 2055 3140 2095 vos
3165 2038 3292 2109 (lsa.
3313 2037 3565 2107 1,19,20).
3593 2035 3830 2105 Eligun-

2168 2133 2264 2186 tur
2285 2145 2428 2200 ergo
2457 2129 2830 2202 praescientia
2886 2129 3016 2200 [al.,
3062 2127 3400 2200 praesentia]
3456 2141 3570 2181 nec
3626 2125 3830 2180 statim

2169 2219 2273 2292 qui
2299 2217 2531 2288 eligitur
2557 2217 2768 2274 tentari
2799 2233 2920 2273 non
2951 2221 3147 2290 potest
3179 2231 3288 2272 nec
3325 2214 3541 2288 perire,
3596 2214 3748 2286 quia
3776 2216 3831 2268 et

2173 2309 2310 2365 Saul
2335 2307 2556 2364 electus
2585 2307 2648 2363 in
2672 2322 2896 2377 regem,
2934 2310 2991 2363 et
3035 2305 3220 2362 ludas
3247 2305 3310 2362 in
3340 2303 3688 2377 apostolum
3718 2317 3829 2358 suo

2170 2401 2378 2470 postea
2404 2396 2547 2452 vitio
2573 2400 2970 2461 corruerunt].

2240 2488 2282 2556 1-
2313 2485 2475 2541 Idem
2521 2485 2580 2541 in
2629 2485 2843 2542 eodem
2893 2486 2980 2554 (in
3021 2485 3237 2542 Επειδὴ.
3273 2499 3324 2540 c.
3359 2501 3400 2550 ι,
3430 2500 3491 2539 v.
3523 2484 3583 2538 t3
3603 2486 3658 2536 et
3691 2481 3812 2548 ωε

2169 2575 2508 2647 [Quomodo
2547 2575 2725 2646 igitur
2763 2574 2986 2632 crebris
3017 2574 3200 2631 micat
3225 2573 3468 2645 ignibus
3509 2571 3705 2636 aether,
3754 2573 3819 2626 et

2168 2666 2230 2721 in
2258 2665 2377 2721 ictu
2415 2665 2570 2721 oculi
2607 2670 2785 2738 atque
2829 2668 3136 2720 momento
3179 2663 3520 2720 discurrunt
3560 2660 3822 2730 fulgura,

2168 2759 2225 2812 et
2251 2759 2625 2811 revertuntur
2670 2770 2795 2810 non
2844 2756 3198 2810 amitttentia
3255 2753 3556 2809 matricem
3612 2753 3691 2817 et,
3752 2754 3828 2805 ut

2169 2845 2252 2900 ita
2281 2843 2552 2910 dixerim,
2585 2843 2812 2899 fontem
2839 2843 2993 2912 ignis
3019 2847 3198 2915 atque
3236 2841 3586 2899 materiam:
3633 2839 3722 2895 ita
3768 2842 3833 2894 et

2106 2933 2296 3013 Clisee
2327 2932 2630 2999 animalia,
2685 2949 2822 2988 cum
2871 2931 3170 2988 inoffenso
3213 2934 3466 3004 pergant
3510 2928 3690 3002 pede,
3745 2926 3831 2982 ad

2173 3021 2374 3094 priora
2403 3021 2716 3077 festinant:
2769 3020 2858 3076 sin
2891 3026 3090 3076 autem
3139 3019 3378 3076 conatui
3427 3035 3542 3074 suo
3594 3015 3832 3090 aliquid

2171 3112 2658 3186 oppositum[al.,
2697 3110 2982 3181 obsitum]
3012 3109 3283 3176 viderint,
3324 3125 3446 3165 non
3474 3112 3603 3164 tam
3631 3122 3825 3163 rever-

2173 3206 2376 3258 tuntur
2399 3216 2587 3273 quam
2626 3199 2986 3255 contrabunt
3032 3215 3096 3255 se
3143 3196 3523 3254 extendentia
3580 3211 3829 3251 sursum

2173 3293 2305 3366 [al.,
2363 3289 2738 3346 extendenda
2783 3289 3064 3360 rursum],
3126 3293 3182 3344 et
3233 3286 3561 3361 prtebitura
3617 3285 3828 3340 lumen

2171 3381 2338 3456 quod
2367 3395 2694 3452 parumper
2716 3379 3178 3442 absconderant,
3203 3381 3266 3432 ut
3291 3377 3433 3432 dent
3457 3376 3647 3431 servis
3669 3374 3830 3430 ciba-

2171 3471 2263 3526 ria
2291 3470 2353 3525 in
2382 3474 2648 3542 tempore
2679 3483 2927 3536 suo,nec
2953 3467 3219 3524 tribuant
3247 3469 3524 3521 sanctum
3548 3463 3829 3529 canibus,

2172 3576 2283 3615 nec
2340 3558 2577 3613 mittant
2633 3556 2987 3627 margaritas
3043 3560 3180 3610 ante
3227 3570 3466 3628 porcos.
3541 3553 3713 3608 Unde
3772 3558 3834 3608 et

2172 3648 2390 3705 Paulus
2419 3647 2594 3703 dicit:
2635 3649 2757 3703 Lac
2807 3647 2966 3702 vobis
3000 3652 3207 3715 polum
3255 3645 3396 3701 dedi
3440 3660 3560 3700 non
3611 3633 3830 3708 escam,

2173 3737 2424 3794 necdum
2453 3739 2608 3794 enim
2638 3751 2850 3806 capere
2869 3736 3160 3805 poteratis
3193 3735 3252 3802 (Ι
3271 3735 3409 3790 Cor.
3443 3749 3525 3799 in,
3558 3736 3636 3800 '2).
3673 3731 3831 3786 Elec-

2174 3828 2375 3899 tioque
2402 3825 2585 3896 Iudae,
2611 3829 2668 3881 et
2699 3823 2890 3881 Saulis
2918 3824 3141 3894 unctio,
3172 3837 3296 3879 non
3325 3825 3589 3893 arguunt
3639 3823 3833 3876 Deum

2173 3915 2523 3987 ignorantiae
2549 3915 2907 3980 futurorum,
2940 3913 3046 3968 sed
3075 3912 3464 3984 praesentium
3492 3912 3836 3966 monstrant

2173 4021 2302 4062 esse
2328 4004 2642 4077 judicem.]
2671 4005 2712 4074 -ι-
2740 4002 3091 4059 Ambrosius
3112 4003 3193 4074 (in
3215 4003 3491 4072 Epistola
3512 4000 3593 4056 ad
3613 4001 3825 4054 Roma-

2173 4111 2280 4152 nos
2318 4111 2392 4165 ix,
2429 4098 2555 4161 H):

2246 4182 2640 4255 [Praescientia
2667 4181 2766 4237 Dei
2805 4181 3035 4252 ﬂagitat
3064 4180 3123 4236 in
3154 4180 3247 4235 bis
3278 4180 3500 4247 causis,
3539 4195 3675 4250 quae
3705 4191 3831 4232 non

2173 4273 2336 4330 aliud
2363 4276 2555 4344 potest
2583 4271 2840 4340 evenire,
2893 4286 3081 4343 quam
3133 4269 3299 4343 quod
3346 4272 3499 4325 Deus
3538 4267 3832 4332 futurum,

2175 4359 2485 4417 sciendum
2526 4360 2654 4432 [al.,
2708 4359 2975 4431 sciendo]
3027 4359 3187 4414 enim
3239 4358 3405 4431 quod
3447 4355 3836 4429 unusquique

2172 4450 2412 4506 illorum
2465 4447 2662 4522 qualis
2726 4448 2961 4503 futurus
3017 4451 3192 4510 esset,
3271 4446 3476 4502 dixit:
3551 4445 3657 4500 Hic
3727 4444 3838 4499 erit

2174 4542 2396 4613 dignus
2419 4541 2522 4614 qui
2549 4541 2656 4596 erit
2684 4540 2901 4608 minor,
2930 4543 2986 4596 et
3021 4541 3127 4612 qui
3155 4539 3351 4610 major
3393 4537 3504 4594 erit
3548 4536 3831 4606 indignus

2174 4632 2342 4703 (Gen.
2394 4647 2535 4697 xxv,
2595 4634 2734 4700 23);
2808 4646 3000 4686 unum
3073 4629 3250 4701 elegit
3306 4626 3698 4700 praescientia,
3768 4627 3831 4679 et

2176 4721 2430 4777 alterum
2462 4720 2681 4794 sprevit
2711 4720 2876 4790 (Mal.
2911 4735 2949 4786 ι,
2986 4719 3079 4790 2);
3125 4723 3180 4774 et
3238 4717 3298 4772 in
3334 4716 3434 4772 illo
3483 4731 3670 4788 quem
3724 4713 3839 4770 ele-

2177 4810 2278 4881 git,
2337 4810 2716 4883 propositum
2777 4808 2878 4865 Dei
2947 4811 3172 4876 manet,
3243 4805 3391 4878 quia
3463 4804 3632 4860 aliud
3712 4819 3838 4859 non

2175 4902 2371 4972 potest
2415 4897 2616 4954 venire
2661 4914 2846 4970 quam
2887 4898 2994 4953 scit
3035 4900 3094 4951 et
3136 4893 3452 4968 proposuit
3490 4893 3552 4948 in
3596 4892 3720 4960 illo,
3777 4897 3842 4947 ut

2177 4987 2363 5043 salute
2393 4987 2612 5056 dignus
2643 4986 2734 5042 sit.
2761 4989 2826 5041 Et
2853 4985 2911 5040 in
2941 4984 3038 5041 illo
3068 5000 3252 5057 quem
3277 4983 3502 5056 spernit
3521 4983 3656 5054 [al.,
3679 4997 3843 5054 spre—

2175 5077 2296 5147 vit],
2326 5075 2500 5131 simili
2531 5075 2715 5131 modo
2756 5078 2961 5131 manet
2997 5074 3374 5148 propositum
3414 5071 3581 5144 quod
3619 5087 3844 5144 propo-

2179 5164 2298 5219 suit
2321 5164 2394 5219 de
2424 5162 2544 5231 illo,
2568 5163 2711 5236 quia
2730 5162 3013 5232 indignus
3043 5162 3170 5218 erit.
3201 5164 3317 5216 Hoc
3347 5159 3521 5232 quasi
3548 5159 3842 5232 praescius

2176 5269 2298 5309 non
2321 5267 2715 5326 personarum
2738 5258 3016 5324 acceptor
3037 5252 3225 5319 (Rom.
3245 5266 3326 5318 ix,
3355 5249 3460 5319 i3),
3485 5264 3629 5304 nam
3651 5248 3839 5304 nemi-

2176 5358 2316 5398 nem
2356 5342 2607 5398 damnat
2636 5345 2960 5413 antequam
2993 5343 3217 5412 peccet,
3241 5343 3299 5394 et
3321 5337 3557 5394 nullum
3588 5341 3843 5393 coronat

2177 5436 2503 5504 antequam
2525 5432 2723 5487 vincat
2743 5431 2834 5503 (II
2857 5431 3070 5506 ZimJi,
3095 5430 3168 5501 9).
3189 5432 3306 5484 Hoc
3328 5427 3579 5500 pertinet
3601 5427 3682 5483 ad
3704 5443 3845 5483 cau-

2179 5538 2308 5578 sam
2347 5521 2696 5577 Judteorum
2726 5520 2830 5593 qui
2862 5519 2974 5576 sibi
3003 5519 3400 5592 praerogativa
3448 5517 3577 5588 [al.,
3617 5531 3846 5590 praero-

2183 5611 2469 5683 gativam]
2499 5610 2846 5680 defendunt,
2891 5608 3061 5683 quod
3219 5607 3336 5667 sint
3362 5607 3614 5665 Abrahae
3639 5607 3842 5677 (Joan.
