4116 6186
255 84 390 142 1185

1195 86 1285 140 DE
1323 82 1982 143 PREDESTINATIONE
2018 80 2293 138 CONTRA
2330 80 2384 138 J.
2429 83 2719 142 SCOTUM.

3527 89 3662 145 1186

252 212 304 280 8,
353 213 438 278 59,
485 206 616 278 40);
675 205 999 278 Apostolus
1047 209 1248 263 autem
1297 210 1640 267 consolatur
1685 225 1768 276 se,
1813 210 1896 275 ut,
1929 208 1976 262 Α
2015 205 2349 263 admissum
2381 208 2594 278 scelus,
2628 205 2974 282 poenitentia
3015 207 3214 268 motus
3236 205 3454 279 laqueo
3477 209 3664 268 vitam

247 298 386 372 quia
414 296 723 365 dilexerat,
750 294 1025 351 dolorem
1048 295 1270 353 habere
1289 314 1350 353 se
1379 300 1596 364 cordis,
1619 299 1901 356 continuo

245 401 497 442 causam
527 385 656 455 [al.,
686 383 1043 440 continuum
1084 392 1292 450 causa]
1324 387 1750 444 incredulitatis
1781 386 1903 442 illo-

243 491 381 532 rum
410 490 668 548 quorum
699 473 946 545 adoptio
973 478 1102 529 erat
1128 473 1483 541 ﬁliorum,et
1502 478 1648 547 legis
1677 476 1900 532 consti-

248 564 395 620 tutio
427 565 608 635 (Rom.
634 579 714 633 1x,
745 567 802 632 2,
832 563 912 633 4),
945 566 1002 618 et
1043 579 1117 618 ex
1146 564 1368 635 quibus
1405 566 1665 621 Christus
1696 565 1900 622 Salva-

248 657 360 720 tor,
391 653 541 709 sicut
569 656 626 709 et
663 652 813 724 ipse,
843 651 961 707 ait:
996 650 1148 718 Quia
1194 655 1360 709 satus
1407 670 1479 710 ea:
1520 656 1750 712 Judtcis
1779 660 1861 710 est
1882 669 1904 722 ,'

252 746 499 798 tractata
523 741 650 811 lege
681 739 909 796 invenit
938 742 1080 812 quia
1109 757 1229 797 non
1261 759 1458 800 omnes
1488 745 1597 814 qui
1614 759 1688 799 ex
1713 743 1902 798 Israel

251 836 411 898 smt,
431 830 720 886 credituri
746 835 887 886 sunt
905 841 927 900 ,'
956 845 1146 901 neque
1164 831 1270 901 qui
1283 832 1570 887 dicuntur
1584 833 1702 900 ﬁlii
1722 831 1904 887 Abra-

255 919 365 987 hte,
398 934 634 976 omnnes
679 918 940 976 Abrahae
965 917 1122 974 ﬁlios
1164 917 1488 975 dicendos:
1537 920 1691 975 sicut
1720 936 1904 992 supra

249 1007 574 1064 memoravi
602 1008 730 1080 [al.,
764 1007 1278 1078 commemoravi].
1307 1007 1509 1064 Minuit
1553 1025 1694 1079 ergo
1733 1009 1903 1065 dolo-

247 1112 373 1152 rem
394 1113 569 1152 suum
584 1097 898 1153 inveniens
942 1095 1084 1152 olim
1124 1097 1476 1170 praedictum
1498 1099 1662 1170 quod
1681 1114 1802 1154 non
1820 1114 1906 1154 es-

246 1189 372 1241 sent
401 1200 614 1242 omnes
662 1185 940 1242 credituri
970 1187 1169 1254 (Joan.
1215 1186 1308 1256 tv),
1339 1192 1403 1242 ut
1434 1187 1492 1242 hi
1524 1187 1633 1242 soli
1663 1187 1909 1249 doleant

246 1275 376 1344 [al.,
393 1273 486 1328 his
508 1274 650 1329 solis
671 1273 909 1345 doleat],
928 1274 1029 1346 qui
1051 1289 1159 1347 per
1181 1273 1473 1330 invidiam
1494 1275 1904 1333 incredulitate

245 1361 563 1418 laborant:
598 1368 851 1436 possunt
876 1368 1077 1419 tamen
1116 1363 1377 1431 credere,
1409 1365 1573 1436 quod
1605 1381 1677 1420 ex
1710 1366 1908 1436 subje-

248 1451 354 1507 ctis
382 1452 608 1524 aperit:
641 1451 962 1510 incredulis
991 1456 1192 1508 tamen
1230 1453 1547 1525 prtedictis,
1579 1470 1701 1510 non
1731 1454 1905 1510 valde

2012 294 2201 352 ﬁnivit
2228 297 2468 368 (Matth.
2491 314 2672 367 xxvu,
2700 297 2772 368 5).
2807 300 2934 352 Non
2960 295 3121 351 enim
3151 299 3348 368 potest
3366 296 3430 352 in
3459 297 3662 372 aliquo

2011 399 2190 440 omne
2210 385 2440 442 bonum
2473 387 2706 458 penitus
2732 384 3088 452 oblitterari;
3117 384 3366 458 quippe,
3395 402 3534 443 cum
3552 403 3662 446 na-

2013 478 2144 530 tura
2186 490 2309 530 non
2359 475 2548 547 possit
2593 474 2918 544 immutari,
2953 473 3057 530 sed
3089 473 3408 544 voluntas;
3447 491 3571 532 non
3600 476 3666 534 in

2011 561 2296 617 omnibus
2349 567 2551 618 tamen
2596 562 2816 627 causis,
2848 560 2993 634 quia
3033 565 3304 618 remanet
3341 561 3405 618 in
3445 568 3666 622 natura

2012 649 2179 722 quod
2210 651 2546 707 testimonio
2577 652 2652 708 sit
2684 651 2988 722 Creatori.]

2083 739 2124 807 -ι-
2152 738 2246 793 His
2277 739 2560 794 omnibus
2587 740 2888 796 evinentcr
2930 738 3263 795 ostenditur
3288 744 3527 797 sanctos
3559 743 3666 799 Pa-

2013 830 2130 882 tres
2160 831 2272 882 tuai
2301 828 2735 884 eontrarietatis
2766 827 3016 884 modum
3043 827 3102 882 in
3141 834 3486 885 sanctarum
3517 831 3663 886 Scri-

2015 919 2325 988 pturarum
2363 916 2889 989 explanationibus
2937 916 3184 972 minime
3226 922 3486 987 secutos,
3534 919 3660 988 sed,

2012 1005 2357 1077 ubicunque
2384 1006 2705 1061 necessitas
2740 1005 3086 1077 postulavit,
3118 1022 3224 1078 per
3253 1013 3493 1080 tropum
3519 1009 3666 1065 anti-

2015 1095 2282 1168 phrasim
2312 1111 2449 1168 quae
2479 1095 2714 1151 fuerant
2759 1095 3119 1151 elucidanda
3146 1095 3376 1152 locutos
3401 1116 3413 1164 ;
3444 1097 3506 1152 in
3537 1098 3664 1153 suis

2013 1201 2154 1240 vero
2176 1184 2575 1241 locationibus
2600 1201 2702 1241 eos
2728 1186 2839 1241 isto
2864 1184 3150 1257 loquendi
3181 1185 3365 1241 modo
3390 1203 3664 1260 unquam

2015 1291 2160 1330 usos
2207 1274 2408 1344 fuisse,
2442 1291 2687 1348 prorsus
2742 1275 2891 1331 ratio
2939 1275 3323 1331 contradicit:
3374 1278 3666 1350 quoniam

2015 1364 2118 1436 qui
2139 1363 2216 1419 ad
2245 1363 2360 1419 hoc
2380 1364 2638 1420 obscura
2653 1363 2992 1419 divinorum
3013 1363 3389 1436 eloquiorum
3411 1370 3666 1423 tractan-

2015 1454 2093 1510 da
2115 1459 2502 1526 susceperant
2524 1459 2587 1510 ut
2606 1471 2815 1510 eorum
2840 1454 3125 1525 mysteria
3151 1455 3273 1510 suis
3295 1456 3666 1513 auditoribus

247 1539 576 1595 dolendum
598 1540 989 1613 est,quianon
1013 1544 1154 1596 sunt
1178 1542 1580 1613 praedestinati
1602 1542 1680 1598 ad
1702 1543 1902 1609 vitam;
1936 1556 1975 1610 ῃ
2015 1545 2332 1618 aperirent,
2393 1543 2560 1600 nullo
2612 1543 2798 1600 modo
2848 1543 3000 1600 ratio
3053 1543 3189 1599 sinit
3243 1559 3346 1600 eos
3397 1545 3668 1614 ﬁguratis

249 1628 624 1700 praescientia
651 1629 808 1685 enim
844 1629 942 1684 Dei
970 1628 1113 1684 olim
1142 1629 1254 1684 hos
1293 1645 1415 1686 non
1455 1630 1780 1687 salvandos
1806 1631 1906 1687 dc-

251 1718 450 1774 crevit.
484 1718 624 1783 Quis
655 1719 816 1774 enim
844 1717 1097 1791 plangat
1123 1734 1264 1774 eum
1309 1720 1412 1791 qui
1444 1719 1588 1775 olim
1633 1725 1905 1776 mortuus

249 1805 520 1876 habetur,
541 1806 647 1862 sed
675 1806 1153 1862 subintrantibus
1174 1807 1452 1876 gentibus
1474 1825 1611 1880 quae
1639 1809 1764 1864 sine
1788 1812 1906 1864 Deo

250 1893 415 1965 prius
441 1899 608 1950 erant
633 1895 813 1964 (Eph.
841 1911 900 1963 ιι,
929 1895 1005 1967 3),
1039 1899 1096 1950 et
1126 1894 1402 1964 salutem,
1434 1911 1622 1967 quam
1663 1896 1742 1951 illi
1773 1913 1905 1968 por-

254 1982 551 2053 diderunt,
604 1983 1055 2056 accipientibus,
1105 1985 1500 2040 exsuscitatur
1557 1985 1750 2053 dolor;
1801 1985 1908 2041 sed

258 2069 490 2138 iterum,
511 2073 654 2144 quia
681 2072 796 2144 ipsi
827 2072 939 2128 sibi
964 2072 1315 2145 perditionis
1347 2089 1535 2130 causa
1560 2079 1719 2136 sunt,
1753 2074 1910 2145 sopi-

259 2161 372 2214 tur.
403 2160 682 2215 Praescius
701 2161 903 2234 itaque
935 2165 1088 2217 Deus
1117 2161 1291 2217 malta
1321 2162 1452 2218 illos
1480 2162 1801 2219 voluntatis
1825 2163 1911 2218 fu-

257 2249 446 2316 turos,
463 2264 583 2304 non
605 2249 736 2306 illos
752 2250 960 2306 habuit
985 2251 1045 2307 in
1068 2266 1322 2307 numero
1343 2252 1644 2308 bonorum
1665 2271 1676 2321 ;
1701 2269 1911 2324 quam-

259 2335 351 2392 vis
381 2335 542 2393 dicat
574 2337 843 2394 Salvator
865 2338 977 2394 illis
997 2339 1373 2412 septuaginta
1392 2341 1634 2396 duobus
1653 2341 1910 2413 discipu-

249 2424 344 2496 lis,
377 2442 532 2498 quos
562 2427 820 2498 elegerat
873 2429 1136 2486 secunda
1184 2429 1395 2498 classe,
1425 2430 1529 2503 qui
1557 2430 1635 2486 ab
1674 2429 1776 2485 illa
1805 2445 1909 2502 po-

253 2517 380 2571 stea
408 2522 818 2573 recesserunt:
850 2519 1110 2575 Nomina
1157 2524 1354 2575 vestra
1407 2521 1633 2588 scripta
1681 2523 1819 2573 sunt
1847 2519 1909 2573 in

253 2604 401 2660 caelo
431 2606 597 2673 (Luc.
626 2622 679 2672 x,
709 2606 818 2678 20).
856 2606 966 2663 Sed
998 2607 1111 2663 hoc
1160 2612 1402 2680 propter
1423 2607 1740 2678 justitiam,
1767 2607 1912 2678 quia

250 2692 368 2748 hoc
395 2698 486 2749 est
509 2693 738 2765 justum
782 2699 845 2750 ut
891 2695 1216 2769 unicuique
1246 2712 1356 2769 pro
1405 2695 1618 2752 merito
1656 2710 1910 2766 respon-

251 2780 500 2851 deatur;
530 2782 674 2856 quia
697 2783 857 2840 enim
885 2783 1030 2840 boni
1061 2789 1248 2852 erant,
1273 2785 1439 2840 electi
1469 2789 1607 2840 sunt
1635 2783 1712 2840 ad
1736 2782 1912 2839 mini-

253 2871 526 2939 sterium,
560 2876 618 2928 et
646 2879 816 2929 erant
859 2876 1080 2946 scripta
1126 2874 1377 2930 nomina
1406 2874 1646 2929 illorum
1675 2873 1736 2928 in
1763 2872 1912 2929 cazlo

251 2965 505 3033 propter
562 2960 871 3032 justitiam,
937 2964 1089 3019 sicut
1152 2962 1316 3017 dixi:
1387 2961 1724 3018 secundum
1764 2979 1916 3034 prte-

252 3050 574 3106 scientiam
630 3066 768 3108 vero
818 3052 883 3107 in
931 3067 1184 3108 numero
1234 3054 1403 3106 erant
1455 3050 1777 3106 malorum.
1836 3054 1915 3106 De

242 3138 481 3210 justitia
527 3139 689 3194 enim
739 3141 896 3195 Deus
945 3140 1196 3210 judicat,
1229 3155 1352 3196 non
1412 3139 1486 3194 de
1515 3139 1912 3212 prmsciertia,

247 3227 414 3284 unde
445 3231 510 3282 et
537 3227 679 3282 Mosi
707 3228 887 3282 dicit:
934 3229 1004 3284 Si
1050 3231 1181 3299 quis
1219 3231 1491 3298 peccavit
1521 3235 1662 3285 ante
1686 3244 1794 3296 me,
1823 3229 1917 3284 de-

249 3320 408 3374 leam
438 3331 580 3374 eum
600 3316 673 3372 de
703 3316 854 3372 libro
884 3333 1009 3373 meo
1035 3318 1250 3388 (Exod.
1283 3335 1432 3386 xxu,
1461 3322 1548 3386 32,
1584 3319 1692 3389 33).
1729 3321 1797 3374 Ut
1825 3334 1914 3373 se-

249 3405 531 3463 cundum
554 3404 841 3476 justitiam
871 3405 1086 3477 judicis
1119 3411 1257 3463 tunc
1281 3407 1554 3464 videatur
1574 3407 1756 3463 deleri
1777 3423 1916 3463 cum

251 3498 491 3569 peccat,
517 3494 692 3565 juxta
734 3495 1167 3567 praescientiam
1213 3513 1378 3563 vero,
1408 3513 1722 3569 nunquam
1756 3496 1818 3552 in
1849 3495 1916 3551 li-

250 3584 361 3641 bro
388 3583 538 3640 vita:
569 3581 768 3639 fuisse.
812 3583 954 3640 Hinc
985 3588 1041 3640 et
1069 3585 1377 3657 apostolus
1419 3587 1676 3642 Joannes
1707 3585 1781 3641 de
1810 3585 1918 3640 hu-

248 3672 528 3746 jusmodi
557 3671 673 3728 ait:
707 3673 807 3729 Ex
831 3673 995 3729 nobis
1025 3676 1321 3741 exierunt,
1353 3675 1458 3731 sed
1504 3690 1624 3731 non
1663 3675 1916 3744 fuerunt

255 3779 330 3820 ea:
355 3763 575 3820 nobis:
601 3764 656 3818 si
680 3763 836 3818 enim
862 3763 1118 3832 fuissent
1141 3778 1216 3820 ex
1243 3765 1430 3830 nobis,
1450 3765 1918 3832 permansissent

257 3855 470 3926 utique
498 3851 802 3908 nobiscum
828 3852 888 3923 (Ι
915 3853 1090 3909 Joan.
1124 3869 1182 3920 ιι,
1220 3853 1324 3923 19).
1359 3856 1486 3908 Non
1516 3858 1604 3908 est
1639 3869 1922 3925 persona-

256 3957 394 3998 rum
425 3940 699 4013 acceptio
726 3941 788 3996 in
817 3941 1187 4013 praescientia
1218 3941 1489 4011 Dei(Col.
1512 3957 1592 4008 Ill,
1625 3942 1712 4012 25)
1738 3959 1751 3997 :
1777 3957 1923 4013 prae-

260 4031 522 4088 scientia
549 4045 688 4087 vero
717 4037 804 4086 est
827 4045 964 4102 quae
996 4031 1125 4102 [al.,
1159 4030 1320 4086 enim
1350 4029 1449 4085 Dei
1489 4033 1579 4084 est
1607 4031 1755 4101 qua]
1783 4029 1924 4085 deﬁ-

255 4121 464 4177 nitum
493 4119 676 4176 habet
701 4119 896 4192 qualis
925 4121 1399 4192 uniuscujusque
1426 4118 1626 4175 futura
1643 4118 1922 4175 voluntas

257 4211 380 4274 erit,
428 4209 492 4265 in
530 4224 654 4282 qua
689 4224 1015 4266 mansurus
1044 4214 1148 4278 est,
1181 4225 1289 4282 per
1317 4225 1503 4282 quam
1537 4213 1640 4265 aut
1667 4208 1921 4265 damne-

260 4305 357 4357 tur
393 4302 502 4355 aut
530 4301 863 4355 coronetur.
879 4299 1142 4372 Denique
1163 4315 1317 4371 quos
1351 4299 1458 4356 scit
1479 4299 1538 4354 in
1563 4298 1726 4355 bono
1747 4315 1921 4355 man-

267 4404 476 4459 suros,
501 4388 839 4460 frequenter
884 4393 1021 4446 ante
1070 4393 1210 4445 sunt
1253 4388 1416 4457 mali,
1449 4393 1505 4445 et
1546 4405 1699 4462 quos
1728 4388 1924 4445 malos

273 4478 393 4534 scit
419 4492 843 4549 permansuros
873 4479 1185 4552 aliquoties
1201 4479 1368 4552 prius
1391 4483 1528 4535 sunt
1551 4479 1732 4536 boni:
1767 4479 1928 4535 unde

272 4569 470 4624 cesset
511 4567 788 4640 quaerela,
821 4568 966 4641 quia
1009 4574 1159 4625 Deus
1209 4583 1603 4637 personarum
1652 4575 1931 4638 acceptor

274 4674 402 4714 non
429 4662 515 4714 est
545 4657 765 4729 (Ibid).
797 4661 948 4713 Nam
991 4660 1048 4712 et
1088 4656 1249 4727 Saul,
1291 4661 1347 4713 et
1392 4657 1577 4713 ludas
1626 4657 1932 4713 Iscariotes

282 4751 421 4802 ante
444 4746 685 4803 fuerunt
705 4745 874 4815 boni,
911 4745 1144 4801 dicente
1157 4744 1461 4816 Scriptura
1472 4745 1544 4800 de
1561 4745 1714 4800 Saut
1739 4761 1752 4798 :
1778 4745 1934 4801 Erat

279 4836 376 4891 vir
409 4835 592 4892 bonus
621 4841 676 4892 et
705 4851 827 4891 non
865 4841 995 4892 erat
1043 4836 1151 4891 illo
1180 4835 1394 4890 melior
1444 4835 1504 4890 in
1551 4834 1695 4903 filiis
1744 4834 1937 4892 Israel

280 4925 337 4997 (Ι
358 4928 502 4996 Reg.
534 4942 614 4994 1x,
661 4925 738 4997 2).
777 4927 846 4981 Et
891 4925 965 4981 de
1011 4926 1173 4982 Juda
1219 4924 1490 4981 Iscariote
1540 4924 1682 4980 dicit
1731 4927 1934 4981 Petrus

279 5014 593 5088 apostolus
617 5031 630 5069 :
659 5014 773 5082 Qui
793 5016 1038 5071 sortitus
1064 5020 1146 5071 est
1177 5021 1395 5072 sortem
1415 5015 1735 5072 ministerii
1755 5015 1936 5085 hujus

279 5105 344 5160 in
372 5105 562 5175 signis
591 5118 664 5160 ac
688 5103 980 5174 prodigiis
1003 5105 1301 5174 faciendis
1339 5104 1498 5176 (Act.
1535 5121 1576 5176 ι,
1614 5104 1746 5176 17)).
1780 5104 1937 5169 Quo-

281 5193 470 5249 modo
498 5193 677 5263 igitur
721 5191 1117 5249 ministerium
1163 5193 1420 5250 salutare
1469 5193 1793 5262 sortiretur,
1825 5189 1940 5246 nisi

284 5285 441 5338 esset
466 5282 711 5339 bonus?
745 5283 808 5339 in
854 5286 1012 5338 sorte
1041 5282 1201 5338 enim
1239 5282 1342 5339 Dei
1367 5281 1660 5353 judicium
1691 5278 1818 5346 fuit,
1850 5278 1940 5334 di-

289 5387 477 5441 gnum
507 5373 675 5428 illum
692 5372 876 5429 fuisse
897 5376 1161 5445 tempore
1179 5389 1300 5445 quo
1327 5371 1546 5427 electus
1578 5373 1684 5425 est.
1708 5367 1867 5425 Sicut
1888 5371 1944 5424 et

288 5463 370 5519 illi
398 5465 782 5538 septuaginta
821 5466 965 5536 duo,
996 5481 1152 5538 quos
1179 5480 1366 5537 supra
1390 5460 1719 5518 memoravi
1741 5461 1939 5532 (Joan.

290 5568 369 5623 VI,
398 5554 512 5628 67).
545 5555 689 5612 Ilinc
736 5559 824 5615 est
858 5555 1022 5613 unde
1064 5557 1122 5612 et
1172 5553 1376 5625 Judas,
1408 5554 1545 5625 post
1594 5550 1738 5612 mali
1768 5550 1944 5608 totius

2015 1632 2374 1690 dictionibus
2418 1632 2752 1704 insudasse,
2783 1632 3006 1706 quibus
3038 1632 3342 1688 auditores
3372 1649 3515 1689 suos
3544 1649 3668 1690 non

2015 1723 2390 1789 instruerent,
2468 1721 2615 1792 quin
2667 1722 2867 1794 potius
2913 1721 3324 1778 obscurarent.
3381 1723 3670 1789 Quocirca

2015 1812 2356 1868 nullatenus
2404 1811 2619 1866 eadem
2670 1810 2890 1866 locutio
2935 1810 3205 1882 putanda
3251 1816 3360 1881 est,
3391 1812 3669 1883 quandiu

2017 1902 2230 1972 legitur
2266 1899 2718 1972 prmdestinatos
2763 1899 2841 1955 ad
2894 1900 3314 1972 pcenam;.vel
3340 1901 3665 1971 interitum,

2017 2009 2153 2064 quae
2179 1994 2266 2047 est
2299 2006 2438 2045 cum
2467 1989 2681 2045 dicitur
2707 1987 2928 2056 electus
2953 1988 3156 2058 Judas,
3188 1991 3334 2062 quia
3361 1989 3666 2046 electionis

2018 2080 2261 2136 nomine
2313 2083 2536 2134 sanctae
2589 2078 2923 2150 Scripturaa,
2957 2095 3288 2151 earumque
3332 2079 3670 2136 ﬁdelissimi

2018 2173 2384 2232 tractatores,
2417 2183 2574 2236 raro,
2603 2166 2717 2222 nisi
2743 2165 2805 2221 in
2834 2166 2999 2222 bono
3023 2167 3119 2222 vel
3148 2172 3368 2223 aeterno
3395 2168 3490 2223 vel
3519 2173 3668 2223 tem-

2018 2257 2228 2332 porali,
2285 2256 2376 2312 usi
2425 2255 2611 2311 fuisse
2666 2255 3060 2328 reperiuntur.
3121 2255 3667 2312 Prsedestinationis

2017 2361 2160 2400 vero
2206 2342 2639 2413 signiﬁcatione
2663 2342 2943 2399 bifariam
2973 2359 3386 2417 saepenumero
3428 2343 3669 2416 publica

2017 2433 2436 2506 privatimque,
2468 2432 2560 2488 vel
2585 2432 2647 2487 in
2677 2432 3057 2488 sermonibus
3087 2433 3456 2489 videlicetad
3479 2449 3671 2505 popu-

2017 2521 2164 2589 lum,
2196 2521 2286 2577 vel
2312 2523 2372 2577 in
2395 2521 2741 2578 tractatibus
2765 2521 3014 2578 minime
3043 2521 3105 2577 in
3122 2522 3372 2592 vulgum
3397 2523 3670 2579 enuntia-

2020 2610 2114 2678 tis,
2146 2615 2312 2666 tanta
2363 2609 2696 2682 frequentia
2741 2609 2828 2664 uti
2881 2609 3222 2665 maluerunt
3264 2614 3329 2666 ut
3376 2626 3556 2683 super
3599 2625 3672 2667 eo

2020 2699 2168 2756 nulli
2232 2698 2524 2767 studioso,
2581 2698 2696 2754 nisi
2749 2697 3064 2754 inﬁdeliter
3128 2699 3438 2770 pertinaci,
3500 2698 3676 2756 liceat

2021 2789 2313 2845 dubitare.
2351 2789 2560 2844 Dicens
2586 2788 2790 2860 itaque
2815 2805 2827 2841 :

2591 2892 2834 2932 JOANNES
2877 2891 3101 2932 SCOTUS.

2095 2970 2260 3039 (Cap.
2312 2969 2397 3035 l3,
2428 2981 2598 3021 num.
2636 2970 2689 3036 ὅ,
2731 2969 2870 3021 sect.
2902 2966 2982 3035 2.)
3013 2970 3052 3018 Θ
3096 2966 3169 3021 Si
3210 2980 3349 3035 ergo
3386 2965 3674 3022 Dominus

2017 3058 2385 3128 proditorem
2415 3072 2586 3111 suum
2640 3070 2760 3110 non
2797 3054 3036 3111 erubuit
3065 3056 3378 3124 appellare
3401 3055 3673 3126 electum,

2023 3163 2134 3204 cur
2157 3149 2285 3217 ejus
2316 3146 2583 3201 imitator
2621 3148 2862 3200 sanctus
2899 3144 3272 3213 Augustinus
3312 3144 3674 3200 erubesceret

2023 3236 2287 3293 eumdem
2307 3235 2530 3290 scilicet
2550 3233 2920 3303 proditorem
2932 3247 3146 3288 vocare
3163 3232 3674 3302 praedestinatum,

2023 3326 2414 3395 similiterque
2461 3323 2783 3379 Judaicum
2808 3322 3124 3392 populum,
3156 3321 3396 3377 invidiae
3417 3320 3680 3390 perﬁdia

2024 3414 2334 3484 refertum,
2365 3413 2608 3469 Domini
2637 3413 2828 3468 nostri
2871 3413 3011 3468 Jesu
3063 3410 3292 3468 Christi
3329 3411 3679 3468 traditorem

2025 3521 2097 3562 ac
2112 3520 2225 3575 per
2251 3505 2360 3561 hoc
2395 3505 2896 3572 interemptorem,
2919 3518 3030 3559 cur
3049 3501 3352 3559 haesitaret
3371 3501 3681 3572 prwdesti-

2025 3597 2233 3647 natum
2267 3589 2461 3647 dicere
2490 3589 2572 3646 ad
2599 3588 2907 3644 interitum
2929 3589 2956 3643 ?

2691 3692 3019 3734 CORRECTIO.

2099 3766 2304 3839 +Quia
2334 3766 2498 3821 aliud
2526 3765 2770 3821 nomine
2791 3764 3354 3833 praedestinationis,
3380 3763 3547 3819 aliud
3567 3767 3683 3822 ele-

2031 3857 2241 3913 ctionis
2270 3853 2563 3910 vocabulo
2606 3851 2908 3908 intellexit.
2942 3851 3301 3906 Electionem
3330 3851 3556 3922 quippe
3583 3852 3685 3908 Dei

2031 3944 2222 4002 noluit
2247 3943 2361 3998 nisi
2410 3943 2472 3997 in
2521 3941 2683 3997 bono
2734 3939 2943 4008 accipi,
2971 3937 3505 4012 praedestinationis
3541 3955 3686 3996 vero

2032 4031 2549 4103 signiﬁcationem,
2584 4029 2735 4086 sicut
2760 4028 3003 4100 justitiae
3056 4032 3236 4101 atque
3272 4028 3481 4101 judicii
3533 4029 3684 4101 ejus,

2031 4121 2310 4179 bifariam
2341 4118 2706 4193 praedicavit.
2741 4121 2807 4174 Et
2852 4116 2989 4173 ideo
3039 4133 3162 4174 non
3213 4118 3451 4175 erubuit
3491 4118 3688 4175 dicere

2036 4211 2276 4284 saepius,
2296 4208 2756 4280 prcedestinatos
2803 4207 2884 4264 ad
2922 4222 3167 4277 pwnam
3210 4206 3307 4263 vel
3356 4208 3687 4278 interitum,

2034 4301 2326 4375 quoniam
2373 4302 2625 4356 noverat
2672 4297 2736 4354 id
2776 4295 3010 4353 veritati
3034 4295 3396 4370 justitiaaque
3433 4297 3690 4369 judicio-

2036 4408 2173 4448 rum
2222 4389 2324 4446 Dei
2371 4405 2479 4462 per
2526 4387 2734 4444 omnia
2761 4386 3097 4444 convenire.
3130 4384 3304 4442 Aliud
3347 4391 3436 4442 est
3489 4390 3692 4443 autem

2040 4480 2256 4536 electos
2285 4477 2380 4534 vel
2410 4476 2568 4533 ﬁlios
2600 4476 2701 4531 Dei
2745 4491 2854 4548 per
2882 4479 3168 4532 aeternam
3197 4473 3689 4539 misericordiam,

2041 4572 2222 4638 atque
2251 4565 2416 4621 aliud
2443 4564 2539 4621 vel
2584 4580 2692 4636 per
2721 4564 3086 4620 creationem
3115 4562 3211 4620 vel
3239 4578 3346 4635 per
3389 4565 3693 4634 tempora-

2040 4655 2160 4711 lem
2212 4653 2498 4725 aliquam,
2554 4651 2908 4708 nullomodo
2963 4655 3165 4708 autem
3218 4651 3434 4708 falsam
3489 4649 3584 4706 vel
3628 4650 3698 4705 ﬁ-

2045 4740 2688 4814 ctam,dispositionem
2711 4738 3022 4812 appellari.
3044 4739 3195 4804 Quia
3223 4743 3280 4797 et
3308 4755 3448 4796 cum
3462 4738 3698 4796 venitur

2046 4831 2126 4890 ad
2155 4847 2340 4888 sacrae
2389 4829 2854 4901 regenerationis
2903 4828 3281 4902 mysterium,
3307 4845 3700 4904 nequaquam

2046 4923 2178 4978 ﬁcte
2208 4925 2312 4977 aut
2341 4919 2549 4976 dolose
2569 4918 2831 4993 peccatis
2852 4919 3134 4976 omnibus
3151 4920 3571 4988 absolvuntur,
3589 4918 3702 4976 etsi

2045 5009 2437 5086 postmodum
2467 5008 2726 5082 pr0prias
2765 5008 3096 5082 iniquitatis
3128 5009 3541 5082 inquinatione
3572 5009 3701 5079 eju-

2050 5101 2222 5158 sdem
2278 5103 2502 5156 sanctas
2554 5098 2948 5156 absolutionis
2999 5103 3180 5172 atque
3228 5099 3526 5157 unctionis
3570 5113 3702 5153 mu-

2038 5184 2190 5248 ‘nere
2247 5190 2574 5264 priventur.
2622 5189 2829 5262 Itaque
2885 5188 2936 5244 si
2991 5189 3288 5246 absolutio
3337 5183 3704 5244 sacrosancti

2049 5279 2430 5353 baptismatis
2457 5277 2520 5334 in
2549 5276 2863 5335 abolendis
2893 5279 3244 5336 criminibus
3271 5291 3412 5333 vera
3437 5274 3566 5345 fuit,
3596 5288 3703 5330 ne-

2053 5385 2219 5424 cesse
2259 5373 2345 5426 est
2374 5374 2438 5424 ut
2472 5367 2675 5438 gratiae
2700 5369 3149 5439 regeneratricis
3178 5366 3383 5422 ﬁliatio
3416 5381 3554 5421 vera
3582 5363 3705 5419 fue—

2054 5459 2147 5514 rit.
2174 5459 2429 5515 Proinde
2451 5459 2602 5515 sicut
2625 5459 2768 5516 mali
2795 5460 2900 5514 ﬁlii
2929 5458 3262 5514 secundum
3295 5461 3584 5514 terrenam
3609 5468 3707 5523 ge-

2056 5547 2449 5618 nerationem,
2481 5547 2530 5605 si
2559 5564 2596 5606 a
2615 5547 2880 5621 paternis
2906 5546 3178 5604 moribus
3208 5543 3704 5612 exorbitant,jure
