4128 6200
602 141 642 212 ’τ
1565 160 1622 212 s.
1662 156 2036 213 pauonum
2070 156 2096 210 1

2206 155 2444 216 SENSIS
2482 159 2812 218 EPlSCOPl.

3773 172 3912 230 1188

490 283 966 351 exhaeredantur,
1000 297 1137 336 cum
1171 284 1371 336 tamen
1413 279 1512 336 ﬁlii
1559 296 1681 336 non
1732 296 1864 336 esse
1910 295 2141 353 nequa-
2168 282 2218 336 A
2255 285 2353 336 tus
2382 283 2748 351 Augustinus
2779 284 2873 355 (de
2901 285 3175 354 Corrept.
3207 290 3265 342 et
3297 283 3494 352 Grut,
3521 301 3654 360 cap.
3683 289 3762 361 8),
3803 287 3916 364 [vel

488 389 672 445 quam
728 372 993 443 possint:
1036 371 1115 427 ita
1163 374 1218 425 et
1272 369 1334 424 bi
1378 386 1532 442 quos
1571 370 1762 439 gratia
1810 376 2137 440 regenerat,

2251 369 2467 426 electos
2490 371 2582 427 vel
2604 371 2758 430 ﬁlios
2778 373 2943 430 dicia
2957 372 3362 432 nescientibus
3382 373 3529 446 quid
3551 375 3913 448 futurisunt,

486 461 651 530 haud
680 459 965 516 fallaciter
993 465 1285 516 vocantur
1329 459 1451 525 ﬁlii,
1485 460 1766 531 quamvis
1793 475 1828 516 a
1877 460 2140 531 parentis
2248 473 2374 514 non
2403 459 2482 515 ab
2512 460 2610 516 illo
2641 461 2746 532 qui
2774 478 2876 520 eos
2907 464 3074 518 novit
3115 478 3239 518 non
3284 462 3504 530 habere
3534 479 3916 536 perseveren-

483 550 756 606 moribus
783 550 1159 623 iniquissime
1189 550 1604 620 desciscentes,
1636 550 1793 606 illius
1839 566 1969 606 sese
2009 567 2132 606 mu-

482 640 726 696 neribus
752 631 908 696 adeo
933 639 1214 708 indignos
1243 639 1520 706 eﬁiciant,
1540 644 1603 694 ut
1624 639 1985 695 haereditatis
2010 655 2135 695 sor-

482 733 601 786 tem
642 729 889 785 minime
926 730 1367 786 nanciscantur.
1399 732 1568 795 Nam,
1595 729 1826 785 dicente
1859 729 2130 796 Domino,

477 818 664 874 Filios
683 818 868 888 genui
897 823 952 874 et
981 819 1267 884 exaltavi,
1293 818 1407 887 ipsi
1433 823 1630 874 autem
1661 833 1752 874 me
1779 824 2131 887 spreverunt

477 908 618 978 (Isa.
651 923 691 973 1,
722 907 795 978 2),
831 907 964 979 quis
995 912 1118 963 tam
1167 923 1371 962 vecors
1419 906 1492 962 sit
1538 912 1602 962 ut
1649 906 1868 962 audeat
1918 905 2129 962 saltem

476 1001 686 1068 putare
718 995 1038 1051 Dominum
1068 1012 1190 1051 non
1213 996 1327 1051 hoc
1356 995 1661 1065 veraciter,
1693 995 1799 1051 sed
1829 1011 1865 1051 a
1891 1001 2126 1052 contra-

475 1085 562 1141 rio
603 1085 826 1141 dixisse
854 1102 962 1157 pro
989 1101 1110 1140 non
1142 1085 1320 1154 genui
1349 1084 1542 1140 ﬁlios?
1581 1100 1799 1157 nempe
1831 1085 1880 1139 si
1909 1084 2128 1140 dixeris

471 1175 628 1242 ﬁlios
657 1176 840 1246 genui
865 1190 974 1246 pro
1025 1191 1095 1229 eo
1146 1174 1311 1246 quod
1350 1178 1438 1229 est
1467 1190 1588 1229 non
1618 1173 1771 1229 ﬁlios
1803 1175 2000 1244 genui,
2033 1174 2128 1230 vel

470 1263 624 1319 ﬁlios
650 1281 771 1320 non
801 1263 998 1334 genui,
1031 1263 1178 1336 quid
1202 1263 1449 1320 indictis
1480 1264 1866 1336 sequentibus
1882 1264 2127 1333 intelligi

469 1353 685 1420 valeat,
720 1354 915 1410 dicere
945 1369 1068 1409 non
1121 1354 1363 1426 poteris.
1400 1353 1456 1410 Si
1482 1353 1640 1409 enim
1685 1353 1787 1409 ﬁlii
1831 1369 1952 1409 non
1998 1354 2124 1409 fue-

467 1447 625 1512 runt,
658 1459 1045 1516 nequaquam
1099 1459 1200 1498 eos
1245 1443 1467 1512 genuit,
1500 1446 1602 1498 aut
1651 1443 1700 1496 si
1744 1458 1865 1498 non
1899 1443 2121 1512 genuit,

467 1531 632 1587 nullo
676 1533 859 1588 modo
888 1531 993 1586 ﬁlii
1031 1531 1287 1597 fuerunt,
1321 1530 1628 1602 quomodo
1660 1546 1802 1600 ergo
1833 1532 2123 1604 sprevisse

2247 546 2393 603 tiam
2421 565 2556 620 quae
2586 550 2664 605 ad
2683 550 2924 608 beatam
2941 551 3128 607 vitam
3146 551 3416 623 perducit
3437 552 3655 610 electos
3674 573 3687 622 ;
3713 572 3916 631 neque

2242 634 2375 692 illos
2408 643 2584 708 stare,
2606 644 2669 694 ut
2700 640 3024 710 praescierit
3051 656 3184 700 esse
3210 656 3474 698 casuros.
3504 644 3618 702 Nec
3638 660 3752 700 vos
3777 663 3912 703 mo-

2243 731 2376 782 veat
2406 727 2570 799 quod
2596 727 2729 784 ﬁliis
2758 729 2879 785 suis
2905 729 3272 801 quibusdam
3298 733 3583 795 Deusnon
3604 731 3914 794 datistam

2239 817 2766 886 perseverantiam.
2798 818 2965 874 Absit
2993 817 3152 874 enim
3185 824 3248 876 ut
3284 819 3366 874 ita
3404 825 3578 886 esset,
3606 821 3653 877 si
3686 822 3765 882 de
3795 824 3910 880 illis

2239 904 2675 975 praedestinatis
2704 912 2922 976 essent,
2947 911 3002 963 et
3035 907 3368 963 secundum
3399 910 3780 980 propositum
3811 929 3912 970 vo-

2239 993 2420 1048 catis!
2466 995 2573 1059 Qui
2603 1011 2748 1050 vero
2796 1011 2918 1055 non
2963 1003 3103 1052 sunt
3144 996 3247 1052 lilii
3298 997 3744 1068 promissionis,
3772 1001 3909 1071 jam

2235 1080 2350 1150 isti,
2381 1099 2522 1138 cum
2564 1083 2664 1156 pie.
2707 1084 2932 1147 vivunt,
2964 1084 3247 1146 dicuntur
3427 1086 3560 1154 Dei;
3603 1087 3713 1146 sed
3749 1105 3908 1162 quo-

2236 1170 2402 1227 niam
2432 1171 2641 1229 victuri
2683 1179 2825 1230 sunt
2875 1174 3081 1246 impie,
3122 1180 3178 1231 et
3224 1175 3287 1234 in
3328 1175 3542 1234 eadem
3591 1178 3904 1251 impietate

2235 1262 2526 1331 morituri,
2558 1279 2682 1319 non
2711 1280 2814 1320 eos
2863 1263 3005 1320 dicit
3033 1264 3185 1320 ﬁlios
3212 1266 3313 1322 Dei
3342 1267 3718 1337 praescientia
3741 1269 3900 1342 Dei.)

2236 1352 2632 1422 Nequaquam
2648 1352 3066 1421 intelligendus
3087 1358 3176 1410 est
3187 1354 3486 1427 prmdictis
3500 1354 3752 1412 ﬂlietatis
3765 1374 3901 1414 mo-

2233 1438 2513 1511 dis,quos
2538 1444 2657 1496 tam
2677 1457 2738 1498 se
2763 1457 2950 1513 quam
2980 1442 3134 1502 alios
3163 1443 3414 1516 adaeque
3435 1443 3768 1506 catholicos
3791 1449 3900 1504 Pa-

2233 1530 2350 1582 tres
2378 1535 2627 1586 noverat
2647 1530 2958 1599 diligenter
2987 1531 3168 1591 fuisse
3203 1532 3570 1604 complexos,
3592 1533 3781 1590 alium
3807 1553 3906 1591 su-

465 1625 698 1692 patrem
746 1623 1210 1693 gignentemque
1253 1621 1548 1688 dicuntur,
1592 1620 1696 1693 qui
1747 1621 1838 1677 vel
1884 1620 1989 1676 ﬁlii
2033 1621 2122 1679 vel
2156 1637 2192 1689 Β
2230 1617 2560 1687 peraddere
2586 1618 2988 1686 voluisse,sed
3016 1626 3317 1692 quantum
3345 1621 3616 1678 humana
3644 1623 3898 1680 inﬁrmi-

469 1710 648 1781 geniti
678 1726 799 1766 non
829 1711 1114 1766 fuerunt?

2234 1710 2341 1775 tas,
2374 1723 2445 1762 ac
2492 1723 2598 1779 per
2645 1709 2758 1765 hoc
2799 1714 2857 1767 et
2904 1708 3266 1778 ignorantia,
3310 1725 3346 1765 a
3393 1709 3600 1772 divina
3643 1712 3899 1770 scientia

538 1799 843 1872 Siquidem
873 1799 975 1854 ﬁlii
1005 1799 1068 1854 in
1096 1798 1410 1870 Scripturis
1441 1799 1662 1854 sanctis
1691 1799 1892 1854 multis
1921 1800 2124 1855 modis
2228 1801 2459 1852 remota
2505 1797 2578 1853 sit
2628 1797 2960 1864 intimasse,
2993 1799 3090 1857 cui
3117 1799 3459 1867 divinorum
3498 1800 3894 1860 consiliorum

464 1886 750 1960 appellari
791 1887 1005 1953 solent,
1032 1903 1294 1960 quorum
1323 1888 1658 1944 usitatiores
1685 1893 1842 1956 sunt,
1877 1895 2113 1958 natura,

461 1977 784 2050 adoptione
834 1977 1180 2044 imitatione,
1222 1977 1513 2034 doctrina.
1574 1981 1796 2034 Natura
1853 1979 2020 2034 lsaac
2061 1983 2119 2034 et

461 2067 677 2124 lsmacl
719 2067 823 2122 ﬁlii
878 2067 1223 2135 Abraham;
1274 2067 1418 2123 item
1470 2067 1574 2122 ﬁlii
1619 2069 1800 2127 Isaac,
1833 2067 2017 2123 Jacob
2061 2071 2118 2123 et

461 2161 636 2214 Esau.
672 2159 937 2224 Quorum
986 2156 1200 2214 lsmacl
1252 2162 1309 2212 et
1353 2160 1507 2213 Esau
1537 2157 1818 2229 quamvis
1848 2161 2112 2229 paternae

459 2247 630 2303 sortis
660 2246 958 2304 funiculos
1001 2263 1073 2302 ex
1122 2246 1584 2318 repromissione
1623 2246 1870 2301 minime
1906 2262 2110 2318 perce-

455 2335 704 2408 pissent,
731 2352 1123 2410 nequaquam
1152 2339 1352 2392 tamen
1380 2334 1484 2390 ﬁlii
1532 2351 1660 2390 esse
1697 2334 2105 2391 destituerunt.

457 2425 809 2498 Adoptione,
835 2423 1055 2481 sicutet
1074 2425 1359 2480 humanae
1382 2423 1832 2480 consuetudinis
1853 2425 2112 2480 affectio-

451 2514 632 2571 nibus
661 2516 787 2570 ﬁeri
819 2514 1057 2576 assolet,
1086 2518 1160 2581 et,
1195 2513 1358 2586 quod
1380 2519 1470 2569 est
1493 2513 1680 2569 multo
1702 2513 2105 2583 excellentius,

451 2603 699 2676 quando
730 2619 836 2676 per
863 2602 1193 2658 indebitam
1237 2601 1490 2672 gratiam
1529 2602 1909 2674 adOptamur,
1941 2607 2005 2658 ut
2035 2602 2108 2657 si-

451 2708 587 2750 mus
616 2691 719 2747 ﬁlii
750 2691 850 2747 Dei
875 2708 886 2745 :
924 2690 1088 2746 Unde
1110 2690 1252 2746 dicit
1283 2690 1634 2762 Apostolus:
1662 2692 1799 2745 Non
1829 2693 1984 2747 enim
2011 2708 2106 2748 ac-

449 2783 682 2853 cepistis
707 2783 985 2852 spiritum
1038 2782 1340 2838 servitutis
1388 2782 1605 2837 iterum
1643 2783 1708 2836 in
1742 2783 1982 2852 timore;
2005 2783 2106 2838 sed

447 2873 756 2942 accepistis
785 2873 1064 2941 spiritum
1087 2870 1423 2939 adoptionis
1452 2871 1739 2938 ﬁliorum,
1759 2872 1821 2926 in
1844 2887 1959 2942 quo
1981 2873 2101 2928 cla—

2227 1888 2405 1956 atquc
2429 1885 2792 1956 judiciorum
2825 1887 3070 1944 minime
3101 1893 3266 1960 patet
3294 1888 3563 1946 intuitus.
3597 1890 3892 1950 Dicuntur

2225 1987 2368 2040 ergo
2393 1974 2620 2029 anobis
2637 1974 2741 2029 ﬁlii
2756 1974 2991 2044 Dei,nec
3017 1981 3220 2032 tamen
3243 1977 3891 2051 mendaciter,propter

2223 2067 2568 2134 susceptam
2600 2065 2998 2137 temporaliter
3023 2066 3280 2136 gratiam
3299 2083 3421 2139 qua
3440 2083 3563 2124 non
3594 2068 3888 2126 fallaciter

2223 2151 2331 2206 sed
2361 2153 2646 2208 veraciter
2675 2160 3054 2222 generantur,
3071 2155 3349 2227 quamvis
3373 2171 3500 2216 non
3523 2156 3642 2214 sint
3669 2157 3745 2214 ad
3765 2159 3890 2216 hoc

2220 2238 2389 2296 electi
2443 2247 2511 2297 ut
2559 2242 2966 2300 haereditatem
3011 2260 3154 2300 cum
3197 2245 3681 2316 repromissionis
3737 2247 3883 2303 ﬁliis

2218 2337 2642 2404 consequatur.
2675 2336 2824 2389 Sunt
2871 2333 3071 2406 itaque
3119 2333 3242 2398 ﬁlii,
3286 2334 3395 2394 sed
3427 2336 3880 2408 temporaliter;

2217 2434 2340 2474 non
2387 2425 2528 2475 sunt
2571 2420 2698 2492 ﬁlii,
2732 2421 2836 2477 sed
2883 2421 3258 2480 mternaliter.
3293 2423 3352 2485 Si
3395 2423 3555 2482 enim
3591 2425 3882 2482 veraciter

2216 2513 2598 2576 generantur,
2629 2510 2916 2566 veraciter
2942 2515 3080 2566 sunt
3116 2509 3240 2579 ﬁlii,
3273 2510 3408 2568 licet
3445 2512 3639 2568 minus
3681 2513 3738 2570 in
3769 2529 3877 2570 ea-

2213 2596 2354 2652 dem
2379 2598 2759 2668 generatione
2789 2601 3189 2671 permansuri,
3213 2615 3322 2658 nec
3351 2600 3435 2657 ad
3460 2601 3868 2658 hmreditatem

2211 2688 2692 2756 permanentium
2736 2689 3096 2760 perventuri.
3134 2691 3281 2747 Sunt
3311 2705 3455 2760 ergo
3479 2690 3578 2746 ﬁlii
3609 2705 3864 2759 regene-

2209 2774 2474 2846 rationis,
2506 2776 2611 2831 sed
2640 2778 3062 2849 temporaliter,
3094 2794 3216 2836 non
3243 2784 3384 2836 sunt
3412 2779 3514 2836 ﬁlii
3542 2782 3875 2853 repromis~

2210 2862 2412 2931 sionis,
2482 2864 2587 2920 sed
2660 2867 3126 2938 perpetualiter:
3184 2868 3484 2926 Exierunt
3557 2884 3628 2924 ea:
3684 2869 3886 2926 nobis.

444 2976 673 3016 mamus
701 2961 873 3017 Abba
901 2963 1120 3029 Pater;
1166 2959 1369 3030 itaque
1385 2962 1517 3029 jam
1548 2975 1668 3015 non
1697 2975 1898 3016 sumus
1917 2962 2094 3030 servi,
2128 2986 2180 3043 ο,
2208 2953 2265 3022 (Ῐ
2286 2955 2464 3010 ιῙοαη.
2499 2971 2559 3022 ιι,
2594 2955 2679 3026 19)
2710 2955 2851 3012 fidei
2890 2958 3338 3026 communione.
3371 2975 3558 3031 quam
3604 2957 3684 3014 ad
3713 2962 3881 3016 tem-

442 3051 544 3107 sed
569 3053 713 3120 ﬁlii;
747 3051 906 3123 quod
934 3052 986 3106 si
1007 3050 1142 3120 ﬁlii,
1171 3057 1225 3108 et
1255 3050 1536 3116 hazredes,
1569 3050 1828 3106 haeredes
1859 3051 2095 3121 quidem
2204 3058 2319 3115 pus
2346 3043 2666 3101 nobiscum
2687 3053 3110 3120 perceperant:
3140 3048 3256 3104 Sed
3288 3064 3410 3106 non
3456 3053 3625 3120 erant
3659 3063 3733 3104 ea:
3763 3066 3875 3105 no-

440 3141 568 3212 Dei,
601 3141 929 3199 cohzeredes
958 3146 1154 3198 autem
1189 3141 1418 3198 Christi
1439 3140 1630 3210 (Rom.
1665 3155 1791 3209 vm,
1830 3140 1890 3195 15
1921 3143 2089 3213 seq.).

440 3230 770 3287 lmitatione
796 3235 860 3287 ut
877 3231 1037 3287 idem
1061 3229 1381 3303 Apostolus
1409 3229 1726 3285 admonet:
1755 3230 2092 3286 Imitatores

438 3319 548 3376 Dei
570 3327 748 3378 estote
767 3323 920 3376 sicut
948 3321 1067 3389 ﬁlii
1093 3319 1432 3376 charissimi
1449 3319 1628 3390 (Eph.
1663 3335 1716 3390 v,
1753 3320 1824 3389 t),
1854 3323 1911 3374 et
1940 3319 2092 3376 sicut

437 3410 722 3465 Dominus
751 3411 973 3465 Judaais
1001 3409 1337 3464 naturalem
1368 3408 1624 3464 Abrahae
1645 3409 2087 3478 generationem

433 3496 917 3565 obtendentibus,
940 3497 1311 3570 proindeque
1343 3513 1470 3552 sese
1500 3497 1816 3569 superbius
1847 3500 2090 3556 efferen-

435 3585 612 3652 tibus,
658 3585 840 3641 dixit:
897 3586 1006 3640 Vos
1057 3600 1130 3642 ex
1177 3591 1356 3655 patre
1407 3586 1645 3642 diabolo
1697 3588 1832 3642 estis
1884 3591 2080 3655 (Joan.

431 3689 552 3742 vm,
574 3675 687 3746 44),
719 3673 885 3746 quod
915 3689 1037 3746 quo
1081 3689 1262 3730 sensu
1289 3673 1520 3744 dixerit,
1555 3675 1741 3747 aperit
1767 3691 1906 3731 cum
1938 3678 2080 3733 sub-

422 3762 659 3835 jungit:
709 3764 788 3819 Et
835 3763 1132 3819 desideria
1180 3764 1376 3832 patris
1424 3765 1606 3819 vestri
1656 3765 1837 3820 vultis
1878 3766 2082 3835 facere

427 3851 648 3928 (Ibid.).
681 3851 870 3909 Judaei
899 3851 1122 3926 quippe
1147 3851 1496 3922 imitatione,
1521 3869 1642 3909 non
1671 3858 1886 3910 natura
1911 3862 2080 3913 erant

425 3939 530 3998 ﬁlii
576 3941 821 3998 diaboli.
854 3942 928 3998 At
959 3957 1097 3997 cum
1147 3945 1346 3998 essent
1397 3946 1612 3999 natura
1661 3942 1764 3998 ﬁlii
1796 3943 2075 4016 Abrahae,

423 4030 600 4102 longe
627 4048 663 4088 a
684 4047 924 4087 morum
945 4031 1100 4086 illius
1123 4030 1452 4087 imitatione
1473 4031 1887 4089 discesserant.
1912 4035 2075 4090 Unde

423 4125 480 4178 et
516 4121 600 4176 eis
631 4121 920 4176 Dominus
951 4121 1388 4194 exprobrabat:
1422 4122 1492 4177 Si
1519 4124 1714 4179 essetis
1740 4125 1859 4192 ﬁlii
1885 4125 2076 4182 Abra-

420 4210 531 4281 hae,
560 4224 741 4279 opera
781 4209 1044 4266 Abrahae
1082 4211 1371 4280 fecissetis
1404 4210 1599 4281 (Ibid,
1632 4216 1744 4280 39),
1795 4213 1897 4266 ubi
1947 4229 2071 4269 non

2205 3133 2289 3188 bis
2346 3133 2629 3191 electione
2686 3137 2892 3205 gratiae
2950 3137 3452 3209 perseverantiam
3505 3137 3869 3207 largientis:

2199 3223 2500 3279 Exierunt
2553 3240 2626 3282 ea:
2678 3227 2842 3281 nobis
2895 3226 3352 3299 participatione
3381 3227 3654 3298 mysterii
3694 3229 3871 3300 quod

2200 3317 2619 3384 perceperant;
2673 3314 2781 3370 sed
2828 3331 2947 3372 non
2998 3322 3171 3372 erant
3221 3331 3295 3372 ea:
3333 3316 3499 3372 nobis
3529 3316 3868 3388 adoptione

2197 3401 2382 3471 regni,
2417 3418 2540 3474 qua
2573 3418 2634 3457 se
2686 3419 2868 3476 prave
2899 3405 3158 3462 vivendo
3194 3405 3476 3475 indignos
3512 3406 3864 3464 etlecerant.

2198 3491 2376 3546 Erant
2419 3507 2559 3561 ergo
2597 3493 2716 3560 ﬁlii
2745 3494 3153 3565 temporaliter
3194 3495 3682 3564 regenerationis,
3735 3512 3866 3559 non

2193 3586 2365 3635 erant
2392 3581 2512 3649 ﬁlii
2535 3582 2846 3652 promissa:
2877 3583 3238 3639 aeternaliter
3257 3583 3645 3640 basreditatis.

2263 3668 2552 3728 Quocirca
2577 3687 2715 3726 cum
2745 3671 2893 3727 dicis
2926 3672 3077 3745 (cap.
3108 3677 3191 3736 t3,
3216 3677 3453 3740 num.6,
3477 3677 3618 3730 sect.
3646 3678 3702 3745 3)
3731 3690 3856 3730 non

2190 3772 2308 3813 esse
2319 3759 2476 3826 ﬁlios
2507 3761 2618 3816 Dei
2627 3766 2848 3830 praeter
2863 3762 3072 3818 electos
3103 3764 3250 3832 ejus,
3275 3777 3464 3834 neque
3485 3764 3698 3820 electos
3718 3766 3853 3833 ejus

2183 3853 2405 3915 praeter
2433 3849 2509 3905 ab
2538 3865 2601 3906 eo
2627 3851 3125 3922 praedestinatos;
3149 3858 3206 3908 et
3234 3854 3562 3912 conversim
3587 3869 3701 3910 non
3722 3869 3852 3911 esse

2181 3938 2637 4004 praedestinatos
2658 3946 2890 4008 praeter
2909 3942 3140 4004 electos,
3171 3957 3360 4014 neque
3387 3943 3600 4001 electos
3615 3949 3850 4013 praeter

2182 4026 2382 4099 ﬁlios].
2412 4030 2630 4085 Verum
2654 4033 2760 4097 est,
2785 4030 2833 4085 si
2863 4029 2938 4086 de
2967 4031 3061 4086 bis
3092 4033 3516 4089 tantummodo
3532 4033 3636 4106 qui
3656 4033 3737 4088 ad
3755 4050 3848 4090 re-

2183 4129 2371 4184 gnum
2392 4117 2798 4189 praedestinati
2816 4123 2973 4189 sunt,
2991 4119 3374 4190 intelligatur.
3394 4125 3562 4184 Nam,
3587 4122 3732 4178 sicut
3752 4122 3845 4176 di-

2181 4205 2302 4260 xim
2312 4222 2380 4260 us
2391 4221 2511 4261 non
2527 4206 3114 4281 mendaciter,neque
3127 4226 3164 4266 a
3175 4211 3610 4280 contrario,sed
3621 4211 3847 4272 veraci-

417 4303 699 4354 naturam
759 4299 1016 4369 negavit,
1086 4299 1195 4372 sed;
1252 4298 1642 4355 imitationem
1716 4299 2066 4358 dissimilem
2094 4339 2150 4395 ﬂ
2182 4295 2786 4395 temutiqgeloquitur
2804 4299 3206 4355 Deusttlius
3227 4301 3841 4371 meusprimogenilus

414 4386 756 4460 objurgavit
785 4387 1093 4455 doctrinae,
1118 4391 1181 4442 ut
1203 4386 1527 4459 Apostolus
1559 4388 1674 4444 ait:
1703 4389 1913 4444 Filioli
1930 4393 2063 4456 mei,

414 4494 557 4550 quos
585 4479 801 4535 iterum
836 4478 1116 4548 parturio
1141 4477 1332 4540 donec
1369 4477 1671 4546 formetur
1700 4479 1973 4536 Christus
2004 4482 2066 4537 in

410 4564 570 4621 vobis
595 4565 752 4638 (Gal.
780 4583 858 4638 1v,
890 4568 1020 4638 29);
1055 4570 1111 4622 et
1139 4581 1418 4622 rursum:
1452 4567 1608 4623 Nam
1645 4583 1762 4636 per
1788 4568 2068 4640 Evange-

414 4653 558 4724 lium
590 4656 653 4711 in
687 4656 925 4713 Christo
949 4658 1104 4727 Jesu,
1137 4671 1241 4726 ego
1272 4671 1366 4712 vos
1395 4657 1577 4726 genui
1601 4655 1661 4727 (I
1681 4657 1818 4713 Cor.
1843 4671 1916 4724 1v,
1956 4660 2060 4731 15).

409 4743 695 4801 Dicuntur
724 4745 924 4814 etiam,
953 4747 1074 4816 ﬁlii
1110 4746 1303 4817 Regni
1329 4746 1568 4817 (Matth.
1601 4761 1726 4816 vni,
1765 4745 1871 4818 12),
1912 4750 1970 4804 et
1994 4749 2062 4816 ﬁ-

410 4833 478 4887 lii
509 4835 656 4890 lucis
688 4834 997 4905 (Joan.xn,
1021 4839 1136 4905 36),
1164 4840 1220 4891 et
1238 4837 1357 4905 ﬁlii
1385 4837 1837 4894 resurrectionis
1859 4838 2058 4909 (Joan.

406 4937 546 4990 xvn,
581 4923 702 4994 t2):
733 4923 882 4979 sicut
909 4939 940 4980 e
971 4925 1268 4981 contrario
1291 4927 1410 4995 ﬁlii
1432 4926 1833 4996 tenebrarum,
1864 4930 1921 4983 et
1945 4929 2064 4997 ﬁlii

394 5009 775 5082 perditionis,
833 5016 889 5068 et
927 5014 1045 5083 ﬁlii
1090 5015 1392 5086 gehennae,
1437 5031 1560 5072 non
1606 5016 1684 5073 ab
1735 5032 1805 5073 ea
1856 5017 2056 5087 geniti,

403 5097 509 5154 sed
560 5099 640 5156 ad
679 5115 814 5159 eam
861 5101 1157 5161 destinati.
1199 5104 1418 5161 Dicitur
1465 5121 1710 5178 quoque
1754 5105 1917 5171 ﬁlius
1947 5106 2058 5162 ini-

398 5190 645 5288 quitatis
697 5192 938 5264 (Matth,
969 5210 1129 5250 xxiii.
1169 5195 1275 5266 15),
1313 5210 1436 5251 non
1483 5191 1560 5250 ab
1613 5209 1685 5250 ea
1715 5199 2058 5288 generatus;

2179 4383 2370 4440 Israel
2384 4385 2945 4458 (Exod.iv,2'2),cum
2965 4388 3077 4445 hoc
3091 4388 3166 4445 de
3181 4390 3408 4463 populo
3421 4391 3715 4462 Egyptiis
3726 4407 3844 4446 ser-

2176 4471 2372 4528 viente
2387 4473 2634 4542 diceret;
2653 4479 2711 4532 et
2725 4477 2884 4545 ﬁlios
2901 4479 3085 4548 genui
3102 4484 3159 4535 et
3177 4481 3465 4548 exaltavi,
3490 4481 3609 4550 ipsi
3635 4487 3836 4539 autem

2174 4569 2526 4631 spreverunt
2560 4580 2653 4622 me
2673 4567 2817 4634 (Isa.
2841 4584 2878 4636 1,
2901 4569 2975 4639 2).
3003 4570 3066 4624 Et
3097 4585 3364 4626 rursum:
3390 4571 3688 4642 Nunquid
3716 4588 3836 4628 non

2173 4652 2298 4720 ipse
2317 4659 2401 4709 est
2417 4659 2597 4723 pater
2613 4660 2774 4726 tuus,
2797 4658 2902 4728 qui
2925 4659 3186 4727 possedit
3207 4664 3344 4727 te,et
3362 4661 3508 4730 fecit
3530 4665 3582 4717 et
3605 4662 3829 4718 creaw't

2173 4746 2227 4797 te
2245 4745 2273 4796 ?
2316 4744 2505 4814 (Deut.
2531 4760 2716 4813 xxxii,
2751 4750 2782 4802 6
2809 4747 2956 4818 seq.)
2986 4748 3178 4805 Deum
3204 4750 3308 4819 qui
3349 4755 3403 4806 te
3430 4751 3632 4820 genuit
3658 4748 3828 4806 dere-

2173 4833 2417 4903 liquisti,
2451 4840 2506 4891 et
2535 4835 2754 4892 oblitus
2803 4851 2861 4893 es
2910 4839 3154 4894 Domini
3199 4841 3485 4897 creatoris
3517 4841 3642 4896 tui:
3672 4839 3830 4896 Vidit

2169 4923 2474 4992 Dominus,
2489 4930 2543 4981 et
2561 4926 2644 4982 ad
2656 4927 3036 4984 iracundiam
3053 4929 3386 4985 concitatus
3407 4937 3515 4999 est,
3533 4931 3678 5001 quia
3692 4946 3834 5000 pro-

2167 5017 2529 5068 uocauerunt
2549 5028 2680 5070 eum
2693 5016 2814 5084 ﬁlii
2825 5016 2920 5071 sui
2938 5021 2992 5071 et
3005 5018 3048 5085 ﬁ
3056 5017 3174 5072 liae:
3196 5019 3501 5088 generatio
3523 5019 3684 5075 mini
3697 5035 3831 5089 per-

2166 5115 2338 5158 versa
2355 5106 2460 5169 est,
2484 5108 2538 5158 et
2560 5104 2827 5172 inﬁdeles
2845 5106 2962 5174 ﬁlii
2976 5109 3155 5173 (vers.
3186 5107 3268 5174 18,
3287 5108 3605 5180 etc.).Cum
3625 5108 3828 5183 itaque

2166 5190 2293 5247 sola
2317 5190 2498 5248 etiam
2521 5193 2823 5250 creatione
2851 5195 3126 5252 dicantur
3172 5212 3385 5254 omnes
3427 5198 3714 5257 homines
3741 5200 3828 5256 Fi-

399 5280 504 5337 sed
534 5282 586 5340 ei
615 5283 1090 5358 inseparabiliter
1140 5284 1421 5354 sociatus,
1454 5298 1608 5356 quos
1656 5297 1868 5338 omnes
1915 5278 2056 5340 cuni
2161 5278 2222 5335 lii
2254 5279 2374 5352 Dei,
2405 5283 2702 5355 nunquid,
2732 5285 2878 5356 quia
2923 5301 3050 5341 non
3098 5290 3237 5343 sunt
3266 5302 3480 5344 omnes
3505 5287 3828 5348 beatitudio

397 5372 745 5430 auctoritate
811 5375 1124 5447 Scripturae
1194 5389 1380 5428 sacrae
1440 5375 1680 5426 Patrum
1739 5371 2052 5430 traditione
2161 5385 2299 5426 nem
2331 5372 2687 5444 percepturi,
2708 5372 2845 5430 ideo
2874 5389 2916 5431 a
2942 5379 3248 5434 contrario
3279 5376 3518 5434 dicendi
3546 5383 3702 5437 sunt
3722 5394 3826 5451 ap-

395 5462 1177 5536 perceperimus,nusquam
1201 5465 1314 5516 tute
1338 5458 1768 5517 contrarietatis
1798 5460 2049 5519 modum
2158 5461 2360 5532 pellati
2390 5462 2490 5518 ﬁlii
2521 5464 2664 5519 Dei?
2710 5464 2786 5533 Si,
2820 5465 3090 5538 inquam,
3132 5471 3302 5540 pater.
3345 5469 3622 5527 omnium
3655 5487 3820 5528 crea-

393 5563 757 5608 aCCBDlmllS.

467 5567 532 5606 ce
578 5568 757 5608 Imus.

466 5567 893 5710 Quamobrem,
906 5640 1074 5712 quod
1089 5639 1170 5696 ait
1183 5638 1246 5696 in
1267 5636 1570 5712 superiore
1592 5641 1888 5700 sententia
1905 5641 2047 5701 bea-

2159 5551 2317 5608 tione
2345 5553 2560 5611 dicitur
2586 5556 2759 5626 Deus,
2784 5560 2842 5613 et
2869 5573 2992 5613 non
3023 5575 3062 5616 a
3091 5561 3416 5629 contrario,
3450 5562 3730 5634 sequitur
3763 5565 3822 5618 ut

2155 5640 2525 5717 ﬁliiquoque
2553 5646 2854 5706 creatione
2878 5662 3004 5706 non
3031 5663 3071 5706 a
3099 5651 3402 5709 contmm‘o
3432 5650 3578 5709 dicti
3603 5651 3821 5710 intelli-
