4116 6186
213 117 348 172 1189

209 245 444 308 gantur.
478 231 652 300 Quod
684 231 735 287 si
773 232 833 287 et
859 229 1015 286 ﬁlios
1045 233 1102 287 et
1125 234 1360 304 patrem
1395 246 1432 288 a
1458 230 1763 288 contrario
1786 228 1877 284 in-
1906 229 1956 283 A
1987 231 2106 299 ﬁlii
2126 234 2483 301 perditionis
2514 237 2837 294 adversum
2863 252 2968 295 eos
2995 238 3102 311 qui
3133 238 3345 296 volunt
3371 238 3644 296 diversas

207 326 460 396 telligas,
493 320 765 394 sequitur
807 323 891 387 ut,
922 324 979 375 et
1022 320 1386 376 creationem
1416 324 1472 376 et
1508 319 1801 376 facturam
1841 332 1880 374 a
1986 335 2115 377 esse
2140 328 2418 381 naturas:
2453 325 2635 382 aliam
2656 342 2792 399 qum
2813 327 3044 399 perdita
3072 327 3148 384 sit
3167 331 3223 384 et
3246 327 3430 398 mala,
3453 332 3512 384 et
3538 327 3647 386 sal-

206 414 517 474 contrario
558 409 918 481 intelligens,
968 412 1301 466 creatorem
1339 410 1658 466 hominum
1690 410 1877 464 Deum
1985 411 2115 466 vari
2161 418 2440 485 nequeat,
2486 419 2542 471 et
2584 414 2766 471 aliam
2816 416 3064 484 bonam,
3101 433 3238 489 quas
3280 416 3474 491 perire
3521 433 3646 474 non

207 516 426 571 neges:
460 500 563 573 qui
596 498 757 555 enim
794 512 920 555 non
953 496 1263 567 veraciter,
1297 498 1401 554 sed
1429 514 1466 555 a
1496 498 1767 555 contario
1795 495 1884 551 di-
1987 500 2194 571 possit.
2225 501 2282 557 Si
2310 504 2491 572 enim,
2523 507 2589 559 ut
2618 503 2700 559 illi
2730 509 2963 578 putant,
3007 504 3113 561 ﬁlii
3159 504 3508 579 perditionis
3536 523 3637 565 na-

209 595 430 648 cuntur
459 593 630 662 pater
648 586 990 656 hominum,
1021 586 1117 643 vel
1146 586 1250 643 ﬁlii
1280 588 1382 644 Dei
1402 603 1556 661 quos
1574 588 1701 659 ipse
1718 601 1877 642 crea-
1988 592 2133 645 turae
2163 590 2441 662 pessimae
2473 596 2631 662 sunt,
2677 593 2987 665 quomodo
3015 594 3323 652 inventum
3366 602 3450 652 est
3488 596 3649 667 quod

209 679 381 747 verit,
414 680 853 750 consequenter
894 678 1128 732 creator
1171 679 1228 731 et
1278 674 1468 732 factor
1510 691 1547 732 α
1576 675 1880 732 contrario
1979 679 2154 746 prius
2188 681 2493 747 perditum
2517 681 2764 750 fuerat?
2795 682 3055 755 Denique
3085 683 3148 739 in
3185 684 3494 757 parabolis
3521 701 3649 758 poe-

1145 110 1236 163 DE
1275 101 1943 164 PREDBST-INATIONB
1980 105 2271 164 CONTRA
2304 109 2356 166 J.
2400 109 2701 170 SCOTUM.
2782 172 2795 183 κ
3508 119 3646 174 1190

213 768 448 825 dicitur.
476 769 606 840 Ipse
635 765 815 823 etiam
846 765 1137 821 Dominus
1159 764 1222 821 in
1244 765 1564 835 Evangelia
1584 764 1756 821 dicit:
1785 764 1884 819 Fi-

217 859 286 915 lii
311 862 507 919 autem
540 857 713 927 regni
749 856 1071 925 ejicientur
1121 856 1183 911 in
1240 854 1511 912 tenebras
1559 854 1881 911 exteriores

216 946 457 1017 (Matth.
503 961 622 1012 VIII,
685 948 792 1007 12).
825 943 1109 1015 Nunquid
1146 946 1205 1000 et
1248 943 1344 999 hic
1402 944 1670 999 dicturus
1723 958 1786 999 es
1844 957 1881 998 a

213 1036 512 1092 nesciente
542 1033 698 1090 ﬁlios
727 1033 897 1103 regni
946 1032 1325 1105 appellatos?
1370 1032 1533 1105 quod
1588 1031 1732 1105 quia
1772 1031 1880 1088 ab-

215 1123 661 1187 surdissimum,
694 1122 818 1178 imo
860 1120 1291 1193 impiissimum
1343 1124 1449 1188 est,
1508 1136 1751 1177 necesse
1791 1124 1883 1177 est

213 1215 279 1270 ut
315 1212 611 1285 fateamur
638 1226 763 1267 non
818 1226 857 1268 a
887 1211 1194 1268 contrario
1219 1209 1374 1266 ﬁlios
1403 1210 1521 1279 Dei,
1564 1211 1742 1279 etiam
1775 1211 1880 1284 qui

216 1307 568 1361 sanctorum
607 1300 765 1359 illius
785 1304 1007 1357 sortem
1039 1303 1180 1356 sunt
1203 1299 1451 1356 minime
1481 1301 1839 1374 percepturi.

288 1392 505 1448 Verum
530 1405 606 1445 ne
623 1393 829 1447 nostra
846 1404 957 1445 nos
982 1388 1044 1444 id
1065 1389 1410 1460 conjectura
1424 1390 1719 1446 aestimare
1740 1406 1883 1446 cau-

217 1479 385 1547 seris,
422 1479 626 1551 accipe
655 1478 802 1553 quid
820 1478 947 1551 ipse
968 1494 1213 1550 quoque
1230 1485 1442 1535 contra
1463 1480 1879 1536 adversarium

1986 766 2303 824 nitentium
2333 773 2389 825 et
2414 772 2538 827 ovis
2564 772 2815 841 perditae
2843 772 2919 829 de
2945 778 3185 830 centum
3215 775 3429 835 ovibus
3476 776 3646 849 (Luc.

1989 871 2087 923 xv,
2116 855 2190 926 4),
2216 863 2272 913 et
2292 858 2587 917 drachma
2615 878 2752 934 quae
2784 862 2859 917 de
2897 862 3104 919 decem
3138 864 3394 937 perierat
3432 870 3653 934 (vers.8

1990 950 2142 1017 seq.)
2170 948 2566 1019 reperiuntur,
2599 956 2655 1007 et
2670 953 2943 1020 perditus
2967 955 3131 1022 ﬁlius
3150 953 3449 1012 invenitur
3467 956 3646 1027 (vers.

1992 1035 2058 1090 12
2083 1050 2207 1109 seq.
2232 1054 2245 1105 ;
2276 1052 2412 1093 vers
2441 1040 2527 1110 32)
2554 1057 2566 1094 :
2600 1039 2675 1095 de
2695 1056 2818 1113 quo
2864 1040 2943 1097 ad
2972 1043 3263 1114 majorem
3311 1050 3458 1101 natu
3485 1045 3649 1102 dixe-

1985 1128 2078 1180 rat
2095 1128 2294 1197 pater:
2332 1128 2449 1184 Iste
2465 1126 2667 1197 frater
2696 1135 2832 1187 tuus
2852 1132 3119 1200 perierat
3152 1139 3208 1190 et
3232 1135 3512 1193 inventus
3538 1142 3645 1205 est,

1987 1221 2260 1271 mortuus
2289 1222 2440 1284 erat,
2474 1223 2529 1273 et
2557 1219 2805 1290 revixit;
2830 1235 3146 1294 nunquam
3177 1223 3336 1279 enim
3358 1225 3509 1297 perit
3532 1225 3646 1281 nisi

1987 1304 2154 1375 quod
2181 1305 2347 1376 prius
2385 1306 2620 1363 salvum
2669 1307 2799 1379 fuit,
2828 1314 2885 1366 et
2910 1325 3226 1383 nunquam
3256 1314 3509 1369 moritur
3538 1314 3652 1371 nisi

1989 1391 2156 1462 quod
2184 1396 2320 1448 ante
2348 1393 2598 1450 vixerat.
2631 1398 2784 1465 Ergo
2808 1396 2902 1453 isti
2931 1397 3037 1470 qui
3080 1413 3243 1455 nunc
3272 1401 3653 1474 appellantur

1985 1478 2105 1547 ﬁlii
2125 1481 2506 1551 perditionis,
2541 1482 2665 1540 sive
2689 1483 3018 1556 iniquitatis
3048 1501 3119 1542 ac
3162 1488 3398 1544 sceleris
3438 1491 3576 1562 (Isa.
3608 1507 3649 1561 1,

212 1568 362 1639 legis
391 1572 449 1633 et
478 1569 906 1640 prophetarum
930 1568 1197 1623 scribens
1225 1567 1365 1624 hinc
1390 1568 1451 1624 in
1471 1569 1879 1625 defensionem
1911 1584 1953 1637 Β
1988 1568 2063 1638 4),
2104 1568 2350 1641 proprio
2374 1569 2517 1625 vitio
2563 1570 3010 1644 dereliquerunt
3055 1576 3262 1641 Deum,
3309 1582 3368 1633 et
3394 1577 3470 1633 de
3515 1577 3653 1633 ﬁliis

213 1657 480 1716 veritatis
498 1656 807 1730 protulerit
828 1657 1198 1726 Augustinus
1214 1657 1445 1726 (contra
1466 1657 1878 1715 adversarium

220 1748 365 1818 lcgis
390 1751 447 1803 et
469 1746 770 1816 prop/iet,
803 1745 841 1801 I.
875 1762 913 1812 1,
947 1761 1081 1818 cap.
1101 1746 1211 1817 22).
1237 1746 1340 1817 [De
1370 1746 1710 1803 testimonio
1732 1763 1881 1819 quo-

216 1852 334 1909 que
365 1836 532 1895 Isaiae
572 1836 881 1910 prophetae
927 1836 1329 1892 calumniatur
1376 1841 1555 1910 atque
1602 1837 1880 1911 blasphe-

220 1932 363 1997 mat,
387 1942 459 1983 eo
482 1926 650 1999 quod
674 1927 915 1983 dixerit:
934 1927 1122 1983 Filios
1145 1928 1331 1998 genui
1356 1932 1411 1983 et
1436 1929 1709 1984 exaltavi
1720 1941 1741 1998 ,'
1767 1928 1883 1997 ipsi

223 2022 417 2073 autem
466 2032 557 2074 me
608 2022 961 2086 spreverunt
1013 2018 1150 2089 (Isa.
1207 2033 1245 2083 1,
1288 2022 1341 2083 2,
1390 2018 1465 2087 4).
1528 2020 1595 2074 Et
1633 2017 1879 2074 eosdem

226 2104 410 2176 paulo
429 2110 563 2177 post
586 2105 971 2178 appellaverit
994 2121 1189 2162 semen
1212 2108 1552 2175 pessimum,
1586 2111 1879 2179 tanquam

226 2209 290 2249 se
320 2194 636 2250 ostendent
673 2195 997 2265 genitorem
1052 2196 1178 2266 [al.,
1220 2196 1657 2266 generatorem]
1695 2195 1882 2251 malo—

222 2299 382 2347 rum,
416 2283 588 2355 cujus
616 2284 720 2340 ﬁlii
745 2290 884 2341 sunt
901 2301 1092 2342 semen
1126 2289 1469 2355 pessimum,
1497 2286 1768 2342 nesciens
1803 2285 1883 2342 ob

220 2371 341 2428 hoc
371 2389 475 2428 eos
503 2372 621 2429 dici
640 2389 836 2431 semen
860 2376 1199 2444 pessimum,
1219 2375 1511 2448 quoniam
1532 2374 1735 2447 gratiae
1759 2375 1880 2439 Dei,

226 2477 354 2533 qua
379 2461 486 2517 ﬁlii
540 2462 679 2519 facti
724 2468 912 2529 erant,
943 2464 1251 2537 peccando
1294 2467 1622 2535 degeneres
1647 2465 1884 2521 exstite-

219 2555 377 2623 rant,
409 2567 619 2608 eorum
648 2552 753 2609 ﬁlii
793 2552 934 2610 facti
970 2570 1227 2627 quorum
1257 2554 1584 2612 imitatores
1616 2570 1748 2611 esse
1779 2570 1882 2610 vo-

218 2639 481 2697 luerunt.
510 2642 676 2699 Unde
717 2642 831 2699 illis
874 2643 992 2700 alio
1043 2644 1175 2701 loco
1219 2645 1462 2705 dicitur:
1513 2646 1701 2702 Pater
1748 2651 1885 2700 tuus

218 2731 636 2803 Amorrhteus,
673 2738 729 2790 et
754 2740 948 2791 mater
979 2741 1085 2791 tua
1117 2736 1359 2793 Cethtea
1390 2734 1622 2803 (Επειδὴ.
1647 2751 1760 2802 xw,
1794 2735 1849 2804 3)

217 2834 482 2891 quarum
536 2823 802 2891 gentium
855 2828 996 2879 sunt
1055 2823 1425 2896 impietatem
1470 2823 1888 2895 malitiamque

1990 1657 2245 1729 Domini,
2280 1658 2384 1715 ﬁlii
2413 1659 2764 1732 perditionis
2793 1678 2924 1718 esse
2951 1669 3280 1737 cmperunt,
3312 1665 3545 1724 dicente
3572 1666 3653 1724 ad

1989 1761 2093 1802 eos
2123 1747 2237 1804 hoc
2268 1748 2486 1805 eodem
2511 1750 2838 1823 propheta:
2868 1754 3279 1825 Dereliquistis
3308 1757 3649 1825 Dominum,

1989 1841 2044 1892 et
2108 1838 2191 1893 ad
2242 1839 2622 1896 iracundiam
2688 1845 3053 1910 provocastis
3120 1851 3392 1903 sanctum
3460 1847 3656 1905 Israel

1992 1929 2131 2000 (Isa.
2163 1944 2290 1996 va,
2326 1928 2435 1997 11),
2469 1930 2511 2000 -ι-
2559 1929 2916 1988 Ambrosius
2960 1932 3023 1988 in
3054 1933 3314 2007 Epistola
3350 1935 3429 1992 ad
3459 1936 3653 2010 Ephe-

1991 2034 2133 2074 SlOS.

2059 2108 2322 2163 Eramus
2351 2113 2577 2164 natura
2617 2109 2738 2178 ﬁlii
2770 2110 2898 2180 iraa,
2929 2111 3082 2168 sicut
3113 2119 3167 2169 et
3207 2115 3407 2171 exteri
3436 2116 3649 2186 (Epist.

1991 2196 2075 2253 ad
2097 2197 2338 2266 Ephes.,
2369 2213 2420 2253 c.
2451 2199 2508 2266 2,
2539 2197 2632 2269 3):
2664 2201 2899 2255 Naturae
2949 2201 3109 2257 enim
3152 2218 3291 2258 cum
3336 2204 3498 2261 mala
3543 2221 3650 2261 vo-

1990 2285 2191 2343 luntas
2219 2285 2600 2358 supponitur,
2626 2286 2694 2342 ﬁt
2720 2292 2937 2345 natura
2955 2288 3080 2358 iraa,
3111 2290 3173 2346 id
3194 2296 3287 2349 est
3316 2309 3453 2366 quae
3483 2293 3652 2350 ultio-

1991 2373 2054 2428 ni
2084 2372 2460 2445 subjicienda
2489 2374 2581 2441 sit,
2632 2374 2950 2433 immutata
2978 2380 3109 2437 non
3163 2380 3517 2452 substantia,
3546 2382 3651 2438 sed

1995 2461 2158 2521 mala
2185 2462 2491 2519 voluntate
2516 2482 2529 2519 :
2557 2463 2673 2519 hoc
2701 2464 2861 2520 enim
2886 2465 3209 2539 deputatur
3236 2474 3466 2526 naturae
3487 2470 3655 2543 quod

1995 2551 2301 2623 sequitur:
2339 2551 2502 2607 Unde
2531 2552 2615 2608 ait
2649 2553 2709 2609 in
2741 2554 2895 2610 Isaia
2928 2570 3123 2613 semen
3165 2559 3482 2626 pessimum
3515 2560 3652 2629 (Isa.

2023 2680 2040 2708 ,
2060 2643 2142 2709 4),
2165 2643 2223 2696 et
2249 2656 2438 2712 quare
2476 2640 2551 2696 sit
2582 2657 2789 2698 semen
2818 2643 3154 2715 pessimum
3190 2645 3468 2718 subjecit:
3503 2648 3658 2704 Retia-

1996 2730 2181 2802 quisti
2207 2731 2363 2786 enim
2389 2732 2729 2799 Dominum,
2752 2737 2861 2801 ait,
2884 2740 2943 2790 et
2963 2735 3046 2791 ad
3072 2736 3433 2793 iracundum
3445 2753 3660 2808 provo-

1998 2820 2181 2877 castis
2198 2826 2473 2876 sanctum
2509 2822 2699 2878 Israel
2730 2823 2948 2894 (Ibid),
2976 2828 3045 2879 ut
3088 2830 3305 2882 natura
3330 2830 3469 2898 quai
3491 2818 3661 2884 dese-

221 2910 454 2978 sectati,
486 2925 559 2966 ex
580 2912 801 2983 quibus
832 2917 1037 2969 tamen
1064 2913 1262 2969 carnis
1292 2912 1585 2982 originem
1620 2929 1741 2969 non
1771 2912 1885 2967 du-
1916 2938 1961 2992 ο
1997 2909 2073 2964 rit
2123 2912 2309 2965 Deum
2352 2910 2668 2979 pessimum
2712 2925 2906 2967 semen
2953 2911 3187 2968 dicatur
3222 2931 3236 2968 :
3292 2914 3658 2984 degenerare

219 2999 460 3055 cebant.
496 2999 607 3056 Sed
638 3000 909 3058 solvebat
929 3001 1043 3057 iste
1073 3002 1450 3075 questionem
1479 3000 1887 3069 evangelicam

224 3088 333 3144 ubi
368 3089 654 3145 Dominus
682 3090 864 3146 dicit:
909 3090 974 3147 Si
1018 3107 1138 3160 vos,
1168 3107 1302 3147 cum
1332 3092 1460 3145 sitis
1502 3091 1671 3159 mali,
1704 3091 1886 3146 nostis

226 3178 387 3235 bona
426 3179 573 3235 data
610 3180 759 3237 dare
784 3182 929 3249 ﬁliis
968 3182 1199 3248 vestris,
1231 3186 1457 3251 quanto
1490 3181 1681 3250 magis
1708 3181 1893 3236 Pater

223 3273 443 3333 vester,
477 3268 583 3339 qui
612 3269 673 3323 in
701 3269 863 3323 caelis
887 3274 995 3338 est,
1026 3269 1192 3324 dabit
1236 3269 1389 3325 bona
1420 3268 1760 3339 petentibus
1789 3271 1894 3327 se?

226 3356 401 3427 (Luc.
423 3372 503 3423 xx,
529 3355 639 3427 l3.)
658 3356 823 3412 Dicat
846 3357 1365 3429 quemadmodum
1388 3359 1459 3415 sit
1486 3358 1687 3414 bonus
1710 3359 1889 3423 Deus,

230 3444 536 3505 malorum
589 3449 804 3518 pater:
865 3449 1183 3520 utrumque
1231 3447 1391 3504 enim
1457 3448 1671 3505 veritas
1725 3447 1891 3502 dixit.

232 3539 450 3591 Annon
474 3539 646 3591 erant
670 3534 813 3591 mali
836 3535 1058 3608 quibus
1082 3537 1162 3592 ait
1199 3538 1261 3593 S‘i
1285 3552 1426 3608 ergo
1455 3553 1575 3603 vos,
1605 3553 1739 3593 cum
1767 3536 1898 3591 sitis

233 3625 385 3680 mali
402 3628 431 3679 ?
457 3639 664 3680 annon
691 3623 998 3681 habebant
1025 3626 1212 3680 Deum
1233 3625 1463 3682 bonum
1481 3630 1735 3699 patrem,
1762 3623 1899 3697 qui-

233 3713 350 3770 bus
378 3713 495 3770 ait:
527 3712 761 3780 Quanto
789 3715 981 3785 magis
1024 3715 1211 3772 Pater
1256 3722 1466 3784 vester,
1500 3717 1604 3788 qui
1630 3717 1696 3771 in
1737 3715 1901 3771 ctelis

236 3807 341 3873 est,
372 3802 537 3860 dabit
564 3803 724 3859 bona
743 3804 1078 3873 petentibus
1109 3819 1168 3861 se
1195 3808 1223 3861 ?
1241 3808 1421 3861 Porro
1446 3804 1496 3860 si
1525 3804 1668 3860 mali
1695 3803 1900 3876 appel~

234 3891 339 3948 lati
369 3896 506 3948 sunt
550 3895 796 3964 propter
840 3897 1089 3964 peccata
1137 3894 1264 3950 sine
1311 3893 1534 3966 quibus
1563 3908 1687 3949 non
1718 3897 1807 3948 est
1837 3892 1901 3948 in

235 3981 350 4037 hac
384 3980 728 4039 inﬁrmitate
759 3981 1103 4038 mortalium
1136 3981 1546 4054 quorumlibet
1574 3981 1754 4037 etiam
1781 3983 1903 4038 vita

233 4071 534 4142 justorum
576 4074 807 4143 quanto
851 4070 1301 4128 convenientius
1353 4085 1549 4127 semen
1582 4071 1902 4140 pessimum

238 4159 536 4217 diceretur
563 4159 731 4232 quod
756 4164 1102 4215 nasceretur
1130 4159 1318 4233 impia
1345 4159 1672 4227 voluntate,
1701 4162 1758 4215 et
1776 4174 1905 4215 mo-

2000 2997 2161 3054 enim
2185 3001 2274 3053 est
2300 2997 2379 3053 ab
2400 3001 2641 3053 auctore
2662 2998 2956 3070 recedere,
2976 3004 3034 3056 et
3056 3017 3193 3056 cum
3214 3002 3441 3059 malum
3464 3019 3661 3059 exem-

1999 3086 2169 3160 plum
2201 3085 2428 3143 caeteris
2457 3086 2703 3159 prtebet,
2752 3087 2985 3144 malum
3033 3094 3123 3145 est
3168 3105 3394 3157 semen,
3426 3090 3656 3148 fructus

2002 3178 2161 3233 enim
2194 3176 2494 3249 pessimos
2523 3176 2663 3234 facit
2691 3178 2931 3250 (Matth.
2965 3195 3048 3247 111,
3085 3183 3212 3250 10);
3248 3181 3296 3237 si
3323 3197 3467 3239 vero
3494 3182 3660 3239 rede-

2004 3270 2065 3322 at
2090 3265 2169 3322 ad
2189 3270 2516 3336 auctorem,
2548 3265 2714 3323 bona
2742 3266 2851 3323 erit
2873 3272 3089 3325 natura
3121 3271 3456 3327 secundum
3472 3274 3661 3345 Apos-

2006 3355 2218 3424 tolum,
2257 3354 2363 3426 qui
2391 3355 2744 3413 immutatus
2773 3355 2921 3413 dum
2970 3359 3280 3427 cognoscit
3323 3362 3661 3418 Creatorem

2004 3460 2204 3509 suum,
2240 3458 2343 3500 vas
2366 3445 2666 3501 electionis
2690 3444 2841 3517 (Act.
2871 3446 3064 3518 1x,15)
3090 3449 3472 3521 appellatur.]
3494 3452 3536 3521 ᾧ
3564 3453 3665 3506 Be-

2006 3533 2086 3589 da
2100 3532 2163 3589 in
2181 3549 2249 3589 ex
2258 3532 2550 3606 positione
2569 3533 3001 3607 parabolarum
3022 3535 3359 3594 Salomonis
3379 3540 3466 3608 (in
3478 3540 3659 3596 Prov.

2007 3622 2257 3690 Salom.,
2279 3622 2318 3678 1.
2341 3639 2421 3689 ιιι,
2450 3638 2501 3679 c.
2537 3624 2600 3680 31
2631 3623 2744 3680 sub
2774 3623 3003 3697 ﬁnem).

2077 3713 2292 3770 Multae
2319 3713 2467 3780 ﬁlice
2495 3720 3017 3783 congregaverant
3057 3716 3319 3783 divitias,
3355 3723 3418 3773 tu
3456 3733 3665 3787 super-

2007 3816 2214 3872 gressa
2250 3815 2308 3856 es
2346 3802 2656 3857 universas
2685 3801 2885 3871 (Prov.
2915 3818 2955 3870 1,
2977 3805 3089 3869 29).
3123 3803 3329 3860 Multas
3355 3803 3509 3859 ﬁlias
3560 3808 3666 3859 Ec-

2010 3889 2221 3946 clesias
2242 3887 2382 3944 dicit
2406 3889 2823 3944 haereticorum
2841 3894 2896 3944 et
2916 3889 3217 3945 malorum
3237 3889 3444 3946 turbas
3466 3892 3666 3947 catho-

2008 3975 2283 4041 licorum,
2322 3991 2459 4047 qute
2484 3975 2618 4033 ﬁlias
2647 3975 2928 4032 dicuntur
2955 3975 3052 4032 vel
3082 3977 3292 4034 Christi
3343 3977 3440 4035 vel
3470 3978 3666 4035 Eccle-

2013 4064 2113 4121 siae
2139 4082 2153 4120 :
2184 4065 2325 4135 quia
2343 4065 2521 4121 etiam
2547 4065 2696 4138 ipsa:
2718 4069 2856 4122 sunt
2878 4064 3198 4123 Dominicis
3217 4071 3439 4125 renatae
3459 4070 3667 4126 Sacra-

2011 4154 2248 4223 mentis,
2281 4158 2339 4211 et
2363 4154 2752 4228 adoptionem
2780 4155 3062 4224 ﬁliorum,
3095 4172 3282 4229 quam
3324 4174 3451 4215 non
3476 4163 3671 4216 custo-

238 4248 409 4305 ribus
434 4247 906 4306 excecrabilibus
934 4248 1377 4321 pullularet!”
1406 4248 1809 4321 Hieronymus
1840 4247 1904 4304 in
1938 4292 1977 4321 η
2013 4245 2196 4316 dicre,
2228 4249 2624 4318 perceperunt
2649 4244 2828 4317 (unde
2859 4249 2917 4302 et
2938 4246 3202 4301 Joannes
3227 4246 3338 4303 ait:
3379 4250 3467 4306 De
3504 4249 3670 4305 nobis

241 4338 399 4395 Isaia
421 4338 734 4410 propheta,
764 4337 869 4394 lib.
903 4356 943 4396 1.

321 4426 713 4500 Hieronymus
738 4429 823 4499 (in
848 4429 1089 4493 Isaiam,
1108 4444 1159 4485 c.
1191 4428 1296 4496 18).
1317 4431 1431 4485 Nec
1446 4428 1667 4485 mirum
1694 4428 1743 4485 si
1765 4427 1904 4486 Sion

247 4514 581 4590 appelletur
606 4516 747 4586 ﬁlia,
772 4534 911 4575 cum
941 4518 1121 4575 etiam
1139 4517 1414 4589 Babylon
1435 4517 1759 4589 saepissime
1780 4516 1905 4573 ﬁlia

246 4608 660 4678 nuncupatur:
692 4622 904 4664 omnes
935 4607 1098 4663 enim
1122 4610 1341 4662 natura
1363 4606 1462 4662 Dei
1490 4604 1595 4662 ﬁlii
1616 4610 1755 4663 sunt
1774 4606 1905 4677 [al.,

249 4695 501 4767 sumus].
536 4694 643 4753 sed
661 4700 868 4753 nostro
894 4695 1037 4753 vitio
1061 4693 1235 4751 alieni
1269 4692 1605 4749 eﬁciuntur
1625 4696 1757 4765 [al.,
1781 4693 1908 4749 efﬁ-

250 4784 547 4856 cimur].-j-
571 4785 737 4842 Idem
764 4785 828 4841 in
848 4785 1001 4841 Isaia
1014 4784 1118 4841 lib.
1138 4800 1250 4853 xv1,
1281 4784 1419 4856 (Isa.
1440 4799 1575 4847 Lvn,
1606 4785 1687 4855 5):
1721 4784 1911 4854 [Nun-

246 4875 397 4948 quid
414 4890 535 4932 non
564 4890 666 4933 vos
678 4875 798 4944 ﬁlii
824 4875 1076 4946 scelesti,
1088 4889 1285 4931 semen
1313 4872 1592 4941 mendax,
1623 4871 1720 4929 vel
1737 4872 1911 4944 juxta

248 4967 409 5033 LXX,
440 4966 561 5034 ﬁlii
595 4965 968 5037 perditionis,
1000 4980 1194 5022 semen
1230 4965 1500 5037 iniquam
1534 4963 1730 5036 (Joan.
1765 4979 1909 5033 xvn,

250 5056 359 5128 12),
389 5070 518 5125 vos,
548 5054 764 5128 inquit,
794 5055 908 5111 ista
957 5054 1200 5125 fecistis,
1243 5070 1378 5128 quae
1427 5054 1760 5128 praeteritus
1787 5069 1910 5109 ser-

245 5158 350 5201 mo
379 5142 666 5213 narravit,
684 5143 791 5217 qui
817 5141 961 5199 estis
988 5142 1093 5199 ﬁlii
1119 5142 1389 5201 scelerati
1414 5159 1522 5200 seu
1539 5142 1910 5217 perditionis,

246 5233 445 5309 qualis
500 5233 613 5291 fuit
637 5237 695 5291 et
735 5232 923 5290 Judas
969 5233 1258 5305 proditor,
1309 5233 1415 5307 qui
1444 5232 1779 5306 appellatus
1827 5232 1917 5287 est

248 5325 413 5393 ﬁlius
435 5324 817 5394 perditionis,
859 5328 915 5379 et
944 5338 1139 5380 semen
1168 5323 1441 5394 iniquum
1480 5322 1599 5376 sive
1651 5318 1916 5375 mendax

253 5420 433 5487 atque
463 5414 798 5483 mendacii;
841 5429 982 5470 cum
1028 5429 1171 5485 ergo
1200 5412 1514 5469 manifesta
1546 5408 1618 5465 sit
1645 5408 1913 5480 historia,

253 5505 421 5578 quod
464 5505 569 5562 ﬁlii
627 5508 765 5562 sunt
817 5504 1222 5562 inmrfectores
1276 5500 1489 5558 Christi
1535 5500 1652 5557 ista
1701 5498 1918 5556 facien-

255 5594 429 5665 tium,
487 5595 747 5654 occurrit
805 5594 1062 5669 quaestio
1118 5589 1429 5667 quomodo
1482 5588 1587 5648 ﬁlii
1642 5589 1918 5649 dicantur

2020 4337 2317 4405 exierunt,
2345 4337 2449 4393 sed
2478 4353 2599 4393 non
2628 4342 2802 4394 erant
2832 4352 2909 4393 ea:
2955 4336 3141 4407 nobis)
3191 4337 3247 4407 (Ι
3266 4340 3442 4395 Joan.
3467 4354 3525 4408 ιι,
3563 4338 3669 4410 19).

2021 4426 2161 4494 Quae
2207 4432 2726 4498 congregaverant
2768 4427 3033 4496 divitias,
3064 4424 3334 4484 videlicet
3369 4427 3673 4484 bonorum

2017 4531 2270 4588 operum
2316 4515 2715 4588 operationes,
2743 4515 2993 4586 jejunia,
3016 4514 3452 4588 eleemosynas,
3485 4513 3672 4571 afﬂic-

2016 4604 2241 4661 tionem
2262 4607 2321 4660 et
2335 4604 2753 4660 castimoniam
2778 4605 2996 4673 carnis,
3012 4603 3437 4661 continentiam
3450 4601 3672 4672 linguae

2017 4693 2467 4750 meditationem
2495 4696 2953 4765 Scripturarum,
2978 4696 3036 4750 et
3061 4698 3276 4751 caetera
3300 4692 3673 4767 hujusmodi,
3722 4767 3727 4770 ι

2019 4798 2157 4855 quae
2184 4796 2338 4836 verae
2369 4785 2508 4837 sunt
2556 4779 2773 4836 divitiae
2823 4779 3087 4853 spiritus,
3118 4781 3225 4837 ubi
3274 4797 3429 4856 pura
3459 4781 3675 4839 mentis

2021 4870 2352 4927 sinceritate
2389 4874 2695 4941 geruntur.
2726 4869 2836 4927 Ubi
2862 4875 3062 4928 autem
3095 4871 3223 4928 sine
3246 4874 3384 4942 ﬁde,
3415 4887 3546 4945 qua
3564 4889 3679 4944 per

2018 4961 2388 5018 dilectionem
2423 4965 2730 5032 operatur,
2775 4962 2952 5030 ﬁunt,
2994 4960 3142 5018 nihil
3191 4962 3507 5039 agentibus
3534 4979 3678 5037 pro-

2020 5054 2190 5108 sunt:
2225 5049 2333 5106 sed
2379 5054 2439 5107 et
2461 5049 2576 5106 illae
2602 5048 2740 5106 ﬁliae
2791 5049 3011 5108 frustra
3057 5055 3498 5125 congregarunt
3533 5051 3681 5111 divi-

2018 5141 2167 5199 tias:
2209 5139 2284 5197 de
2321 5139 2544 5214 quibus
2572 5138 2863 5196 Dominus
2918 5141 3034 5198 ait:
3086 5124 3273 5200 Multi
3303 5124 3502 5221 dicent
3529 5142 3683 5199 mihi

2019 5230 2085 5287 in
2109 5231 2224 5287 illa
2252 5230 2377 5288 die:
2407 5231 2678 5301 Domine,
2710 5229 2968 5298 domine,
2998 5247 3197 5289 nonne
3222 5232 3284 5288 in
3311 5214 3547 5288 nomine
3576 5235 3678 5285 tuo
3786 5214 3799 5229 ³

2019 5320 2527 5391 prophetavimus,
2560 5324 2616 5377 et
2663 5320 2725 5376 in
2770 5325 2872 5377 tuo
2900 5322 3140 5379 nomine
3181 5320 3472 5392 (immania
3504 5319 3679 5391 ejeci-

2023 5425 2173 5478 mus,
2203 5416 2259 5467 et
2306 5412 2366 5467 in
2409 5415 2509 5466 tuo
2562 5411 2800 5467 nomine
2847 5412 3095 5468 virtutes
3122 5411 3347 5466 multas
3387 5408 3681 5483 fecimus?

2022 5499 2103 5553 Et
2134 5504 2277 5554 tunc
2324 5500 2648 5570 conﬁtebor
2689 5501 2816 5556 illis
2863 5502 3008 5573 quia
3053 5514 3363 5570 nunquam
3403 5501 3545 5556 novi
3580 5511 3680 5555 vos

2026 5585 2267 5654 (Matth.
2326 5603 2428 5655 vn,
2457 5592 2548 5659 22,
2581 5592 2694 5659 23).
2732 5587 2846 5646 Sed
2883 5603 3096 5646 omnes
3136 5586 3473 5644 istiusmodi
3522 5585 3678 5643 ﬁlias
