4128 6200
489 142 616 196 1191

1567 136 1622 191 S.
1651 134 2024 192 PRUDENTII
2069 130 2441 190 TRECENSIS
2477 133 2796 191 EPISCOPI

3761 139 3894 191 “9‘2

485 261 748 318 Ecclesia
771 259 1064 317 catholica
1101 257 1578 330 supergreditur:
1635 273 1793 330 quae,
1826 257 1945 313 ﬁde
1974 259 2139 314 casta
2169 259 2216 313 A
2250 255 2438 328 ipsos,
2487 257 2828 314 aberrando
2869 256 3251 331 pessimeque
3295 255 3571 323 vivendo,
3630 255 3917 328 indignos

485 355 543 407 et
585 365 762 407 onere
812 347 1091 421 perfecta,
1123 346 1519 419 redemptoris
1569 347 1660 402 sui
1723 346 1970 417 vestigia
2017 362 2141 402 sec-

485 443 657 495 tatur.

553 530 595 598 -ι-
622 526 958 597 Negabisne
987 525 1338 600 quempiam
1368 541 1406 582 a
1432 524 1596 582 bono
1630 525 1939 598 proposito
1976 542 2145 583 exor-

482 616 822 683 bitantium,
853 615 944 670 vel
972 615 1203 671 bonum
1232 615 1325 671 vel
1352 614 1414 670 in
1448 614 1612 670 bono
1639 615 1820 671 fuisse
1842 616 1869 670 ?
1919 619 2143 687 Nempe

482 705 671 762 multo
697 704 862 760 aliud
891 703 1180 760 Dominus
1207 719 1315 777 per
1340 703 1697 776 prophetam
1724 703 1974 760 clamat:
1999 706 2140 759 Jus-

484 800 598 862 tus,
629 793 930 866 inquiens,
955 794 1008 848 si
1031 795 1315 850 auerterit
1344 808 1406 848 se
1434 808 1471 849 a
1509 794 1751 862 justitia
1780 809 1912 859 sua,
1942 808 2140 849 omnes

470 884 730 955 justitia:
757 885 885 952 ejus
904 898 1026 938 non
1045 882 1527 939 recordabuntur
1561 882 1790 950 (Ezech.
1823 897 1985 948 χχιιι,
2028 881 2140 952 24)-

484 976 550 1029 Et
577 973 638 1028 in
667 971 1030 1045 Apocalypsi
1059 971 1306 1028 Joannis
1331 988 1343 1026 :
1381 971 1517 1026 Scio
1548 987 1731 1041 opera
1759 977 1862 1027 tua
1895 979 1946 1027 et
1971 971 2136 1027 labo-

483 1078 606 1119 rem
651 1068 704 1119 et
727 1063 1087 1132 patientiam
1127 1069 1313 1128 tuam,
1346 1066 1398 1116 et
1430 1062 1569 1131 quia
1620 1077 1741 1117 non
1775 1066 1939 1130 potes
1968 1060 2145 1116 susti-

484 1167 624 1208 nere
651 1153 841 1208 malos
865 1157 920 1208 et
975 1151 1225 1207 tentasti
1247 1165 1343 1207 eos
1371 1151 1476 1222 qui
1519 1165 1583 1206 se
1612 1150 1820 1206 dicunt
1847 1150 2144 1220 apostolos

484 1257 603 1298 esse
632 1245 687 1297 et
716 1257 836 1297 non
862 1247 1022 1308 sunt,
1055 1245 1108 1296 et
1143 1240 1420 1296 invenisti
1455 1255 1546 1295 eos
1574 1240 1885 1295 mendaces
1929 1239 2136 1311 (Apoc.

483 1347 543 1398 ιι,
577 1330 659 1402 '2):
690 1331 772 1385 Et
805 1330 1160 1399 patientiam
1193 1329 1389 1391 habes,
1432 1335 1485 1386 et
1533 1330 1871 1385 sustinuisti
1893 1333 2144 1398 propter

486 1435 695 1476 nomen
723 1435 918 1476 meum
966 1425 1018 1473 et
1064 1434 1192 1474 non
1222 1418 1532 1486 defecisti:
1565 1419 1666 1473 sed
1710 1417 1894 1474 habeo
1932 1418 2144 1474 adver-

483 1524 582 1564 sus
622 1514 678 1564 te
702 1509 861 1579 quod
912 1508 1270 1564 charitatem
1310 1512 1475 1563 tuam
1516 1507 1779 1575 primam
1825 1506 2146 1578 reliquisti,

2249 345 2549 402 effecerint
2576 351 2632 402 et
2650 347 3243 419 expertes.Quocirca
3263 345 3559 418 quidquid
3587 346 3649 402 in
3677 348 3923 403 conclu-

2250 435 2520 492 sionibus
2541 442 2598 493 et
2625 436 3120 494 conversionibus
3154 437 3269 492 tuis
3299 451 3476 507 agere
3524 437 3918 503 machinaris,

2254 525 2304 580 si
2334 525 2408 581 dc
2436 525 2529 581 his
2556 530 2808 596 tantum,
2858 530 2924 582 ut
2952 526 3234 594 diximus,
3269 526 3373 598 qui
3404 525 3483 582 ad
3521 541 3741 596 regum
3772 543 3923 599 prte—

2251 613 2555 686 dcstinati,
2578 615 2745 671 electi
2771 619 2951 689 atque
2981 615 3252 689 adoptati
3282 618 3418 672 sunt
3449 615 3672 685 agitur,
3702 632 3918 672 verum

2251 708 2356 760 est.
2386 703 2442 759 Si
2469 720 2612 760 vero
2633 704 2693 760 in
2720 705 2834 761 hoc
2859 704 3128 775 laboras,
3159 704 3341 761 veluti
3380 708 3651 777 apparet,
3678 709 3748 761 ut
3769 722 3921 778 prae-

2249 792 2708 860 destinationem
2729 793 3059 866 impiorum
3105 799 3162 850 et
3191 809 3509 867 poenarum
3538 793 3656 849 illis
3681 793 3927 850 debita-

2249 899 2384 939 rum
2433 898 2638 953 neges,
2669 884 2918 939 omnino
2967 883 3189 939 falsum
3225 887 3330 940 est.
3367 885 3750 956 Quapropter
3779 900 3926 957 que-

2249 971 2649 1028 madmodum
2688 972 2875 1028 Judaei
2922 971 3156 1045 perfidi,
3205 971 3428 1044 quibus
3478 971 3755 1028 Salvator
3799 973 3922 1028 ait:

2261 1060 2369 1116 Vos
2395 1075 2471 1116 ear:
2495 1066 2672 1130 patre
2716 1061 2955 1118 diabolo
2994 1063 3131 1117 estis
3165 1063 3362 1130 (Joan.
3411 1076 3533 1131 Vill,
3582 1060 3694 1132 44),
3730 1077 3768 1116 a
3801 1063 3926 1117 Deo

2249 1150 2656 1223 praedestinati
2705 1155 2844 1207 sunt
2881 1150 2960 1207 ad
2985 1150 3309 1219 interitum,
3341 1149 3606 1206 invenire
3639 1149 3927 1207 facillime

2250 1239 2510 1311 quisque
2542 1239 2870 1295 catholicus
2894 1243 3111 1312 potest,
3141 1239 3246 1312 qui
3286 1239 3451 1295 novit
3473 1239 3574 1294 Dei
3595 1239 3925 1311 justitiam,

2252 1333 2310 1384 et
2350 1328 2598 1397 ratione,
2653 1333 2708 1384 et
2760 1329 3109 1384 auctoritate
3161 1327 3563 1401 perpendere;
3623 1329 3927 1402 quoniam

2254 1433 2408 1489 quos
2439 1417 2812 1489 praescivitin
2840 1433 3050 1474 massa
3077 1417 3427 1490 perditionis
3451 1423 3746 1490 perpetuo
3774 1417 3925 1475 inte-

2253 1506 2659 1580 rituros,ipsos
2679 1506 3141 1580 praedestinavit,
3164 1507 3280 1563 hoc
3297 1511 3383 1562 est
3403 1507 3796 1580 prasparavit,
3826 1508 3924 1563 de-

483 1597 712 1653 Memor
740 1604 858 1653 esto
888 1598 1090 1667 itaque
1119 1597 1277 1652 unde
1301 1596 1612 1663 excideris,
1645 1602 1698 1652 et
1728 1611 1839 1666 age
1869 1597 2145 1665 peniten-
2179 1609 2220 1664 Β
2255 1596 2677 1668 putavitatque
2690 1594 2987 1668 disposuit
3008 1595 3290 1664 suoiusto
3299 1595 3524 1667 judicio
3544 1596 3920 1669 puniendos.

487 1685 654 1757 tiam,
680 1690 734 1742 et
751 1686 952 1755 prima
981 1701 1164 1754 opera
1191 1686 1313 1756 fac.
1345 1686 1454 1740 Sin
1476 1690 1694 1754 autem,
1729 1685 1898 1741 venio
1930 1685 2054 1753 tibi,
2090 1690 2146 1741 et

483 1775 722 1831 movebo
754 1774 1183 1830 candelabrum
1208 1779 1374 1829 tuum
1404 1774 1476 1830 de
1507 1774 1634 1830 loco
1662 1789 1790 1841 suo,
1815 1774 1936 1829 nisi
1957 1775 2144 1844 poeni-

487 1864 732 1919 tentiam
763 1863 969 1932 egeris.
993 1862 1112 1918 Sed
1142 1862 1251 1917 hoc
1275 1863 1453 1918 habes
1483 1864 1624 1933 quia
1655 1863 1833 1918 odisti
1849 1864 2019 1931 facta
2033 1863 2143 1918 Ni-

486 1952 868 2019 colaitarum,
901 1967 1032 2022 quae
1078 1956 1135 2006 et
1177 1967 1284 2022 ego
1335 1953 1436 2007 odi
1467 1951 1668 2024 (Ibid,
1715 1956 1766 2014 2,
1802 1955 1853 2020 3,
1892 1955 1947 2020 4,
1975 1957 2026 2015 5,
2070 1952 2142 2023 6),

486 2041 693 2095 Petrus
739 2039 920 2095 etiam
958 2039 1311 2112 Apostolus:
1343 2041 1514 2096 Sicut
1544 2046 1600 2096 et
1644 2042 1708 2096 in
1761 2040 1922 2095 vobis
1970 2046 2147 2097 erunt

486 2131 769 2200 magistri
801 2131 1134 2196 mendaces,
1166 2131 1271 2202 qui
1307 2131 1690 2186 introducent
1715 2137 1902 2186 sectas
1943 2131 2148 2200 perdi-

489 2220 685 2288 tionis,
717 2224 770 2275 et
811 2234 943 2276 eum
988 2220 1095 2290 qui
1121 2221 1258 2275 emit
1289 2235 1387 2276 eos
1431 2220 1752 2275 Dominum
1807 2224 2028 2290 negant
2063 2220 2155 2286 (II

485 2309 651 2365 Petr.
685 2323 744 2374 ιι,
782 2309 863 2380 l);
895 2313 952 2364 et
973 2309 1128 2365 intra
1173 2310 1346 2382 (vers:
1385 2310 1513 2374 20):
1545 2310 1616 2364 Si
1653 2308 1807 2365 enim
1839 2324 2152 2380 resurgen-

488 2403 571 2454 tes
602 2398 728 2469 [al.,
773 2399 1150 2470 refugientes]
1180 2400 1690 2471 coinquinationes
1728 2399 1941 2454 mundi
1964 2400 2028 2454 in
2058 2415 2150 2455 co-

487 2488 753 2557 gnitione
776 2489 1020 2544 Domini
1045 2490 1237 2544 nostri
1259 2495 1312 2544 et
1342 2488 1683 2545 Salvatoris
1725 2489 1868 2544 Jesu
1896 2488 2147 2558 Christi,

492 2575 585 2630 his
630 2591 870 2632 rursum
929 2579 1228 2646 implicati
1276 2583 1620 2647 superatur,
1671 2579 1842 2648 facta
1887 2585 2027 2634 sunt
2070 2579 2150 2634 eis

489 2664 823 2732 posteriora
859 2665 1156 2722 deteriora
1200 2666 1527 2734 prioribus.
1561 2667 1776 2722 Melius
1831 2667 1985 2722 enim
2017 2672 2150 2723 erat

492 2753 571 2808 eis
602 2768 722 2809 non
760 2770 1110 2825 cognoscere
1135 2755 1292 2812 viam
1316 2757 1592 2826 justitite,
1623 2771 1801 2828 quam
1822 2762 1954 2826 post
1981 2759 2153 2827 agni-

492 2843 711 2899 tionem
732 2849 1058 2901 retrorsum
1088 2860 1196 2900 con
1205 2846 1357 2902 verti
1363 2845 1438 2902 ab
1449 2861 1513 2902 eo
1533 2846 1693 2917 quod
1715 2846 1836 2902 illis
1861 2847 2152 2904 traditum

2325 1683 2593 1751 Attende,
2633 1699 2860 1756 quaeso,
2889 1683 3250 1756 Apostolum
3289 1683 3620 1753 dicentem;
3679 1687 3921 1741 Scimus

2256 1774 2535 1846 quoniam
2561 1774 2952 1844 diligentibus
2974 1775 3159 1830 Deum
3201 1775 3399 1830 omnia
3421 1781 3837 1844 cooperantur
3861 1778 3920 1830 in

2259 1864 2493 1931 bonum,
2527 1864 2618 1919 his
2647 1864 2754 1934 qui
2779 1864 3102 1919 secundum
3131 1865 3507 1934 propositum
3547 1867 3758 1921 vocati
3788 1872 3924 1922 sunt

2255 1955 2482 2009 sancti:
2517 1967 2659 2008 nam
2687 1967 2836 2023 quas
2857 1954 3158 2022 praesciuit
3193 1958 3245 2009 et
3288 1954 3755 2023 przdestinavit
3795 1971 3924 2011 con-

2253 2043 2478 2112 formes
2500 2042 2637 2110 ﬁeri
2675 2043 2955 2112 imaginis
2983 2043 3134 2098 Filii
3183 2044 3298 2110 sui,
3327 2048 3392 2097 ut
3421 2045 3499 2098 sit
3529 2044 3660 2112 ipse
3691 2046 3917 2114 primo-

2256 2132 2492 2202 genitus
2521 2132 2585 2186 in
2609 2132 2816 2187 multis
2833 2131 3171 2202 fratribus;
3201 2147 3345 2203 quos
3372 2136 3572 2188 autem
3597 2135 3914 2202 praedesti-

2259 2221 2446 2282 navit,
2483 2220 2584 2275 hos
2610 2225 2663 2275 et
2691 2222 2964 2290 vocavit;
2995 2225 3047 2276 et
3074 2235 3218 2290 quos
3259 2221 3510 2287 vocavit,
3547 2221 3656 2277 hos
3706 2229 3762 2278 et
3787 2227 3921 2292 jus-

2259 2309 2553 2378 tiﬁcavit;
2585 2323 2729 2380 quos
2754 2315 2950 2364 autem
2962 2309 3344 2378 justiﬁeavit,
3367 2310 3505 2365 illos
3527 2315 3582 2365 et
3610 2312 3918 2380 gloriﬁca-

2259 2399 2340 2454 vit
2373 2398 2570 2470 (Rom.~
2590 2413 2711 2466 vni,
2743 2399 2835 2467 28,
2857 2401 2947 2464 29,
2971 2398 3092 2469 30):
3127 2400 3195 2453 Et
3222 2397 3301 2454 ad
3326 2398 3704 2454 Timotheum
3729 2417 3744 2454 :
3770 2401 3920 2456 Noti

2259 2486 2598 2544 erubescere
2645 2486 3044 2542 testimonium
3074 2487 3316 2542 Domini
3357 2488 3568 2554 nostri,
3607 2503 3794 2559 neque
3820 2505 3918 2545 me

2258 2578 2523 2633 vinctum
2554 2579 2701 2646 ejus,
2735 2576 2837 2633 sed
2879 2577 3188 2633 collabora
3217 2577 3551 2647 Evangelia
3579 2579 3903 2634 secundum

2259 2667 2537 2722 virtutem
2566 2666 2678 2722 Dei
2708 2665 2814 2736 qui
2839 2681 2945 2720 nos
2967 2665 3244 2722 liberavit
3269 2671 3325 2723 et
3352 2667 3580 2723 vocavit
3610 2669 3916 2723 vocatione

2257 2759 2491 2810 sancta.
2529 2753 2721 2809 Audis
2776 2755 3101 2810 secundum
3143 2757 3511 2825 propositvm
3569 2757 3795 2811 vocatis
3836 2757 3929 2827 (ΙΙ

2261 2843 2526 2915 Tim.l,9)
2547 2848 2574 2899 ?
2601 2843 2784 2899 Audis
2811 2859 2956 2915 quos
2986 2851 3181 2901 autem
3196 2846 3666 2914 prwdestinavit,
3690 2846 3836 2901 illos
3870 2853 3924 2902 et

492 2937 576 2987 est
604 2938 811 2988 sancto
855 2933 1142 2989 mandato
1173 2933 1351 3006 (vers.
1388 2934 1517 3005 2t):
1571 2935 1838 3005 Contigit
1881 2937 2038 2992 enim
2074 2936 2153 2993 eis
2182 2952 2224 3015 ο
2262 2935 2508 2999 vocavit,
2541 2939 2596 2990 et
2624 2949 2769 3005 quos
2794 2935 3049 2999 vocavit,
3074 2935 3212 2991 illos
3232 2940 3289 2992 et
3308 2936 3666 3006 justiﬁcavit
3686 2939 3714 2991 ε)
3737 2937 3929 2992 Audis

490 3020 652 3076 illud
679 3022 805 3078 veri
817 3022 1144 3092 proverbii.
1169 3023 1349 3079 Canis
1369 3039 1637 3080 reversus
1658 3023 1738 3079 ad
1766 3040 1938 3081 suum
1974 3027 2155 3082 vomi.

493 3114 640 3178 tum,
673 3117 727 3166 et
747 3126 845 3167 sus
873 3112 994 3169 lota
1015 3113 1079 3168 in
1110 3112 1425 3169 volutabra
1461 3113 1577 3168 luti
1603 3112 1781 3184 (vers.
1814 3114 1924 3184 22).
1979 3117 2146 3169 Idem

492 3198 752 3255 Paulus:
795 3201 1165 3271 Impossibile
1192 3206 1276 3258 est
1315 3202 1467 3257 enim
1507 3216 1620 3269 eos,
1658 3203 1760 3274 qui
1787 3204 1962 3259 semel
2005 3207 2148 3258 sunt

491 3288 844 3358 illuminati,
898 3295 1296 3360 gustaverunt
1367 3291 1544 3346 etiam
1601 3291 1823 3347 donum
1891 3293 2142 3355 caleste,

493 3382 549 3432 et
571 3379 899 3447 participes
945 3385 1082 3434 sunt
1120 3381 1278 3450 facti
1316 3380 1580 3448 Spiritus
1621 3382 1836 3450 sancti,
1881 3388 2152 3451 gustave-

493 3472 637 3520 runt
675 3466 1066 3522 nihilominus
1097 3468 1312 3522 bonum
1340 3470 1449 3524 Dei
1489 3470 1756 3541 verbum,
1787 3471 2148 3541 virtutesque

492 3555 680 3609 seculi
706 3555 962 3616 venturi,
1003 3560 1056 3610 et
1103 3557 1376 3624 prolapsi
1421 3563 1584 3626 sunt,
1615 3560 1900 3613 renovari
1939 3574 2151 3614 rursus

493 3641 575 3696 ad
595 3642 1005 3710 paenitentiam
1021 3655 1043 3712 ,'
1065 3659 1305 3698 rursum
1338 3645 1750 3715 cruciﬁgentes
1771 3645 2150 3716 sibimetipsis

491 3731 718 3787 Filium
741 3731 870 3799 Dei,
901 3736 957 3788 et
984 3733 1243 3789 ostentui
1270 3733 1550 3791 habentes
1578 3736 1784 3802 (Hebr.
1821 3752 1899 3805 v1,
1926 3739 1980 3805 4,
2001 3738 2150 3810 5,6.)

503 3820 853 3877 Voluntarie
883 3822 1039 3878 enim
1067 3823 1456 3892 peccantibus
1486 3824 1653 3880 nobis
1680 3829 1813 3894 post
1841 3833 2149 3895 acceptam

487 3910 762 3966 notitiam
791 3911 1223 3981 ceritatis,jam
1244 3927 1364 3968 non
1393 3913 1763 3984 relinquitur
1789 3931 1904 3984 pro
1933 3930 2150 3985 pecca-

493 4001 568 4056 tis
599 3999 822 4056 hostia:
858 4001 1143 4057 terribilis
1172 4007 1370 4058 autem
1402 4007 1486 4059 est
1515 4004 1788 4074 quaedam
1814 4011 2149 4074 expectatio

482 4087 725 4157 judicii,
747 4093 805 4143 et
845 4089 1001 4158 ignis
1056 4091 1377 4161 aemulatio,
1406 4105 1537 4161 quae
1585 4097 2014 4161 consumptura
2064 4098 2151 4150 est

492 4175 886 4232 adversarios.
912 4176 1162 4233 Irritam
1189 4178 1319 4248 quis
1331 4178 1565 4247 faciens
1600 4179 1788 4250 legem
1810 4181 2008 4251 Moysi
2023 4181 2151 4236 sine

493 4265 626 4319 ulla
654 4265 1030 4329 miseratione
1057 4266 1286 4321 duobus
1332 4267 1428 4322 vel
1458 4267 1648 4322 tribus
1689 4268 1933 4324 testibus
1966 4269 2147 4325 mori-

496 4356 624 4406 tur:
665 4358 889 4423 quanto
935 4355 1126 4425 magis
1150 4357 1384 4424 putatis
1414 4356 1714 4412 deteriora
1755 4359 1976 4414 mereri
2013 4374 2150 4428 sup-

486 4441 699 4511 plicia,
727 4444 834 4513 qui
849 4444 1070 4499 Filium
1097 4445 1210 4500 Dei
1229 4446 1690 4516 conculcaverit,
1713 4451 1766 4502 et
1797 4448 2148 4518 sanguinem

494 4533 832 4588 testamenti
847 4534 1146 4602 pollutum
1183 4533 1446 4604 duxerit,
1475 4535 1539 4591 in
1581 4551 1695 4606 quo
1741 4537 2151 4605 sanctiﬁcatus

493 4625 596 4690 est,
619 4626 674 4677 et
702 4623 951 4691 spiritui
973 4623 1189 4692 gratiae
1210 4624 1629 4680 contumeliam
1657 4625 2152 4696 fecerit?Scimus

493 4711 668 4779 enim,
695 4712 804 4783 qui
828 4712 1008 4783 dixit,
1028 4711 1180 4768 mihi
1194 4713 1539 4782 vindictam,
1562 4729 1667 4785 ego
1683 4715 1930 4771 reddam
1947 4715 2147 4788 (Hebr.

492 4802 762 4873 x,26-29).
790 4805 856 4858 Et
873 4802 1120 4859 iterum:
1152 4803 1305 4870 Quia
1318 4805 1624 4874 judicabit
1651 4807 1936 4862 Dominus
1959 4822 2151 4876 popu-

495 4890 619 4944 lum
646 4905 839 4946 suum.
879 4892 1034 4947 Hom
1047 4892 1260 4948 endum
1288 4899 1372 4948 est
1398 4893 1660 4951 incidere
1707 4895 1772 4951 in
1801 4911 2014 4954 manus
2043 4895 2156 4952 Dei

493 4977 744 5032 viventis
770 4977 942 5048 (vers.
972 4983 1060 5049 30,
1095 4980 1208 5053 31).

477 5115 488 5119 _
563 5069 678 5120 Aut
723 5065 921 5138 igitur,
964 5067 1092 5124 haec
1132 5072 1188 5125 et
1228 5069 1444 5127 similia
1465 5070 1793 5143 denegans,
1821 5076 1934 5129 tuae
1962 5073 2147 5130 modo

493 5155 927 5213 contrarietatis
958 5157 1018 5213 in
1066 5174 1419 5232 perversum
1447 5161 1759 5234 detorquc,
1802 5165 1925 5228 aut,
1958 5162 2006 5218 si
2032 5163 2148 5220 hoc

491 5243 747 5318 impium
776 5248 888 5316 est,
920 5246 1046 5303 sine
1076 5249 1588 5321 castos.pudicos,
1607 5247 1842 5305 sobrios
1870 5253 1928 5304 et
1953 5249 2145 5306 humi-

488 5332 597 5406 les,
624 5334 1032 5408 misericodes,
1058 5337 1274 5408 justos,
1305 5337 1481 5409 ﬁlios,
1527 5337 1765 5406 electos,
1813 5337 2145 5397 sanctiﬁca-

491 5425 602 5491 tos,
633 5423 1018 5493 illuminatos,
1041 5429 1274 5498 emptos
1303 5440 1424 5481 non
1452 5424 1844 5496 phantastice,
1877 5440 1986 5482 nec
2015 5443 2146 5500 pcr-

489 5510 782 5570 functoric
820 5530 1016 5587 neque
1046 5513 1352 5582 fallaciter,
1394 5512 1500 5567 sed
1523 5511 1809 5568 veraciter
1837 5513 1898 5569 in
1929 5515 2144 5572 divinis

491 5599 745 5674 eloquiis
765 5602 1126 5674 nuncupari,
1154 5599 1435 5673 quamvis
1467 5599 1644 5659 tantis
1673 5604 2025 5667 muneribus
2050 5621 2142 5663 se-

2260 3024 2366 3096 qui
2393 3023 2670 3080 liberavit
2701 3039 2826 3091 nos,
2860 3031 2915 3080 et
2944 3027 3174 3081 vocavit
3199 3026 3504 3082 vocatione
3529 3041 3646 3082 sua
3677 3026 3924 3082 sancta?

2262 3112 2420 3168 Audi
2465 3112 2613 3185 quid
2659 3112 2949 3168 Dominus
2987 3113 3149 3169 dicat
3187 3114 3371 3170 Multi
3416 3121 3558 3169 sunt
3598 3121 3657 3170 et
3708 3118 3922 3178 vocati,

2259 3203 2443 3272 pauci
2469 3218 2607 3259 vero
2635 3203 2806 3259 electi
2835 3203 3076 3272 (Matth,
3107 3219 3204 3271 xx,
3235 3205 3338 3275 16).
3371 3205 3667 3269 Quaenam
3684 3211 3776 3260 est
3796 3207 3922 3263 hinc

2257 3307 2427 3362 rogo,
2460 3292 2639 3347 unius
2677 3292 2948 3363 ejusdem
2995 3291 3278 3348 vocabuli
3337 3296 3503 3349 tanta
3560 3294 3922 3351 diversitas?

2259 3396 2467 3436 servus
2490 3380 2682 3436 ﬁdelis
2703 3380 2880 3437 dicit:
2908 3381 3250 3438 Secundum
3276 3383 3649 3452 prapositum
3687 3392 3921 3441 vocatos

2257 3475 2515 3538 sanctos,
2548 3475 2602 3527 et
2637 3485 2781 3542 quos
2818 3471 3343 3540 prwdestinaverit
3400 3479 3640 3529 vocatos
3673 3478 3732 3529 et
3767 3491 3919 3546 quos

2257 3559 2560 3615 vocaverit
2603 3559 2976 3630 justificatos,
3033 3565 3089 3616 ct
3135 3560 3276 3616 item
3325 3567 3562 3618 vocatos
3611 3567 3920 3620 vocatione

2258 3649 2490 3711 sancta,
2539 3648 2595 3700 et
2646 3644 2935 3700 Dominus
2983 3644 3224 3715 clamat,
3263 3648 3446 3702 multi
3493 3653 3637 3702 sunt
3703 3650 3917 3719 vocati,

2253 3733 2440 3800 pauci
2491 3746 2628 3788 vero
2649 3733 2819 3789 electi
2875 3732 3131 3804 (Matth.
3165 3748 3301 3801 χιιι,
3336 3733 3422 3805 14)
3448 3750 3462 3788 :
3489 3733 3918 3806 putandumne

2257 3824 2347 3878 est
2400 3819 2820 3878 ﬁdelissimum
2885 3837 3123 3878 servum
3190 3821 3445 3878 Domino
3511 3839 3624 3879 suo
3687 3824 3921 3877 contra~

2257 3909 2348 3966 ria
2373 3910 2780 3982 praedicasse?
2812 3925 2891 3966 an
2939 3909 3057 3967 alia
3101 3911 3296 3984 potuit
3322 3911 3384 3967 in
3433 3911 3764 3967 ministerio
3807 3911 3919 3967 sibi

2261 3999 2486 4057 credito
2534 4000 2852 4072 seminare,
2919 4016 3108 4072 quam
3165 4017 3202 4057 a
3274 4000 3496 4057 caelesti
3547 4006 3922 4075 praeceptore

2256 4092 2646 4163 perceperat?
2678 4089 2857 4146 absit.
2884 4089 3063 4161 Atqui
3093 4089 3224 4163 ipse
3242 4106 3371 4146 sese
3402 4105 3526 4146 non
3547 4090 3626 4146 ab
3652 4090 3923 4146 homini-

2257 4180 2374 4235 bus
2404 4195 2599 4251 neque
2629 4195 2736 4251 per
2765 4179 3074 4236 hominem
3100 4179 3355 4236 electum
3383 4179 3478 4237 vel
3507 4179 3781 4252 doctum,
3812 4180 3924 4236 sed

2261 4284 2298 4325 a
2326 4269 2443 4325 Deo
2493 4271 2661 4340 patre
2713 4268 3037 4325 Dominum
3065 4273 3341 4326 nostrum
3387 4271 3591 4326 Iesum
3617 4269 3922 4326 Christum

2257 4356 2564 4413 liberrima
2593 4356 2918 4413 assertione
2946 4359 3194 4414 testatur
3212 4357 3372 4429 (Gal.
3403 4357 3536 4429 1,1).
3591 4357 3747 4423 Quia
3774 4374 3920 4428 ergo

2258 4444 2425 4502 nulla
2452 4445 2645 4517 potuit
2679 4444 2872 4500 ﬁdelis
2901 4446 3282 4519 dispensator
3328 4462 3599 4519 erogare,
3629 4447 3751 4503 nisi
3779 4463 3920 4520 quas

2259 4551 2297 4592 a
2350 4533 2638 4591 creditore
2695 4539 3059 4608 susceperat,
3122 4535 3434 4593 fatendum
3491 4541 3549 4593 et
3606 4553 3920 4608 nusquam

2258 4625 2512 4682 Domino
2556 4641 2666 4681 suo
2691 4624 2786 4682 vel
2815 4625 3076 4682 sensisse
3119 4626 3212 4683 vel
3259 4627 3541 4683 docuisse
3594 4626 3912 4685 contraria.

2258 4713 2509 4771 Proinde
2540 4713 2658 4772 alia
2685 4715 2917 4772 vocatio
2955 4715 3341 4787 intelligenda
3364 4720 3474 4785 est,
3500 4733 3690 4791 quam
3716 4715 3920 4772 Domi-

2257 4820 2373 4860 nus
2392 4804 2656 4878 protulit,
2689 4804 2808 4862 alia
2831 4821 3019 4878 quam
3041 4821 3248 4862 servus
3273 4806 3532 4864 edocuit.
3555 4808 3738 4864 Aliter
3757 4806 3924 4863 enim

2257 4899 2549 4950 vocantur
2589 4894 2923 4950 secundum
2969 4895 3350 4968 propositum
3395 4897 3520 4962 Dei,
3549 4897 3656 4971 qui
3693 4902 3922 4953 sortem

2257 4987 2702 5055 consequantur
2731 4987 3037 5056 aeternam,
3072 4983 3240 5041 aliter
3266 5001 3391 5042 non
3423 4985 3766 5042 secundum
3788 5001 3922 5059 pro-

2255 5071 2539 5144 positum,
2567 5070 2674 5143 qui
2692 5087 2940 5144 poenam
2966 5073 3254 5146 recipiant
3297 5075 3924 5148 scmpitcrnam.Sicut

2253 5161 2455 5232 itaque
2482 5159 2600 5217 alia
2647 5165 2736 5217 est
2784 5162 3020 5218 vocatio
3069 5161 3420 5232 electorum,
3467 5163 3587 5222 alia
3631 5165 3922 5238 reprobo.

2253 5266 2410 5319 rum,
2433 5249 2515 5307 ita
2535 5250 2652 5307 alia
2673 5250 3016 5322 intelligitur
3039 5253 3413 5325 praescientia
3440 5258 3499 5310 et
3527 5253 3922 5327 praedestina-

2253 5340 2334 5397 tio
2363 5340 2625 5414 piorum,
2656 5341 2774 5398 alia
2821 5341 3185 5415 impiorum;
3227 5343 3353 5415 qui,
3385 5343 3538 5400 sicut
3579 5345 3795 5401 vocari
3841 5344 3923 5400 di-

2253 5434 2468 5485 cuntur
2496 5430 2683 5497 electi,
2715 5430 2820 5486 sed
2848 5431 3160 5488 vocatione
3192 5436 3423 5502 sancta,
3453 5432 3538 5488 ita
3565 5433 3778 5488 vocari
3838 5432 3921 5488 di-

2253 5521 2468 5572 cuntur
2493 5519 2662 5575 multi
2687 5519 2791 5592 qui
2812 5535 2935 5576 non
2959 5525 3097 5577 sunt
3126 5521 3314 5578 electi.
3343 5523 3504 5577 Certe
3534 5521 3705 5579 nullo
3732 5523 3921 5578 modo

2251 5605 2504 5665 dixisset
2521 5608 2849 5682 Apostolus
2869 5628 2882 5667 :
2906 5610 3250 5668 Secundum
3279 5613 3654 5682 propositum
3674 5617 3923 5672 sanctos
