4128 6200
256 137 395 193 H93

251 345 629 403 discretionis
660 350 852 418 gratia
881 350 957 406 ab
1001 367 1073 406 ea
1100 352 1414 408 vocatione
1463 369 1586 426 qua
1618 361 1908 414 vocantur

251 434 427 490 multi
455 437 558 509 qui
581 453 705 493 non
728 439 1062 496 suntelecti.
1087 443 1238 511 Ergo
1256 443 1778 514 quemadmodum
1799 462 1902 504 ne-

249 523 381 592 gari
414 539 534 579 non
569 530 762 597 potest
804 526 1111 584 diversitas
1138 530 1490 603 vocationis,
1522 531 1605 588 ita
1658 534 1908 591 nullate-

249 627 367 667 nus
393 610 574 667 debet
593 612 780 669 abnui
800 614 1111 671 diversitas
1123 618 1532 689 praescientiae,
1548 621 1811 691 justitiae,
1832 623 1913 678 iu-

250 698 415 763 dicii,
447 699 751 756 electionis
772 707 828 757 et
855 704 1418 775 prmdestinationis.
1475 713 1587 763 Aut
1615 709 1795 779 igitur
1819 709 1904 765 di~

247 788 591 844 versitatcm
608 790 940 846 vocationis
955 808 1130 863 nega,
1149 797 1272 863 aut,
1289 795 1336 849 si
1349 795 1462 851 hoc
1486 795 1915 869 blasphemum

247 881 359 950 est,
384 877 729 935 varietatem
752 880 1290 952 praedestinationis
1305 883 1572 941 admitte.
1591 889 1706 942 Aut
1721 886 1906 956 igitur

245 965 659 1023 diversitatem
689 969 1017 1025 vocationis
1039 986 1215 1040 nega,
1248 978 1350 1028 aut
1372 973 1420 1028 si
1473 975 1585 1030 hoc
1616 974 1912 1048 blasphe-

247 1073 423 1112 mum
481 1062 589 1128 est,
637 1058 984 1116 varietatem
1038 1061 1579 1132 praedestinationis
1637 1065 1910 1122 admitte.

249 1149 380 1202 Non
410 1162 576 1217 ergo,
601 1152 663 1203 ut
682 1147 1062 1221 impudenter
1089 1151 1387 1224 przecipis,
1423 1153 1642 1210 tacebit
1689 1153 1916 1210 ﬁdelis-

249 1235 406 1291 sima
421 1234 727 1305 integritas
743 1241 801 1292 et
823 1238 1144 1310 purissima
1161 1240 1422 1297 Charitas
1439 1243 1728 1300 orthodox
1737 1260 1912 1300 orum

247 1326 400 1398 quin
418 1325 697 1381 veraciter
719 1327 1112 1398 praedicetDei
1126 1329 1732 1401 praedestinationem,
1759 1333 1914 1390 sicut

242 1413 544 1486 judicium
563 1415 970 1487 justissimum
1004 1419 1392 1489 perditorum.
1418 1425 1618 1495 Neque
1650 1423 1912 1496 przedes-

247 1504 469 1560 tinatos
498 1522 534 1562 α
561 1507 890 1578 contrario,
922 1523 1033 1579 pro
1065 1524 1136 1564 eo
1162 1509 1330 1581 quod
1359 1515 1447 1566 est
1474 1527 1598 1567 non
1643 1512 1911 1584 praedes-

1180 143 1268 196 DE
1308 141 1982 206 PREDESTINATIONE
2019 151 2297 210 CONTRA
2335 157 2383 214 J.
2425 159 2732 221 SCOTUM.

253 263 491 315 vocatos
522 257 610 329 (ΙΙ
664 260 815 316 Tim.
848 277 888 328 ι,
921 261 998 334 8),
1032 264 1090 318 et
1137 263 1447 319 vocatione
1503 271 1733 331 sancta,
1783 269 1900 326 nisi
1932 274 1978 328 A
2021 276 2162 331 Nem

3532 181 3670 242 1194

2169 292 2241 374 pe
2259 284 2362 336 aut
2382 297 2506 338 non
2535 283 2735 342 vidisti
2765 287 3044 347 interiore
3073 301 3323 368 aspectu
3372 303 3540 374 quod
3588 307 3670 362 vi-

2021 361 2287 466 dendum
2307 375 2454 466 erat,
2473 377 2577 466 aut
2597 378 2646 430 te
2663 391 2787 432 non
2805 377 3006 436 videre
3025 361 3268 453 tinxisti,
3300 361 3669 466 perindeque
3711 426 3713 428 -

2021 451 2099 507 ad
2115 468 2217 548 eas
2233 456 2568 517 calumnias
2582 466 2920 544 praerupisti
2936 473 3000 525 ut
3016 451 3261 529 beatum
3270 451 3323 530 Ᾰ
3324 451 3671 548 ugustinum

2020 537 2185 634 quod
2209 555 2524 616 nunquam
2565 537 2864 618 cogitavit,
2897 552 3121 611 dixisse
3164 537 3563 634 contingeres,
3594 537 3672 624 ἆ

2019 629 2124 723 tua
2147 626 2480 723 legentibus
2509 634 2593 691 ita
2621 635 2900 697 illuderes
2938 658 3008 700 ac
3027 644 3076 700 si
3108 661 3179 703 ea
3205 626 3533 723 intelligere
3550 626 3672 712 'ne-

2023 714 2373 785 quivissent.
2427 721 2506 777 Te
2536 723 2728 781 solum
2744 729 3016 788 omnium
3038 714 3453 797 acutissimum
3470 742 3669 800 Gallia:

2025 806 2351 864 transmisit
2373 809 2672 882 Hibernia,
2702 820 2767 873 ut
2795 835 2932 891 quae
2951 821 3153 880 nullus
3182 825 3414 901 absque
3437 834 3491 887 te
3519 833 3670 890 scire

2022 897 2273 988 poterat,
2297 897 2426 988 tuis
2449 902 2886 964 eruditionibus
2915 909 3206 971 obtineret
3236 897 3376 973 :sed
3405 919 3566 978 absit
3584 927 3666 988 ut,

2023 982 2237 1072 Celtica
2260 986 2604 1060 eloquentia
2635 997 3034 1072 tottantisque
3059 1002 3382 1064 ﬂuviorum
3405 982 3672 1070 exunda-

2019 1071 2280 1170 tionibus
2335 1077 2616 1172 debriata
2677 1088 2811 1172 tuas
2889 1089 3294 1150 nubilationes
3371 1099 3667 1172 admittat,

2018 1160 2299 1254 quamvis
2329 1162 2678 1254 Christianze
2708 1168 3058 1230 humilitatis
3083 1178 3426 1254 eminentia,
3458 1160 3672 1244 alteru:

2021 1249 2108 1300 tro
2139 1247 2440 1308 charitatis
2477 1254 2674 1313 ofﬁcio
2704 1258 2971 1318 vicissim
3021 1268 3389 1339 suppeditari
3411 1247 3670 1332 Iminime

2016 1337 2368 1406 prohibeat:
2402 1341 2546 1414 imo,
2576 1347 2977 1424 undecunque
2994 1337 3384 1416 commodum
3410 1361 3668 1434 duxerit,

2017 1423 2374 1499 alternatim,
2408 1447 2545 1503 quae
2597 1440 2758 1492 recta
2801 1423 2960 1510 sunt,
2993 1443 3262 1500 exhiberi
3300 1423 3667 1519 percenseat:

2087 1515 2293 1609 Itaque
2313 1519 2630 1609 puritatem
2653 1527 2871 1582 mentis
2891 1529 3134 1602 adhibe,
3154 1538 3210 1589 et
3225 1515 3671 1609 simplicitatem

243 1593 468 1649 tinatos
492 1595 784 1667 admittet,
811 1600 877 1652 ut
903 1596 1163 1670 desipis;
1197 1597 1304 1654 sed
1331 1599 1428 1655 Dei
1451 1599 1768 1656 intfexibili
1781 1602 1909 1672 jus-
1942 1626 1984 1678 Β
2016 1602 2318 1661 charitatis
2334 1607 2699 1680 benignitate
2715 1613 3044 1674 intellectus
3067 1593 3668 1700 ostende,‘quadwuvc;,

244 1683 377 1739 titia
407 1684 607 1742 credet
635 1685 1100 1743 irrcvocabiliter
1120 1687 1483 1760 puniendos.

897 1794 1126 1850 CAPUT
1164 1796 1296 1850 XIV.

250 1881 612 1938 Testimonia
636 1884 834 1938 sancti
852 1883 1180 1953 Augustini
1193 1885 1670 1954 simulcollecta,
1695 1887 1908 1960 quibus

316 1976 525 2040 aperte
545 1972 861 2040 conﬁcitur
881 1987 1002 2028 non
1031 1988 1152 2029 esse
1169 1974 1291 2029 nisi
1308 1990 1491 2031 unam
1515 1977 1912 2045 praedestina-

317 2060 562 2131 tionem,
580 2075 825 2132 eamque
849 2062 1215 2118 solummodo
1232 2063 1313 2118 ad
1331 2069 1566 2120 sanctos
1583 2067 1906 2134 pertinere.

317 2149 541 2214 Quarta
565 2149 802 2207 decima
830 2150 1331 2222 phantasmatum
1363 2157 1605 2211 tuorum
1628 2154 1910 2228 periodos

242 2235 362 2292 hoc
390 2236 604 2294 habet:

813 2361 1063 2404 JOANNES
1103 2363 1331 2405 SCOTUS.

319 2434 510 2505 (Num.
549 2439 601 2504 t,
633 2433 695 2490 in
724 2437 784 2491 T.
817 2452 950 2509 cap.
988 2440 1075 2507 14,
1105 2453 1275 2494 num.
1309 2443 1361 2506 2,
1395 2441 1537 2495 sect.
1565 2439 1700 2512 l.)6
1735 2441 1911 2497 Testi-

239 2524 446 2578 monia
500 2525 701 2580 sancti
742 2525 1077 2595 Augustini
1135 2528 1317 2583 simul
1364 2528 1640 2600 collecta,
1695 2529 1908 2600 quibus

241 2617 454 2680 aperte
483 2614 802 2682 conﬁcitur
821 2630 942 2670 non
964 2631 1086 2672 esse
1112 2617 1234 2672 nisi
1271 2632 1456 2674 unam
1508 2617 1907 2687 praedestina-

248 2699 496 2770 tionem,
524 2716 768 2774 eamque
791 2703 1161 2760 solummodo
1191 2704 1273 2760 ad
1301 2711 1537 2761 sanctos
1570 2707 1902 2775 pertinere.

246 2788 332 2844 Et
363 2804 437 2845 ne
489 2792 617 2862 quis
657 2793 841 2862 forte,
889 2791 1191 2865 inquiens,
1248 2809 1355 2850 nos
1405 2795 1648 2852 aestimet
1701 2801 1906 2852 nostro

242 2891 422 2934 sensu
475 2881 720 2949 proprio
766 2881 918 2937 talia
974 2881 1215 2951 dixisse,
1252 2884 1485 2939 nullius
1524 2885 1904 2942 auctoritatis

2015 1707 2151 1784 quae
2172 1694 2271 1784 pie
2302 1701 2441 1754 sunt
2464 1698 2624 1758 dicta
2639 1718 2735 1774 pie
2763 1703 3080 1779 intelligas,
3113 1715 3169 1767 et
3197 1694 3434 1784 pietatis
3468 1694 3661 1776 abun;

2014 1780 2223 1874 dantia
2248 1785 2488 1857 piorum
2509 1788 3000 1851 instructionibus
3021 1780 3218 1856 cultor
3234 1802 3471 1874 pietatis
3505 1807 3672 1864 exhi-

2015 1870 2194 1928 beas:
2219 1875 2385 1947 quod
2411 1877 2478 1940 si,
2511 1880 2760 1951 quando
2783 1882 2900 1940 ista
2929 1870 3432 1962 dictabam—agere
3452 1896 3670 1952 voluis-

2019 1976 2133 2054 ses,
2157 1964 2430 2054 profecto
2468 1968 2721 2026 vidisses
2759 1972 2905 2044 quia
2953 1991 3076 2032 non
3119 1977 3392 2038 absolute
3413 1983 3674 2054 (utsom-

2017 2050 2170 2123 nias)
2223 2051 2433 2110 beatus
2481 2058 2851 2128 Augustinus
2903 2062 3095 2131 solam
3151 2083 3280 2126 esse
3339 2050 3669 2131 electorum

2015 2141 2604 2216 praedestinationem
2664 2148 2754 2205 vel
2782 2155 3104 2212 asseruerit
3139 2157 3232 2214 vel
3277 2162 3673 2222 conﬁrmave-

2014 2231 2120 2326 rit,
2136 2232 2241 2288 sed
2271 2249 2404 2290 eam
2427 2239 2659 2292 tantum
2690 2237 2765 2294 de
2790 2256 2915 2314 qua
2959 2245 3264 2315 agendum
3304 2257 3668 2326 susceperat,

2017 2320 2354 2391 defendere,
2383 2328 2440 2380 et
2454 2331 2660 2383 contra
2679 2327 3098 2389 hiereticorum
3119 2338 3414 2397 versutias
3433 2320 3669 2399 munire

2017 2411 2307 2469 catholica
2337 2415 2582 2473 veritate
2605 2417 2916 2476 studuerit.
2949 2423 3182 2494 Agebat
3203 2427 3430 2502 quippe
3462 2429 3670 2488 adver-

2018 2515 2122 2555 sus
2148 2517 2338 2558 novos
2371 2503 2464 2560 sui
2497 2508 2782 2580 temporis
2806 2509 3136 2581 haereticos,
3179 2516 3455 2575 videlicet
3502 2520 3670 2578 Pela-

2015 2590 2247 2660 gianos,
2261 2591 2366 2664 qui
2387 2599 2731 2652 sanctorum
2747 2598 3334 2669 praedestinationem
3374 2607 3670 2665 omnimo-

2014 2678 2108 2734 dis
2137 2677 2554 2750 denegabant;
2588 2682 2852 2741 dicentes
2883 2688 3071 2745 Deum
3101 2705 3230 2747 esse
3272 2709 3672 2766 personarum

2014 2773 2414 2842 acceptorem,
2448 2771 2496 2826 si
2524 2772 2827 2843 quosdam
2858 2779 2915 2832 et
2963 2793 3088 2834 non
3141 2795 3354 2838 omnes
3393 2784 3672 2842 homines

2014 2857 2368 2926 generaliter
2388 2858 2466 2915 ad
2482 2861 2668 2916 vitam
2685 2863 3170 2934 praedestinasset
3183 2875 3497 2942 aeternam;
3523 2891 3672 2947 quo-

239 2947 553 3037 gravitate
577 2947 834 3038 s-u/fulti,
865 2972 1102 3040 placuit
1129 2947 1297 3027 nobis
1328 2973 1666 3029 testimonia
1709 2975 1908 3030 sancti
1934 2975 1975 3028 C
2011 2947 2487 3040 mm_d‘?memim
2508 2949 2716 3040 d°°t9r
2734 2950 3140 3040 beaﬁssimus’
3167 2959 3515 3017 orumdoxm
3532 2962 3673 3018 ﬁdei

238 3057 454 3111 Patris
471 3058 799 3128 Augustini
824 3060 1004 3116 simul
1033 3061 1346 3132 colligere:
1377 3066 1441 3117 ut
1460 3063 1732 3131 prudens
1746 3063 1902 3133 quis-

242 3161 360 3218 que
387 3153 700 3217 cognoscat
721 3149 1068 3206 nullomodo
1089 3166 1221 3207 eum
1244 3151 1398 3207 duas
1416 3151 1900 3220 praedestinatio-

243 3251 348 3291 nes
379 3236 664 3309 docuisse,
709 3253 816 3296 nec
866 3255 1050 3296 unam
1084 3240 1444 3310 bipertitam,
1505 3255 1612 3297 nec
1648 3241 1900 3310 duplam

251 3329 321 3379 ut
353 3326 797 3384 Gottescalc/zus
846 3329 1063 3385 edocet.
1093 3330 1174 3385 Et
1202 3331 1374 3386 illam
1401 3344 1584 3386 unam
1628 3330 1901 3386 videlicet

249 3412 516 3470 divinam
539 3425 658 3472 non
697 3418 818 3473 nisi
841 3418 924 3474 ad
935 3425 1172 3475 sanctos
1201 3420 1526 3488 pertinere.
1562 3418 1898 3488 Impiorum

247 3517 387 3559 vero
416 3505 764 3562 nullomodo
791 3521 962 3576 posse
981 3523 1121 3564 esse.
1144 3510 1214 3564 In
1238 3509 1390 3564 libro
1419 3509 1492 3565 de
1518 3508 1904 3578 Correptione

242 3597 300 3648 et
329 3592 537 3649 Gratia
571 3594 723 3667 (cap.
759 3595 896 3666 l2):
945 3596 1220 3668 [Sanctis,
1269 3596 1480 3670 inquit,
1535 3596 1595 3652 in
1646 3611 1904 3667 regnum

243 3679 349 3734 Dei
373 3696 482 3752 per
507 3681 761 3750 gratiam
783 3683 882 3739 Dei
903 3683 1342 3756 praedestinatis
1369 3684 1598 3740 donum
1626 3699 1903 3757 perseve-

241 3768 458 3824 rantia;
488 3769 686 3838 datur,
712 3787 838 3828 non
873 3771 1075 3828 solum
1105 3776 1170 3828 ut
1199 3772 1326 3828 sine
1350 3772 1462 3828 isto
1509 3773 1672 3828 dono
1702 3787 1904 3845 perse-

249 3863 535 3916 verantes
561 3876 690 3916 esse
711 3877 834 3917 non
866 3862 1116 3934 possint,
1134 3877 1343 3917 verum
1372 3863 1553 3917 etiam
1577 3865 1642 3918 ut
1665 3877 1773 3934 per
1791 3863 1906 3919 hoc

243 3945 477 4002 donum
510 3963 633 4003 non
660 3949 775 4004 nisi
805 3953 1250 4022 perseverantes
1301 3948 1418 4004 sint
1449 3951 1580 4018 [al.,
1629 3965 1751 4006 non
1780 3955 1908 4006 tan-

245 4039 376 4090 tum
402 4034 516 4091 tale
537 4035 904 4107 adjutorium
923 4037 1384 4110 perseverantiae
1414 4036 1615 4105 datur,
1651 4037 1756 4092 sed
1791 4037 1907 4093 tale

245 4127 315 4179 ut
340 4123 426 4179 eis
446 4127 895 4197 perseverantia
914 4126 1048 4199 ipsa
1073 4126 1462 4198 donetur].Et
1474 4130 1607 4195 post
1627 4126 1909 4196 aliquan-

245 4217 333 4280 ta,
363 4212 685 4285 ipseigitur
709 4231 811 4271 eos
850 4215 989 4272 facit
1037 4231 1416 4288 perseverare
1464 4213 1527 4270 in
1574 4213 1761 4286 bono,
1804 4214 1910 4287 qui

2012 3035 2194 3091 armis
2223 3036 2565 3104 instructus,
2622 3037 2868 3097 obviare
2921 3041 3235 3118 festinans,
3299 3064 3538 3122 semper
3595 3052 3670 3108 de

2009 3129 2344 3182 memorata
2391 3130 2738 3183 sanctorum
2769 3130 3296 3202 prmdestinatione
3328 3153 3671 3196 sermonem

2007 3214 2223 3280 intulit,
2278 3214 2801 3287 quemadmodum
2855 3219 2918 3275 in
2945 3221 3077 3292 ejus
3117 3223 3341 3292 verbis,
3394 3227 3671 3301 quisquis

2009 3304 2206 3362 sobrie
2235 3303 2504 3375 attendit,
2534 3304 2824 3377 intelligit.
2857 3309 3003 3367 Dicit
3022 3311 3185 3369 enim
3221 3313 3564 3388 frequenter
3592 3317 3670 3374 de

2010 3410 2081 3450 ea
2119 3409 2302 3466 quam
2363 3391 2765 3458 defendimus,
2837 3397 2934 3454 vel
2969 3415 3159 3472 quam
3226 3402 3673 3462 defendendam

2013 3481 2408 3555 suscepimus,
2488 3481 2580 3538 vel
2659 3500 2844 3556 quam
2926 3489 3316 3561 asserimus;
3395 3498 3452 3550 et
3518 3494 3670 3550 stul-

2007 3575 2136 3628 tum
2205 3573 2352 3638 erat,
2401 3572 2810 3643 praetermissa
2866 3590 2940 3632 ea
2995 3577 3090 3632 cui
3136 3580 3664 3640 contradieebatur

2010 3675 2270 3733 quaeque
2297 3659 2832 3733 oppugnabantur,
2857 3662 2937 3719 ad
2976 3664 3161 3722 aliam
3211 3669 3526 3740 transilire,
3577 3669 3674 3727 cui

2011 3747 2306 3819 negandaa
2334 3748 2430 3805 vel
2459 3748 2892 3822 impugnandis
2940 3753 3202 3812 necdum
3229 3756 3446 3831 aliquis
3476 3759 3674 3816 insur-

2009 3842 2282 3894 rexerat:
2309 3853 2454 3895 nam
2481 3838 2556 3893 de
2578 3837 3015 3910 prtedestinatis
3036 3842 3117 3898 ad
3143 3859 3390 3914 poenam
3421 3850 3664 3904 Patrum

2012 3927 2386 3999 temporibus
2446 3925 2679 3982 nullam
2733 3927 2920 3984 fuisse
2971 3935 3202 3987 motam
3272 3935 3672 4004 quaastionem

2014 4015 2276 4072 evidenti
2299 4013 2528 4086 judicio
2557 4016 2986 4087 comprobatur
3003 4018 3030 4072 ?
3051 4018 3218 4091 quod
3239 4021 3440 4077 nullus
3461 4038 3572 4096 pro
3601 4039 3677 4080 ea

2016 4109 2224 4161 contra
2253 4104 2383 4174 ejus
2403 4102 2498 4160 vel
2518 4109 2844 4161 assertores
2873 4105 2967 4162 vel
2996 4113 3314 4180 negatores
3348 4111 3673 4186 scripserit,

2017 4196 2234 4266 praeter
2253 4191 2612 4264 Monimum,
2634 4191 2760 4266 qui,
2781 4192 3120 4251 nullatenus
3152 4200 3674 4272 reprehendendo,

243 4281 558 4368 fecit—[alq—
574 4297 732 4370 facit]
771 4299 1002 4356 bonos:
1034 4281 1140 4372 qui
1204 4304 1407 4356 autem
1455 4298 1681 4356 cadunt
1710 4281 1768 4354 el
1809 4281 1911 4372 pe_
1942 4328 1986 4380 η
2021 4281 2746 4380 V9r11m_iPtemSenﬁaFl_
2783 4283 2940 4340 illius
2995 4285 3090 4380 Hie
3119 4288 3502 4380 re_q_ui_rend0.
3534 4306 3676 4348 San-

242 4390 444 4457 reunt,
473 4386 536 4442 in
565 4387 1130 4460 praedestinatorum
1158 4404 1414 4445 numero
1461 4403 1587 4444 non
1618 4387 1912 4474 fuerunt.]

243 4476 508 4532 Attende
546 4491 724 4547 quam
774 4477 1052 4534 absolute
1100 4477 1279 4546 dixit,
1315 4476 1421 4550 qui
1452 4476 1681 4533 cadunt
1718 4479 1776 4532 et
1806 4491 1912 4549 pe-

244 4569 430 4622 reunt
468 4565 530 4622 in
571 4566 1134 4639 praedestinatorum
1183 4582 1444 4624 numero
1474 4582 1600 4623 non
1652 4565 1911 4623 fuerunt.

246 4655 552 4724 Quomodo
583 4656 706 4712 haec
733 4655 974 4721 diceret,
1030 4656 1085 4710 si
1105 4657 1200 4712 vel
1229 4654 1382 4711 duas
1412 4654 1915 4724 praedestinatio-

248 4760 354 4802 nes
379 4746 552 4803 vellet
580 4761 861 4814 asserere,
885 4746 980 4802 vel
1009 4759 1193 4802 unam
1241 4744 1306 4800 in
1338 4743 1491 4800 duas
1512 4748 1717 4813 partes
1760 4744 1916 4799 divi-

248 4848 401 4904 sam,
427 4835 522 4892 vel
553 4835 829 4905 duplam,
883 4849 1067 4891 unam
1118 4832 1356 4905 quidem
1377 4837 1748 4901 sanctorum,
1796 4832 1920 4888 alte

246 4939 524 4983 ramuero
551 4924 749 4995 impiis
775 4925 1144 4994 deputatam.

921 5029 1254 5072 CORRECTIO.

322 5105 418 5172 i0
443 5105 880 5179 disputatorem
949 5103 1434 5172 subtilissimum,
1466 5099 1746 5176 qui,eum
1788 5098 1919 5156 haec

246 5195 494 5260 diceret,
515 5210 712 5269 neque
736 5210 877 5251 cum
904 5193 1214 5250 Aristotele
1237 5192 1546 5250 calamum
1601 5191 1666 5248 in
1715 5193 1921 5247 mente

248 5285 544 5356 tingebat,
597 5300 795 5357 neque
859 5299 1000 5340 cum
1062 5281 1354 5340 Dominici
1395 5280 1657 5355 pectoris
1698 5277 1923 5335 recubo

250 5373 501 5431 deveras
530 5373 836 5448 sapientiae
882 5371 1111 5428 ﬂuenta
1141 5370 1429 5428 doctrinas
1464 5367 1743 5426 salutaris
1771 5366 1924 5422 hau-

2023 4378 2186 4430 ctum
2214 4373 2594 4445 Fulgentium
2615 4373 2695 4430 ad
2731 4374 2847 4430 hoc
2882 4390 2996 4432 sua
3024 4375 3411 4449 inquisitione
3441 4379 3682 4454 impulit

2021 4467 2104 4528 ut,
2134 4463 2628 4537 qualiterabeato
2654 4463 2991 4533 Augustino
3022 4465 3320 4524 intellecta
3346 4467 3524 4526 fuerit
3554 4471 3680 4527 sive

2021 4552 2256 4624 prolata
2284 4552 2587 4610 volumine
2617 4553 2823 4609 adhoc
2841 4553 3040 4610 solum
3069 4557 3500 4628 permagniﬁce
3521 4558 3680 4615 edito

2022 4641 2111 4697 vir
2137 4659 2245 4714 per
2272 4641 2480 4699 omnia
2509 4641 2927 4714 suspiciendus
2956 4643 3281 4702 intimaret.

2099 4819 2280 4878 Sedet
2304 4819 2366 4876 in
2386 4823 2724 4877 memorata
2749 4822 3039 4879 sententia
3067 4822 3283 4881 beatus
3308 4827 3680 4898 Augustinus

2025 4909 2187 4968 unde
2202 4909 2410 4966 dixerit
2432 4909 2747 4983 perspicue
2774 4909 3056 4980 declarat,
3080 4929 3267 4985 quam
3293 4915 3377 4972 ita
3409 4916 3681 4977 inchoat:

2026 4999 2298 5074 [Sanctis,
2326 4999 2541 5073 inquit,
2593 4999 2656 5056 in
2705 5015 2962 5071 regnum
3005 5002 3106 5058 Dei
3150 5019 3257 5076 per
3288 5005 3547 5074 gratiam
3579 5011 3684 5068 Dei

2025 5089 2466 5166 praadestinatis
2485 5090 2678 5162 (Aug.,
2697 5091 2771 5148 de
2790 5093 3062 5163 Corrept.
3080 5099 3134 5151 et
3150 5096 3319 5153 Grat.
3345 5100 3604 5172 cap.t2).
3622 5104 3692 5158 Et

2028 5182 2182 5239 infra
2206 5199 2218 5238 :
2247 5182 2381 5254 Ipse
2405 5179 2587 5250 igitur
2615 5196 2718 5237 eos
2749 5180 2888 5238 facit
2911 5199 3287 5255 perseverare
3315 5185 3561 5258 in,bono
3584 5189 3692 5260 qui

2030 5270 2395 5340 fecitbonos;
2417 5269 2522 5343 qui
2544 5275 2748 5327 autem
2765 5270 2989 5329 cadunt
3009 5279 3066 5331 et
3085 5279 3356 5348 pereunt,
3381 5275 3442 5332 in
3459 5276 3691 5348 prinde-

2033 5360 2652 5417 stinatorumnumero
2665 5374 2789 5416 non
2799 5358 3244 5434 fuerunt].Quid
3256 5364 3696 5439 apertius,quid

249 5463 446 5520 riebat
464 5464 477 5520 Ξ
493 5463 784 5520 Nimirum
794 5461 974 5519 etiam
990 5461 1053 5517 in
1071 5464 1123 5517 te
1135 5459 1405 5518 videmus
1416 5455 1732 5530 impletum
1760 5453 1929 5528 quod
2036 5450 2442 5509 manifestius?
2455 5451 2535 5507 De
2549 5451 2773 5508 sanctis
2789 5451 2950 5509 enim
2964 5453 3027 5509 in
3039 5469 3292 5525 regnum
3320 5457 3419 5513 Dei
3432 5473 3540 5530 per
3562 5473 3698 5528 gra-

251 5551 1155 5627 Apostolusloquitur:Perdam
1184 5548 1544 5620 sapientiam
1564 5546 1927 5617 sapientium
2039 5541 2185 5598 tiam
2205 5541 2304 5596 Dei
2329 5541 2766 5613 prasclestinatis
2806 5541 2973 5615 loqui
3004 5549 3287 5616 coeperat,
3319 5547 3516 5620 deque
3549 5547 3697 5618 ipsis

251 5649 312 5703 et
324 5642 1116 5716 prudentiamprudentium
1135 5636 1551 5712 reprobabo(1
1568 5637 1708 5694 Cor.
1731 5652 1769 5706 ι,
1807 5636 1919 5706 19).

548 5735 790 5792 PATROL.
838 5732 990 5790 CXV.

2045 5628 2336 5702 subjeccit
2360 5629 2528 5702 quod
2556 5630 2687 5704 ipse
2715 5646 2817 5688 eos
2845 5630 3027 5688 faciat
3045 5648 3427 5704 perseverare
3452 5636 3514 5692 in
3529 5634 3696 5692 bono

3294 5724 3363 5779 38
