4116 6186
449 182 585 241 “95

1535 167 1591 222 S.
1633 148 2004 218 PBUDENTH
2041 142 2422 210 TRBGENBIG
2459 144 2772 207 EPlSCOPl

3730 136 3877 198 1196

448 307 557 381 qui
585 302 723 362 fecit
743 300 980 364 bonos;
1013 292 1120 366 qui
1165 293 1370 349 autem
1419 287 1646 345 cadunt
1673 287 1732 340 et
1768 281 2027 356 pereunt
2052 277 2166 332 inA
2206 275 2382 377 diem.
2404 279 2460 331 et
2473 288 2736 381 annum,
2764 274 2841 381 ut.
2859 268 3195 381 acciderent
3227 265 3466 323 tertiam
3482 272 3729 336 partem
3764 265 3879 322 ho-

449 373 1011 470 prmdestinatorum
1033 379 1408 454 (earumdem
1446 374 1721 433 videlicet
1750 373 2096 470 sanctorum

451 457 634 556 atque
666 472 994 541 bonorum)
1022 485 1277 527 numero
1300 482 1423 524 non
1476 465 1735 522 fuerunt.
1783 459 1904 518 Nisi
1951 457 2100 513 forte

451 548 647 630 novas
675 570 984 625 oratorum
1014 558 1483 617 declamationes
1496 553 1807 611 sinducere
1826 563 2024 623 paras,
2041 548 2103 601 ut

448 672 546 719 res
574 659 650 716 de
681 668 804 731 qua
835 654 1030 724 agitur
1058 660 1379 722 nunquam
1408 644 1523 702 nisi
1554 641 1761 700 crebra
1789 639 1914 695 imo
1963 651 2103 731 con-

452 751 626 809 tinua
677 722 768 802 sui
809 722 1163 817 repetitione
1237 738 1524 808 signetur,
1581 738 1639 789 et
1702 745 1838 804 quae
1899 722 2101 791 semel,

448 838 538 896 vel
619 816 891 909 quoties,
962 826 1380 902 opportunitas
1466 819 1704 895 expetit,
1773 816 2106 909 memorata

452 900 768 992 sumceret,
798 900 1094 992 frequenti
1118 914 1427 972 iteratione
1458 909 1761 968 fastidium
1783 904 1907 960 suis
1938 900 2106 992 audit

453 1015 685 1075 toribus
735 988 987 1082 ingerat.
1030 1006 1448 1063 Ineunctanter
1475 1001 1676 1071 itaque
1724 995 1859 1051 dico
1887 992 2032 1066 quia
2056 988 2105 1045 si

450 1106 543 1164 vel
563 1108 640 1177 te,
659 1101 756 1160 vel
775 1096 1126 1175 quempiam
1157 1094 1366 1163 alium,
1398 1092 1522 1147 sive
1547 1087 1821 1145 hebetem
1854 1098 1959 1139 seu
1992 1094 2108 1137 cer-

453 1200 508 1253 te
527 1174 970 1251 calumniOsum
994 1183 1416 1242 intellectorem
1447 1174 1801 1250 scriptorum
1834 1186 2102 1237 suorum,

454 1284 518 1341 in
535 1284 651 1341 hac
671 1279 960 1336 duntaxat
979 1272 1168 1330 causa
1187 1271 1454 1327 futurum
1480 1260 1833 1340 putavisset,
1856 1259 2105 1318 omnino

452 1376 622 1431 tanta
645 1364 1068 1444 perspicuitate
1096 1359 1426 1433 scripsisset
1447 1360 1532 1424 ut,
1582 1366 1959 1427 quaecunque
2007 1361 2106 1444 ca-

451 1436 912 1519 lumniatoribus
959 1465 1227 1521 congrua
1250 1444 1644 1520 praevidisset,
1709 1436 2107 1513 opportunius

456 1544 810 1621 expedisset.

526 1685 693 1743 Idem
724 1683 929 1757 utique
967 1684 1215 1754 Prosper
1262 1679 1320 1734 et
1350 1674 1604 1732 Hilarius
1649 1671 1790 1729 satis
1810 1662 2107 1738 indicant,

468 1775 595 1852 qui,
622 1788 805 1848 super
843 1767 1308 1829 oblatratoribus
1337 1766 1467 1837 ejus
1495 1763 1574 1820 ad
1603 1778 1742 1818 cum
1772 1776 1881 1852 pro
1912 1757 2108 1815 studio

459 1848 807 1933 scribentes,
836 1861 909 1918 de
938 1863 1285 1916 sanctorum
1306 1852 1690 1911 solummodo
1721 1848 2108 1924 praedestina-

457 1953 618 2011 tione
648 1950 827 2009 motis
875 1945 1311 2023 qumstionibus
1337 1941 1687 2017 responderi
1735 1939 2105 2013 petiverunt;

459 2058 724 2117 quorum
761 2037 1150 2114 petitionibus
1218 2032 1592 2093 satisfaciens
1621 2029 1701 2087 ad
1746 2029 2110 2098 interrogata

457 2131 881 2208 responsiones
907 2142 1208 2199 congruas
1238 2122 1522 2189 elimavit,
1546 2136 1808 2194 quorum
1860 2117 1957 2174 vel
1988 2132 2111 2173 ina-

454 2207 624 2280 xima
649 2221 725 2279 de
751 2224 1100 2277 sanctorum
1114 2212 1639 2290 praedestinatione
1668 2209 1992 2278 ertebatur,
2017 2207 2112 2264 cui

456 2309 841 2370 enucleandae
872 2308 1082 2366 doctor
1122 2302 1529 2362 suavissimus
1563 2315 1633 2356 ac
1666 2296 2109 2360 veracissimus,

455 2398 754 2475 quantum
775 2399 919 2456 satis
944 2395 1455 2471 putavit-operam
1492 2387 1809 2463 impendit,
1866 2402 1978 2445 nec
2030 2391 2112 2443 ta-

455 2504 598 2547 men
623 2487 777 2544 adeo
797 2483 1134 2560 suppressit
1162 2481 1433 2549 alteram,
1463 2478 1613 2554 quin
1662 2475 1854 2534 sicubi
1898 2490 2115 2548 oppor-

462 2582 681 2634 tunum
692 2573 1002 2649 judicavit,
1020 2572 1187 2629 illam
1209 2569 1387 2627 etiam
1411 2566 1884 2625 commendaret.

534 2715 718 2785 Quasi
734 2722 874 2772 vero
901 2713 963 2770 in
990 2713 1212 2770 sanctis
1240 2715 1366 2768 tam
1390 2709 1690 2766 veteribus
1714 2714 1902 2782 quam
1945 2707 2117 2762 novis

468 2804 785 2880 Scripturis
807 2816 1072 2879 nequam
1120 2803 1228 2858 iste
1260 2799 1478 2858 modus
1499 2796 1818 2855 locutionis
1865 2795 2119 2853 inveniri

464 2896 678 2971 possit,
703 2904 843 2951 eum
873 2893 1034 2950 dicat
1076 2888 1388 2947 Psalmista
1422 2906 1436 2944 :
1484 2888 1710 2944 Panem
1766 2887 2118 2958 angelorum

2209 366 2438 421 minam
2469 364 2674 432 (Apoc.
2709 376 2787 429 lx,
2825 359 2932 425 15).

2282 451 2583 525 Nunquid,
2597 450 2942 521 ubicunque
2954 446 3183 519 absque
3198 444 3613 501 additamento
3628 459 3885 517 ponun-

2207 546 2320 610 tur,
2349 541 2484 597 ideo
2504 540 2700 596 licebit
2745 537 3079 609 cuicunque
3106 550 3215 610 pro
3246 533 3420 590 libitu
3454 550 3587 601 suo,
3625 534 3723 589 vel
3755 550 3889 590 ma-

2207 633 2297 689 los
2325 645 2435 704 pro
2462 629 2660 698 bonis,
2687 626 2987 684 velbonos
3006 640 3116 698 pro
3149 623 3322 680 malis
3356 623 3665 697 acccipere
3686 627 3715 680 ?
3752 626 3884 680 Ab-

2211 720 2286 778 sit
2310 720 2425 777 hoc
2444 720 2670 792 quippe
2692 716 2996 790 aspirante
3026 713 3301 782 Domino,
3331 711 3443 785 piis
3472 710 3885 768 intellectibus

2210 813 2543 866 reservatur
2571 811 2654 869 ut,
2685 818 2983 878 perpensa
3024 800 3275 858 ﬁdeliter
3316 816 3387 857 ac
3421 800 3713 856 veraciter
3762 798 3887 856 loci

2212 897 2415 972 reique
2443 894 2908 960 circumstantia,
2941 891 3088 964 quid
3118 889 3375 964 qualiter
3403 889 3597 962 accipi
3652 887 3889 945 debeat

2210 989 2635 1060 perscrutetur.
2680 986 2799 1038 Hoc
2828 980 3011 1037 modo
3043 984 3101 1035 et
3130 977 3421 1034 Dominus
3457 978 3519 1033 in
3548 976 3886 1055 Evangelia

2210 1075 2448 1132 locutus
2478 1077 2589 1140 est,
2617 1088 2752 1128 cum
2782 1070 2863 1126 ait
2893 1086 2906 1124 :
2939 1069 3152 1125 Omnia
3178 1081 3311 1139 qua’
3338 1067 3526 1123 vultis
3547 1072 3613 1122 ut
3634 1067 3886 1137 faciant

2211 1160 2371 1221 vobis
2402 1162 2683 1232 homines,
2714 1166 2768 1217 et
2799 1174 2899 1216 vos
2928 1159 3118 1229 facile
3141 1157 3268 1212 illis
3321 1156 3602 1212 sinztliter
3630 1154 3884 1227 (Matth.

2212 1266 2312 1325 vn,
2366 1253 2489 1325 t2):
2536 1249 2814 1323 Nunquid
2868 1248 2967 1304 hic
3027 1246 3388 1321 perversitas
3448 1244 3897 1301 malivolorumr

2213 1338 2471 1411 gestiens
2493 1337 2650 1393 dicet
2677 1351 2712 1391 a
2735 1334 2991 1390 Domino
3021 1331 3134 1391 sibi
3164 1334 3535 1404 praeceptum
3563 1334 3646 1399 ut,
3670 1329 3878 1386 libidi-

2213 1428 2393 1485 nibus
2450 1426 2700 1498 aliisque
2752 1422 3077 1480 sceleribus
3130 1419 3446 1493 implicati,
3495 1433 3888 1492 quaecunque

2213 1516 2424 1573 volunt
2442 1514 2519 1572 ab
2551 1513 2679 1570 aliis
2699 1512 2814 1568 sibi
2840 1510 3115 1583 nequiter
3139 1509 3287 1572 ﬁeri,
3331 1506 3548 1565 eadem
3578 1512 3635 1563 et
3662 1507 3777 1579 ipsi
3806 1505 3884 1562 il-

2139 1629 2178 1684 Β
2214 1607 2287 1664 lis
2316 1605 2539 1662 faciant
2563 1604 2591 1660 ‘l
2638 1608 2692 1660 et
2722 1603 2838 1659 hoc
2867 1600 3055 1658 absit!
3104 1600 3300 1655 Pietas
3333 1599 3559 1672 quippe
3610 1597 3883 1653 benevo-

2213 1697 2411 1753 lorum
2437 1693 2623 1750 modo
2653 1692 2921 1766 quodam
2951 1689 3196 1763 proprio
3215 1688 3275 1743 id
3305 1688 3626 1744 Dominum
3655 1686 3887 1743 dixisse

2214 1784 2505 1854 intelligit,
2537 1788 2621 1851 ut,
2652 1794 3032 1854 quiscunque
3075 1778 3239 1835 bona
3291 1783 3346 1834 et
3397 1778 3646 1833 honesta
3676 1793 3750 1832 ac
3784 1791 3884 1831 se-

2214 1873 2485 1932 cundum
2515 1872 2614 1928 Dei
2641 1870 3035 1934 voluntatem,
3076 1868 3359 1924 charitate
3390 1882 3512 1922 non
3553 1866 3717 1933 ﬁcta,
3760 1880 3877 1920 no-

2213 1962 2308 2021 bis
2332 1960 2462 2019 ﬁeri
2486 1959 2791 2029 volumus,
2816 1957 3033 2014 eadem
3063 1956 3195 2013 aliis
3226 1955 3508 2012 faciamus
3538 1972 3554 2021 ;
3583 1957 3642 2009 et
3667 1952 3870 2009 multa

2217 2051 2337 2110 alia
2354 2067 2492 2125 quin
2544 2049 2792 2123 exsequi
2837 2046 3249 2105 necessarium
3292 2034 3652 2125 judicamus.
3683 2039 3875 2108 Quod

2217 2122 2594 2212 ergo—dicis:

2785 2259 3032 2300 JOANNES
3074 2258 3302 2299 SCOTUS.

2290 2338 2455 2409 (Cap.
2492 2337 2573 2402 14,
2596 2348 2767 2389 num.
2799 2337 2853 2403 3,
2878 2336 3021 2389 sect.
3048 2331 3183 2403 1.)Θ
3210 2331 3421 2387 Omnia
3448 2328 3622 2386 homo
3644 2334 3758 2385 aut
3793 2329 3887 2382 bo-

2218 2440 2354 2490 nus,
2386 2430 2491 2483 aut
2521 2424 2715 2480 malus
2735 2427 2819 2479 est
2849 2422 3171 2494 ,‘simililer
3198 2420 3272 2477 de
3300 2419 3541 2490 angelo.

2888 2542 3196 2585 CORRECTIO
3211 2566 3224 2580 .

2282 2621 2320 2688 1-
2344 2620 2411 2676 Et
2438 2632 2574 2685 nos,
2600 2617 2878 2674 eamdem
2906 2615 3319 2671 deﬁnitionem
3346 2616 3639 2682 tenentes,
3673 2624 3881 2667 secun-

2222 2709 2371 2766 dum
2403 2706 2813 2764 auctoritatem
2842 2703 3304 2776 Scripturarum,
3322 2703 3697 2774 Patrumque
3712 2713 3887 2755 vene-

2222 2796 2556 2854 randorum
2585 2793 2994 2862 concordiam,
3044 2792 3303 2849 dicimus
3348 2791 3548 2847 bonos
3576 2788 3889 2862 praedesti-

2223 2888 2400 2942 natos
2420 2883 2500 2941 ad
2523 2883 2730 2951 vitam,
2747 2882 2943 2938 malos
2966 2881 3045 2938 ad
3064 2892 3311 2954 pmnam
3336 2898 3351 2948 ;
3378 2880 3525 2953 quia
3550 2879 3676 2934 haec
3698 2879 3885 2932 sunt:

466 2967 857 3044 manducavit
893 2983 1065 3039 homo
1112 2981 1236 3053 (Ps.
1290 2992 1510 3047 Lxxvn,
1552 2976 1664 3049 25),
1698 2975 1803 3032 ubi
1831 2992 1956 3032 non
2003 2973 2120 3031 nisi
2149 2983 2190 3037 ο
2228 2970 2424 3044 Opera
2447 2970 3270 3042 Dominimagna,ea:quisita
3292 2970 3356 3025 in
3386 2982 3585 3025 omnes
3607 2967 3887 3022 volunta-

469 3078 814 3134 sa‘nctorum
857 3070 1212 3142 angelorum
1245 3064 1492 3140 intelligi
1536 3066 1733 3123 debet.
1781 3068 1931 3122 Nam
1983 3081 2121 3122 cum

468 3161 667 3235 angeli
694 3161 972 3219 dicantur
1000 3164 1057 3216 et
1079 3157 1224 3216 boni
1253 3155 1493 3220 etmali,
1527 3149 1793 3212 crebrius
1836 3170 1974 3210 cum
2025 3153 2127 3210 ad-

466 3249 1063 3326 ditamentopropriie
1089 3246 1483 3305 distinctionis
1503 3245 1647 3318 poni
1665 3243 1875 3314 solent,
1895 3248 1986 3300 ut:
2004 3244 2128 3299 An-

466 3340 619 3415 gelis
638 3342 760 3400 suis
784 3340 1075 3398 mandavi
1096 3338 1171 3395 de
1187 3337 1375 3409 te(Ps.
1407 3350 1499 3403 xc,
1520 3334 1623 3390 11‘.
1660 3334 1761 3405 Et,
1783 3333 2127 3390 Benedicite

468 3431 811 3496 Dominum,
852 3427 1053 3500 angeli
1081 3429 1209 3497 ejus
1237 3430 1499 3495 potentes
1543 3424 1784 3494 virtute,
1836 3423 2125 3494 facientes

470 3522 711 3576 verbum
741 3520 889 3588 ejus,
909 3515 990 3572 ad
1010 3513 1371 3571 audiendam
1397 3527 1593 3570 vocem
1616 3527 1952 3569 sermonum
1972 3514 2119 3583 ejus.

469 3606 815 3663 Benedicite
862 3601 1351 3674 Dominolomnes
1380 3602 1631 3657 virtutes
1684 3603 1832 3671 ejus,
1863 3603 2125 3658 ministri

470 3693 622 3763 ejus,
644 3690 751 3762 qui
763 3689 969 3760 fhcitis
990 3688 1353 3743 voluntatem
1372 3688 1499 3755 ejus
1517 3686 1638 3755 (Ps.
1658 3701 1749 3756 cn,
1765 3686 1858 3753 20,
1874 3688 1988 3754 21).
2016 3687 2085 3741 Et
2108 3703 2121 3742 :

473 3779 581 3853 qui
622 3776 782 3851 facit
845 3776 1088 3847 angelos
1144 3788 1280 3831 suos
1362 3773 1633 3844 spiritus,
1689 3778 1743 3830 et
1817 3774 2121 3830 ministros

468 3880 606 3926 suos
625 3868 821 3940 ignem
846 3870 1115 3922 urentem
1147 3862 1265 3937 (Ps.
1287 3871 1401 3932 cui,
1429 3862 1504 3936 4).
1530 3863 1597 3919 Et
1621 3880 1633 3919 :
1667 3862 1941 3921 Laudate
1965 3876 2118 3936 eum,

468 3958 676 4030 angeli
700 3959 850 4028 ejus,
885 3954 1132 4012 laudate
1159 3969 1290 4011 eum
1321 3956 1518 4010 omnes
1565 3953 1811 4010 virtutes
1842 3955 1970 4024 ejus
1998 3953 2115 4026 (Ps.

467 4062 696 4111 cnvm,
725 4046 803 4117 2).
835 4042 903 4100 Et
930 4043 1220 4100 Duminus
1245 4042 1306 4098 in
1336 4041 1658 4113 Evangelio
1682 4042 1897 4098 :Mittet
1925 4042 2119 4098 Filius

467 4134 725 4192 hominis
767 4133 1010 4204 angelos
1038 4130 1191 4201 suos,
1236 4137 1291 4188 et
1340 4130 1644 4202 separabit
1672 4131 1861 4187 malos
1891 4130 1964 4187 de
2001 4146 2117 4188 me-

464 4223 565 4279 dio
583 4223 910 4295 iustorum,
926 4227 981 4278 et
1009 4223 1199 4278 mittet
1220 4236 1313 4277 eos
1333 4221 1397 4276 in
1420 4221 1721 4277 caminum
1742 4221 1899 4291 ignis
1915 4219 2111 4291 (Matt.

2234 3070 2318 3122 tes
2339 3066 2487 3135 ejus,
2511 3062 2925 3120 misericordia
2943 3060 3217 3117 videlicet
3231 3064 3289 3116 et
3301 3059 3601 3131 judicium
3623 3058 3746 3127 (Ps.
3794 3071 3888 3125 cx,

2230 3154 2305 3226 2).
2336 3154 2549 3209 Omnes
2564 3153 2720 3209 enim
2732 3165 2839 3207 nos
2879 3150 3270 3221 manifestari
3297 3153 3525 3218 Oportet
3538 3152 3682 3203 ante
3712 3146 3896 3202 tribu-

2230 3242 2341 3300 nal
2369 3242 2723 3311 Christi;ut
2750 3241 2979 3310 referat
2998 3239 3403 3309 unusquisque
3446 3237 3709 3306 propria
3762 3249 3891 3291 cor-

2234 3332 2427 3403 poris,
2452 3334 2631 3402 prout
2655 3331 2830 3401 gessit
2853 3330 2976 3386 sive
2997 3327 3213 3384 bonum
3243 3328 3363 3383 sive
3382 3327 3611 3382 malum
3636 3325 3729 3396 (II
3754 3323 3890 3380 Cor.

2229 3437 2286 3489 v,
2312 3421 2417 3493 10).
2454 3420 2510 3477 Si
2540 3434 2685 3489 ergo
2714 3430 2928 3475 omnes
2971 3415 3496 3473 manifestabimur
3523 3419 3664 3471 ante
3710 3413 3895 3469 tribu-

2230 3511 2335 3568 nal
2369 3510 2600 3582 Christi,
2632 3524 2843 3565 omnes
2859 3507 3293 3580 judicabimur,
3322 3505 3395 3562 de
3424 3504 3714 3561 omnibus
3748 3517 3892 3576 pra:-

2228 3600 2596 3657 destinatum
2616 3603 2708 3654 est
2721 3598 2974 3672 qualiter
2986 3596 3346 3669 judicemur.
3382 3598 3449 3651 Et
3471 3595 3584 3651 hoc
3611 3599 3701 3650 est
3720 3592 3887 3667 quod

2230 3688 2312 3746 ait
2360 3687 2728 3760 Apostolus:
2785 3688 2857 3744 Ut
2910 3687 3141 3756 referat
3169 3686 3578 3756 unusquisque
3629 3684 3887 3753 propria

2229 3779 2517 3848 corporis,
2540 3781 2726 3847 prout
2752 3777 2931 3848 gessit
2951 3778 3073 3831 sive
3098 3775 3314 3831 bonum
3341 3774 3463 3831 sive
3480 3774 3733 3831 malum.
3757 3773 3887 3828 Non

2233 3867 2395 3924 enim
2422 3864 2821 3922 celebrabitur
2834 3863 3140 3920 fortuitum
3156 3861 3557 3934 judicium.‘et
3591 3860 3754 3935 quod
3777 3859 3889 3916 nul

2224 3956 2317 4012 lus
2333 3959 2468 4012 ante
2483 3954 2826 4029 praescierit,
2850 3953 2944 4011 vel
2956 3952 3321 4027 praeﬁnierit.
3342 3952 3638 4008 Praescivit
3656 3955 3715 4007 et
3732 3966 3889 4024 prte—

2225 4045 2416 4102 ﬁnivit
2443 4050 2624 4119 atque
2674 4044 2990 4118 disposuit,
3043 4042 3139 4098 vel
3188 4040 3650 4115 praedestinavit,
3707 4046 3891 4113 atque

2223 4135 2650 4211 praeordinavit
2672 4134 2968 4207 judicium
3005 4148 3185 4189 suum
3214 4135 3371 4189 Deus
3418 4131 3845 4189 tantummodo
3875 4146 3890 4185 :

2225 4225 2476 4296 angelus
2505 4228 2708 4280 autem
2735 4227 2792 4281 et
2821 4223 3006 4280 homo
3031 4221 3349 4296 praescivit,
3379 4237 3503 4278 non
3527 4220 3710 4278 etiam
3737 4236 3889 4294 prm-

464 4322 586 4368 Xm.
615 4310 727 4384 41).
759 4310 840 4367 De
861 4310 1035 4367 malis
1056 4315 1257 4367 autem
1289 4325 1303 4365 :
1329 4309 1597 4381 Angelus
1635 4307 1894 4365 crudelis
1919 4309 2110 4367 mitte—
2139 4328 2189 4390 ι)
2224 4312 2547 4371 destinavit
2570 4327 2768 4387 neque
2799 4312 3113 4385 disposuit.
3149 4310 3300 4378 Quia
3351 4310 3533 4382 igitur
3581 4309 3885 4382 judicium

460 4404 569 4457 tur
586 4405 797 4458 contra
821 4416 953 4459 eum
982 4399 1184 4473 (Prov.
1214 4414 1357 4466 xvu,
1390 4398 1497 4471 11).
1524 4400 1629 4454 Et:
1686 4398 2109 4456 Immissionem

457 4503 572 4561 per
592 4491 837 4562 angelos
860 4490 1051 4565 malos
1097 4489 1217 4561 (Ps.
1260 4475 1545 4558 Lxxxvuf
1568 4486 1681 4558 49).
1715 4488 1800 4565 Et,
1845 4487 2110 4557 Spiritus

459 4575 704 4638 Domini
722 4580 920 4638 malus
935 4562 1036 4652 {et
1046 4590 1289 4634 rursum
1311 4576 1438 4632 sine
1460 4562 1870 4633 additamento
1893 4574 1968 4631 de
1998 4574 2108 4633 bo-

454 4668 551 4725 nis
577 4668 859 4743 quidem:
890 4669 1038 4727 Cum
1069 4668 1294 4725 venerit
1310 4666 1505 4722 Filius
1522 4666 1776 4723 hominis
1803 4666 1866 4722 in
1896 4667 2108 4737 majes-

456 4761 581 4815 tate
605 4774 738 4830 sua,
771 4768 827 4815 et
853 4773 1053 4816 omnes
1079 4757 1434 4829 angelicum
1453 4771 1516 4814 eo
1542 4755 1781 4828 (Matth.
1805 4772 1943 4825 xxv,
1990 4756 2098 4829 31).

453 4846 523 4902 Et
549 4846 724 4904 item:
755 4848 1041 4905 Messores
1070 4848 1275 4918 angeli
1299 4852 1440 4902 sunt
1466 4845 1706 4917 (Matth.
1738 4861 1863 4919 xm,
1896 4846 2004 4919 39).
2038 4849 2105 4903 Et

452 4931 598 4989 item
629 4950 643 4989 :
677 4934 793 5002 Qui
806 4935 968 4992 sedes
988 4946 1169 5006 super
1199 4933 1540 4993 Cherubim.
1573 4936 1641 4991 Et
1663 4950 1945 4992 rursum:
1991 4934 2105 4992 Cui

451 5018 607 5078 enim
630 5024 983 5093 angelorum
999 5025 1157 5080 dixit
1171 5030 1196 5081 ,δ
1214 5025 1407 5081 Filius
1426 5039 1588 5081 meus
1609 5039 1668 5081 es
1685 5030 1770 5096 tu,
1794 5040 1898 5095 ego
1931 5024 2105 5082 hodie

445 5110 633 5183 genui
644 5114 732 5167 te?
744 5110 950 5183 (Hebr.
971 5114 1014 5181 Ι,
1041 5114 1147 5185 13.)
1166 5113 1402 5170 Etitem.
1421 5114 1499 5170 Et
1512 5116 1593 5171 ad
1603 5116 1846 5185 angelos
1866 5113 2101 5185 quidem

447 5199 596 5257 dicit
613 5196 810 5272 (Ibid).
841 5201 908 5255 Et
926 5214 1204 5257 rursum:
1236 5204 1575 5259 Latuerunt
1597 5203 1840 5275 quidam
1867 5203 2101 5272 angelis

442 5289 705 5360 hospites
716 5288 1189 5360 receptis(Hebr.
1211 5295 1342 5363 xui,
1366 5295 1445 5359 2).
1475 5298 1547 5347 De
1567 5291 1744 5348 malis
1774 5294 1994 5347 autem:
2023 5292 2098 5349 In

2223 4402 2325 4462 Dei
2352 4401 2623 4458 futurum
2641 4400 2850 4472 negari
2866 4414 2988 4456 non
3010 4404 3209 4474 potest
3232 4399 3535 4457 bonorum
3553 4404 3737 4472 atque
3753 4414 3885 4456 ma-

2218 4492 2417 4549 lorum
2448 4509 2461 4561 ;
2492 4505 2691 4564 neque
2718 4489 3192 4564 praedestinatio,
3223 4489 3285 4546 id
3322 4494 3412 4546 est
3447 4488 3766 4562 dispositio
3820 4488 3887 4544 il-

2215 4581 2356 4651 lius,
2381 4578 2680 4638 ullatenus
2703 4578 2819 4636 nisi
2847 4578 3167 4637 inﬁdeliter
3193 4579 3546 4651 denegatur.
3598 4578 3885 4636 Pertinuit

2213 4670 2437 4744 quippe
2464 4668 2543 4726 ad
2570 4667 3012 4743 praescientiam
3054 4668 3155 4725 Dei
3194 4673 3259 4726 ut
3295 4668 3359 4725 in
3405 4683 3478 4725 ea
3534 4667 3880 4741 disponeret

2213 4775 2343 4833 ipse
2374 4775 2445 4816 ac
2472 4758 2923 4834 praedestinaret
2946 4757 3115 4832 quod
3141 4759 3340 4816 fuerat
3381 4758 3673 4815 facturus.
3699 4755 3883 4812 Habi-

2213 4850 2381 4905 turus
2410 4853 2502 4906 est
2519 4851 2721 4921 itaque
2746 4847 3042 4921 judicium
3069 4846 3130 4903 in
3177 4863 3301 4921 quo
3340 4846 3728 4920 judicaturus
3787 4850 3880 4903 est

2209 4937 2407 4996 bonos
2436 4943 2493 4997 et
2524 4937 2741 5005 malos,
2764 4939 2944 4995 ethoc
2976 4936 3435 5010 praedestinavit,
3485 4937 3600 5011 hoc
3632 4940 3724 4993 est
3752 4936 3878 4994 dis-

2208 5026 2432 5101 posuit,
2452 5028 2513 5084 in
2540 5043 2613 5083 ea
2638 5024 3016 5100 praescientia
3044 5042 3181 5101 quae
3210 5042 3323 5083 nec
3348 5027 3473 5083 falli
3512 5026 3715 5083 valeat
3765 5043 3877 5084 nec

2207 5115 2448 5173 mutari.
2483 5115 2541 5173 Si
2584 5131 2727 5187 ergo
2755 5130 2880 5173 non
2909 5119 3049 5172 sunt
3084 5115 3494 5190 praedestinati
3525 5114 3672 5172 mali
3703 5116 3787 5173 ad
3816 5116 3879 5173 id

2206 5203 2374 5278 quod
2389 5208 2713 5276 merentur,
2726 5208 3165 5279 consequenter
3175 5220 3285 5263 nec
3297 5203 3758 5278 judicabuntur.
3781 5207 3881 5261 Ju-

2206 5288 2571 5352 dicabuntur
2688 5298 2893 5351 autem
2948 5293 3413 5368 ;praedestinati
3511 5298 3656 5351 sunt
3726 5310 3878 5366 ergo

444 5376 684 5434 Cherub
715 5383 1008 5442 extentus,
1041 5383 1098 5434 et
1110 5383 1429 5449 protegens
1459 5381 1523 5436 in
1552 5384 1751 5436 monte
1768 5385 1975 5437 sancto
1990 5381 2103 5438 Dei
2199 5383 2537 5455 judicandi.
2570 5386 2668 5442 Est
2694 5383 3327 5458 igiturpraedestinatio
3358 5383 3686 5451 malorum,
3716 5384 3876 5452 Quia

441 5464 680 5534 (Ezech.
697 5478 907 5537 vam,
926 5468 1034 5531 14).
1056 5469 1155 5524 Et:
1173 5466 1425 5523 Nescitis
1437 5468 1597 5539 quod
1611 5470 1853 5539 angelos
1859 5470 2100 5539 judica-

438 5554 596 5628 bilis,
614 5563 840 5629 quanto
853 5560 1043 5629 magis
1068 5556 1417 5615 saecularia?
1439 5559 1498 5625 (Ι
1510 5557 1648 5615 Cor.
1672 5558 1852 5631 v1,'3.)
1874 5561 1941 5616 Et
1955 5562 2096 5618 :So-

434 5646 579 5705 tutis
593 5652 862 5723 quatuor
880 5649 1131 5723 angelis,
1159 5649 1267 5722 qui
1284 5649 1500 5720 parati
1513 5654 1687 5708 erant
1708 5650 1772 5708 in
1785 5651 2093 5721 horam,'et

2204 5470 2312 5530 ille
2340 5474 2546 5532 reddet
2574 5475 2914 5547 unicuique
2940 5476 3265 5532 secundum
3311 5490 3458 5547 opus
3500 5489 3699 5543 suum,
3761 5473 3872 5547 qui

2203 5574 2416 5710 ginnas
2435 5564 2814 5636 judicaturus
2845 5567 2955 5635 est,
2978 5565 3195 5639 cuique
3210 5565 3375 5623 dedit
3390 5567 3559 5623 Pater
3575 5579 3762 5623 omne
3780 5566 3877 5636 ju-

2267 5662 2450 5710 etum.

2267 5662 2450 5710 etum.
