4128 6200
208 129 350 182 1197
1155 131 1241 184 DE
1281 125 1936 186 PREDESTINATIONE
1969 126 2252 184 CONTRA
2288 131 2340 186 J.
2381 131 2678 188 SCOTUM.
3487 143 3626 199 MOI

282 254 463 306 Porro
499 248 666 320 quod
711 250 1011 307 cavillaris
1053 251 1208 325 (cap.
1244 257 1328 321 14,
1367 270 1534 310 num.
1569 257 1601 310 4
1633 268 1750 308 sec.
1782 252 1860 322 2),
1891 253 1938 307 Δ
1976 251 2100 307 ritis
2125 271 2138 319 ;
2166 258 2220 309 et
2240 254 2668 326 investigabilis
2687 256 3063 332 veritas,qua
3091 276 3262 332 quem
3293 265 3425 321 vult
3448 265 3630 323 obdu-

202 342 281 396 B.
312 340 722 409 Augustinum
763 356 883 396 non
931 343 1154 399 dixisse
1192 345 1253 398 in
1299 345 1863 414 prtedestinatorum
1976 346 2094 396 rat.
2123 344 2260 412 Ejus
2284 345 2532 417 quidem
2564 345 3042 417 praecedentibus
3070 351 3315 421 meritis,
3345 355 3455 411 sed
3487 372 3627 414 cum

203 430 288 487 ad
336 429 525 511 vitam
576 443 823 484 numero
872 444 990 487 non
1032 432 1306 502 fuerunt,
1353 434 1455 490 sed
1490 433 1758 490 absolute
1800 431 1863 486 in
1974 445 2044 485 eo
2075 433 2248 503 cujus
2271 435 2583 492 miseretur
2606 437 2960 511 plerumque
2983 442 3444 501 communibus:
3479 445 3630 504 sicut

200 507 773 590 praedestinalorum
824 534 1069 576 numero
1118 537 1237 578 non
1278 523 1550 592 fuerunt,
1586 521 1865 578 Suﬂicere

202 607 321 681 piis
373 607 680 663 mentibus
731 607 930 676 debet,
964 610 1130 683 quod
1159 611 1283 666 dixi
1326 629 1465 667 eum
1496 628 1532 667 a
1561 611 1780 667 sanctis
1810 604 1869 666 et

204 696 384 752 bonis
431 697 491 751 in
535 711 788 766 regnum
821 697 921 754 Dei
961 714 1068 770 per
1113 701 1368 770 gratiam
1418 701 1517 756 Dei
1557 699 1862 773 praedesti-

201 787 361 842 natis
419 786 691 858 ccepisse,
723 786 924 859 deque
953 788 1100 860 ipsis
1154 805 1492 846 sermonem
1545 789 1862 846 saluberri-

201 889 374 931 mum
401 875 802 946 conseruisse,
844 891 954 933 nec
984 893 1140 950 opus
1167 878 1348 934 fuisse
1374 884 1440 935 ut
1485 880 1690 935 itidem
1735 895 1861 935 cre-

199 963 369 1019 brius
424 979 492 1020 ac
542 978 650 1035 per
699 963 812 1020 hoc
862 966 1192 1038 teediosius,
1247 968 1642 1024 inculcaretur
1696 969 1862 1041 quod

201 1053 364 1109 sanis
399 1053 682 1108 cordibus
715 1053 896 1108 semel
928 1055 1249 1112 inhibitum
1301 1057 1659 1112 haberetur:
1691 1058 1854 1130 quod

200 1139 370 1198 facile
400 1143 676 1216 quisquis
724 1143 819 1214 pie
858 1143 1019 1215 legit,
1064 1145 1330 1202 advertit.
1366 1150 1746 1217 Cognoscens
1778 1148 1860 1204 vi-

199 1231 414 1287 delicet
438 1231 720 1286 eumdem
753 1231 976 1287 librum
1008 1232 1232 1288 idcirco
1261 1235 1518 1302 editum;
1543 1236 1854 1307 quoniam,

199 1337 339 1376 cum
376 1324 566 1392 coepta
594 1325 749 1376 esset
778 1326 1122 1377 sanctorum
1168 1323 1610 1394 praedestinatio
1641 1325 1857 1396 praedi-

199 1410 347 1468 cari.
381 1410 753 1480 insurgentes
811 1410 1084 1481 quidam,
1117 1417 1172 1466 et
1227 1413 1486 1468 maxime
1532 1413 1854 1483 Pelagiani,

199 1503 508 1572 Coeperunt
525 1515 768 1554 omnem
793 1500 1260 1556 Ecclesiasticam
1281 1501 1656 1573 disciplinam
1678 1509 1856 1575 atque

1972 517 2233 578 duorum
2286 525 2690 595 geminorum,
2739 543 3003 600 quorum
3054 546 3215 587 unus
3275 535 3624 606 assumitur,

1972 623 2131 664 unus
2163 611 2534 685 relinquitur,
2567 614 2774 687 dispar
2820 622 2908 674 est
2948 619 3165 692 exitus,
3210 623 3424 680 merita
3466 641 3628 682 com-

1970 699 2216 766 munia;
2244 700 2306 754 in
2331 701 2552 773 quibus
2583 708 2785 761 tamen
2835 706 2916 762 sic
2954 708 3103 765 alter
3131 725 3358 782 magna
3390 713 3490 770 Dei
3515 713 3626 773 bo.

1972 784 2151 842 nitate
2177 787 2484 855 liberatur,
2506 796 2572 848 ut
2601 793 2749 850 alter
2772 794 2940 852 nulla
2969 798 3100 869 ejus
3127 798 3438 874 iniquitate
3458 801 3629 860 dam-

1971 878 2162 930 netur.
2195 877 2491 950 Nunquid
2527 883 2681 939 enim
2722 885 3008 956 iniquitas
3038 894 3124 944 est
3174 890 3342 960 apud
3386 893 3576 949 Deum
3598 897 3627 949 1³

1969 961 2122 1018 absit
2145 967 2166 1020 !
2187 967 2292 1021 sed
2320 968 2760 1042 investigabites
2783 981 2920 1030 sunt
2953 977 3065 1033 vite
3094 979 3320 1048 ipsius(
3351 982 3518 1038 Rom.
3544 997 3622 1052 ut,

1975 1052 2081 1123 14).
2112 1053 2315 1127 Itaque
2345 1057 2819 1118 misericordiam
2849 1063 2980 1133 ejus
3008 1064 3070 1120 in
3097 1067 3190 1122 his
3229 1068 3336 1140 qui
3361 1068 3624 1128 liberan-

1969 1144 2085 1210 tur,
2116 1147 2172 1198 et
2198 1145 2506 1203 veritatem
2535 1148 2597 1204 in
2624 1149 2717 1205 bis
2745 1151 2850 1222 qui
2880 1153 3232 1226 puniuntur,
3264 1157 3391 1214 sine
3445 1158 3623 1217 dubi-

1969 1230 2188 1288 tatione
2217 1235 2556 1307 credamus,
2580 1254 2777 1311 neque
2804 1240 3218 1300 inscrutabilia
3246 1248 3497 1304 scrutari
3521 1251 3626 1306 aut

1969 1321 2102 1389 [al.,
2133 1323 2353 1397 neque]
2383 1325 2820 1396 investigabilia
2843 1331 3142 1402 vestigare
3169 1337 3502 1408 conemur.]

2038 1408 2074 1472 Τ
2110 1410 2310 1465 Cernis
2341 1412 2608 1469 frustrari
2659 1432 2765 1488 per
2794 1420 3000 1475 omnia
3053 1421 3429 1480 collectiones
3461 1430 3620 1495 tuas,

1965 1498 2185 1568 quibus
2216 1516 2390 1569 agere
2419 1505 2734 1560 conaberis
2766 1506 3353 1578 prtedestinationem
3391 1514 3621 1573 nullam

198 1591 635 1662 correptionem
667 1588 936 1645 funditus
967 1595 1248 1658 evertere,
1280 1591 1544 1647 dicentes
1573 1610 1586 1647 :
1622 1592 1854 1648 Nullam
1888 1606 1925 1659 Β
1965 1601 2116 1657 esse,
2143 1588 2256 1643 niSi
2288 1596 2634 1648 sanctorum
2654 1596 2682 1650 ‘I
2711 1609 2848 1651 ecce
2877 1596 3087 1654 doctor
3115 1600 3534 1658 veracissimus
3559 1604 3621 1660 in

196 1681 322 1736 fore
381 1678 783 1734 necessariam
832 1678 1338 1750 objurgationem,
1368 1681 1470 1736 ubi
1519 1685 1710 1737 totum
1755 1682 1854 1737 Dei

197 1770 387 1841 gratia
413 1773 788 1842 operaretur;
826 1768 949 1832 sed,
977 1775 1186 1835 agente
1218 1785 1585 1842 unoquoque
1607 1770 1854 1844 impune

195 1857 360 1927 quod
383 1855 576 1927 vellet,
600 1857 790 1925 gratia
814 1857 871 1912 in
896 1859 980 1913 eis
1007 1863 1355 1930 operaretur
1380 1866 1441 1914 ut
1468 1860 1612 1915 boni
1635 1865 1850 1930 essent,

195 1947 289 2001 cui
317 1945 595 2018 quaeretur
625 1947 836 2001 doctor
881 1947 1352 2002 facundissimus
1395 1948 1686 2004 catholica
1717 1965 1852 2007 sua-

195 2036 368 2090 vitate
394 2035 795 2108 respondens,
828 2043 1125 2109 quantum
1157 2039 1560 2110 correptiones
1590 2043 1647 2094 et
1674 2039 1850 2095 disci-

194 2125 370 2196 plinas
415 2125 828 2180 ecclesiastica
882 2140 990 2198 per
1030 2126 1128 2180 Dei
1179 2127 1432 2195 gratiam
1482 2127 1544 2183 in
1595 2142 1850 2198 regnum

193 2212 630 2286 praedestinatis
658 2214 880 2270 sanctis
912 2216 1285 2288 prodessent,
1308 2215 1566 2272 edocuit.
1598 2218 1662 2271 Et
1691 2217 1848 2282 ideo,

193 2304 425 2375 quoties
475 2303 1038 2376 praedestinatorum
1075 2305 1300 2362 mentio
1343 2306 1690 2362 adhibenda
1720 2307 1845 2378 fuit,

194 2392 515 2465 superﬂue,
557 2393 765 2449 iterato
805 2398 1169 2465 repeteretur
1211 2394 1399 2466 quod,
1429 2395 1557 2465 jam
1609 2397 1848 2466 piorum

195 2483 466 2538 sensibus
497 2482 883 2547 inculcatum,
917 2484 1060 2540 satis
1109 2485 1187 2540 ad
1231 2487 1456 2552 omnia,
1500 2501 1638 2558 quae
1670 2503 1848 2559 super

192 2573 406 2628 eadem
450 2589 510 2628 re
553 2573 814 2629 dicenda
863 2573 1118 2639 fuerant,
1155 2574 1496 2630 eXStitisset.
1529 2575 1700 2640 Quod
1731 2577 1847 2632 evi-

192 2661 403 2716 denter
446 2662 504 2716 in
546 2662 847 2718 sententiis
898 2663 1051 2734 ejus,
1103 2678 1259 2736 quas
1328 2663 1642 2736 ponendas
1695 2665 1848 2736 judi-

193 2750 361 2816 oasti,
395 2751 724 2807 ostenditur
769 2767 912 2807 cum
958 2751 1174 2807 dicitur
1207 2769 1220 2807 :
1256 2752 1397 2824 [Hac
1431 2757 1516 2809 est
1542 2752 1846 2825 praedesti-

189 2839 353 2894 natio
385 2844 749 2910 sanctorum,
783 2845 839 2896 et
869 2840 1015 2896 nihil
1068 2841 1232 2896 aliud
1280 2842 1657 2914 praescientia
1695 2843 1848 2899 scili-

1964 1691 2086 1730 uno
2138 1679 2474 1750 eodemque
2531 1681 2684 1739 libro
2737 1686 3326 1756 praedestinationem
3381 1693 3622 1764 piorum

1964 1769 2142 1854 atque
2170 1767 2495 1839 impiorum
2527 1770 2720 1828 docet.
2755 1774 3129 1832 Manifestum
3161 1783 3250 1834 est
3272 1780 3432 1835 enim
3455 1783 3621 1854 quod

1962 1852 2123 1922 dicit,
2159 1861 2214 1911 et
2273 1858 2609 1929 majoribus
2660 1861 2836 1918 etiam
2890 1863 2982 1919 bis
3039 1879 3194 1938 quos
3240 1852 3534 1940 praevidit,
3567 1872 3620 1927 si

1963 1942 2126 2012 apud
2154 1959 2257 2000 eos
2302 1945 2458 2002 facta
2508 1953 2711 2004 essent
2753 1950 2875 2005 suis
2919 1952 3223 2009 miraculis
3267 1955 3614 2026 credituros,

1961 2031 2181 2102 quibus
2207 2049 2330 2091 non
2360 2035 2488 2091 vult
2517 2036 2858 2108 subvenire,
2889 2055 3014 2097 non
3044 2042 3338 2113 subvenit,
3390 2045 3466 2102 de
3490 2045 3620 2119 qui-

1958 2119 2074 2173 bus
2117 2120 2180 2176 in
2221 2139 2332 2179 sua
2378 2125 2900 2196 praedestinatione
2953 2131 3181 2188 occulte
3210 2133 3480 2205 quidem,
3511 2135 3619 2191 sed

1955 2207 2114 2278 juste
2145 2209 2310 2267 aliud
2334 2213 2646 2285 judicavit,
2698 2217 2848 2290 quid
2898 2219 3164 2290 apertius
3206 2221 3325 2278 dici
3377 2223 3616 2296 potuit?

1957 2298 2122 2354 Certe
2174 2300 2410 2374 absque
2461 2303 2584 2360 ulla
2635 2305 2890 2376 caligine
2946 2309 3126 2365 totius
3196 2310 3614 2369 nebulositatis

1957 2387 2412 2458 prwdestinasse
2445 2408 2585 2448 eum
2615 2394 2840 2466 quibus
2866 2411 2992 2452 non
3021 2398 3149 2455 vult
3175 2399 3516 2470 subvenire,
3551 2404 3618 2458 ut

1957 2477 2262 2548 puniatur,
2295 2479 2578 2538 insinuat.

2028 2565 2193 2621 Idem
2223 2568 2284 2623 in
2314 2570 2527 2626 eodem
2558 2574 2833 2642 (August.
2862 2575 2935 2632 de
2973 2581 3136 2634 Dono
3171 2591 3426 2648 per-seu,
3478 2594 3612 2652 cap.

1962 2655 2067 2724 15).
2091 2655 2233 2726 [Sed
2263 2657 2450 2721 aiunt,
2483 2661 2696 2734 inquit,
2719 2668 2787 2718 ut
2815 2664 3090 2736 scribitis,
3112 2667 3418 2724 neminem
3436 2682 3616 2740 posse

1957 2746 2344 2816 correptionis
2377 2750 2632 2806 stimulis
2663 2751 2924 2819 excitari,
2947 2754 2996 2810 si
3016 2755 3252 2814 dicatur
3277 2757 3340 2814 in
3359 2773 3616 2815 conven-

1957 2835 2019 2887 tu
2067 2834 2338 2892 Ecclesiae
2379 2838 2762 2896 audientibus
2803 2843 3054 2899 multis:
3085 2841 3168 2902 ita
3215 2862 3278 2902 se
3326 2847 3511 2905 habet
3537 2848 3613 2904 de

187 2931 280 2983 eet
309 2929 675 3000 prmparatio
719 2929 1148 2986 beneficiorum
1182 2931 1302 2997 Dei,
1331 2931 1554 3002 quibus
1597 2931 1842 2988 certissi-

1955 2921 2476 3014 praadestinatione
2503 2928 2753 2984 deﬁnita
2783 2932 3075 2988 sententia
3115 2934 3438 2992 voluntatis
3486 2935 3610 3006 Dei,

185 3033 284 3074 me
313 3018 647 3075 liberantur
671 3019 1012 3092 quicunque
1041 3019 1372 3076 liberantur
1398 3026 1594 3090 (Aug,
1627 3021 1699 3076 de
1727 3023 1842 3077 Do-

183 3123 260 3164 ne
289 3122 516 3177 persev.
537 3124 590 3164 c.
615 3110 714 3179 14).
741 3112 806 3164 Et
826 3125 934 3182 per
961 3113 1142 3164 totam
1176 3109 1309 3165 libri
1335 3109 1607 3179 ejusdem
1630 3111 1842 3166 seriem

185 3212 261 3252 ea
303 3197 712 3254 moderatione
757 3198 1100 3254 disserentis
1131 3198 1640 3264 sermo,1ibratur.
1674 3204 1739 3255 ut
1767 3200 1842 3256 de

189 3295 447 3355 quorum
497 3285 1022 3357 praedestinatione
1082 3291 1259 3343 tantae
1305 3287 1661 3359 prolixitatis
1716 3303 1839 3343 ser-

187 3387 368 3428 mone
389 3373 655 3446 subjecit,
689 3375 821 3431 luce
849 3374 1066 3432 clarius
1102 3375 1389 3432 videatur.

257 3461 683 3520 Verumtamen
726 3465 1009 3520 miranda
1051 3470 1138 3520 est
1176 3464 1267 3522 vel
1311 3466 1509 3538 potius
1538 3465 1840 3522 horrenda

179 3563 252 3606 ac
294 3551 650 3610 detestanda
689 3555 1093 3610 versutiarum
1135 3559 1373 3611 tuarum
1423 3555 1659 3625 astutia,
1692 3571 1834 3628 qua,

178 3641 370 3697 tacitis
398 3642 684 3698 omnibus
716 3659 853 3715 quae
880 3643 954 3698 de
981 3645 1506 3716 praedestinatione
1537 3645 1836 3701 malorum

179 3731 336 3802 (licet
379 3731 442 3786 id
478 3748 617 3788 raro
648 3733 980 3803 contigerit)
1010 3733 1233 3806 posuit,
1266 3735 1348 3789 ita
1377 3750 1450 3790 ea
1477 3734 1671 3791 solum
1699 3752 1834 3808 quae

177 3819 252 3874 de
281 3824 632 3876 sanctorum
658 3821 1182 3894 praedestinatione
1209 3821 1506 3892 disseruit,
1528 3823 1840 3896 decerpse-

176 3908 278 3977 ris,
329 3924 403 3965 ac
446 3909 496 3964 si
549 3910 696 3966 nihil
745 3910 821 3966 de
869 3911 969 3967 illa
1014 3910 1186 3966 fuerit
1233 3910 1504 3966 elocutus
1558 3915 1712 3984 (cap.
1749 3915 1833 3978 14,

175 4013 346 4054 num.
379 4003 433 4065 5,
466 4005 606 4055 sect.
640 4001 714 4069 '2).
753 3999 907 4055 Audi
937 4000 1117 4068 igitur
1144 3999 1293 4072 quid
1336 3999 1515 4054 etiam
1546 4000 1621 4054 de
1647 4000 1745 4054 illa
1775 4001 1836 4054 in

174 4086 392 4143 eodem
419 4086 572 4144 libro
595 4093 948 4161 prosecutus
974 4088 1048 4144 sit
1100 4089 1300 4159 (Aug,
1323 4087 1396 4144 de
1421 4090 1588 4144 Dono
1603 4103 1830 4158 persev.

175 4192 226 4232 c.
272 4177 405 4247 ll):
453 4178 750 4250 (Proinde,
800 4179 1100 4252 inquiens,
1158 4178 1309 4234 sicut
1362 4177 1679 4250 Apostolus
1733 4178 1833 4246 ait,

172 4282 299 4323 non
339 4267 590 4324 volentis
640 4283 828 4339 neque
877 4269 1196 4338 currentis,
1235 4269 1338 4325 sed
1388 4269 1719 4324 miserentis
1749 4275 1834 4325 est

171 4358 288 4414 Dei
335 4357 520 4428 (Rom.
574 4375 652 4424 ιχ,
710 4362 816 4428 16),
848 4359 954 4430 qui
997 4362 1053 4415 et
1093 4358 1359 4431 parvulis
1411 4357 1634 4431 quibus
1685 4358 1829 4428 vult,

173 4447 363 4502 etiam
391 4463 514 4503 non
536 4447 872 4504 volentibus
899 4463 1096 4521 neque
1127 4449 1501 4505 currentibus
1533 4449 1831 4517 subvenit,

171 4550 338 4610 quas
369 4540 506 4593 ante
533 4538 1017 4595 constitutionem
1046 4539 1257 4594 mundi
1287 4538 1462 4608 elegit
1489 4539 1548 4593 in
1582 4539 1830 4608 Christo,

173 4626 430 4683 daturus
463 4627 546 4683 eis
593 4628 846 4699 gratiam
891 4627 1094 4697 gratis,
1121 4628 1236 4683 hoc
1284 4632 1373 4682 est
1416 4627 1595 4683 nullis
1624 4643 1833 4684 eorum

175 4715 277 4770 vel
319 4716 458 4772 fidei
500 4717 595 4773 vel
644 4733 899 4790 operum
949 4716 1172 4772 meritis
1227 4716 1726 4788 praecedentibus,
1777 4721 1835 4774 et

171 4804 509 4876 majoribus
555 4807 736 4864 etiam
784 4807 898 4874 his,
930 4822 1086 4880 quos
1129 4805 1419 4878 praevidit,
1452 4804 1499 4860 si
1535 4805 1699 4877 apud
1729 4822 1832 4862 eos

167 4894 334 4952 facta
359 4901 560 4952 essent
587 4897 710 4952 suis
739 4896 1045 4953 miraculis
1075 4895 1428 4962 credituros,
1456 4893 1678 4967 quibus
1707 4910 1832 4951 non

165 4984 302 5040 vult
343 4985 680 5054 subvenire,
725 5001 849 5041 non
902 4985 1197 5055 subvenit,
1243 4985 1317 5040 de
1367 4984 1590 5058 quibus
1630 4985 1689 5040 in
1721 5001 1831 5042 sua

163 5075 697 5147 praedestinatione
743 5075 972 5132 occulte
1019 5075 1288 5148 quidem,
1317 5076 1423 5131 sed
1465 5076 1622 5147 juste
1667 5076 1829 5133 aliud

157 5165 502 5236 judicavit:
553 5168 688 5224 Non
742 5172 826 5224 est
878 5167 1032 5223 enim
1083 5167 1372 5239 iniquitas
1420 5169 1586 5237 apud
1642 5170 1828 5224 Deum

165 5253 360 5324 (Rom.
388 5270 468 5325 IX,
507 5257 612 5326 14),
648 5256 756 5312 sed
785 5257 1207 5313 inscrutabitia.
1253 5262 1394 5312 sunt
1410 5256 1650 5325 judicia
1679 5272 1825 5325 ejus,

161 5348 225 5400 et
244 5344 688 5416 investigabites
718 5346 829 5402 viae
856 5348 985 5415 ejus
1017 5345 1201 5416 (Rom.
1239 5361 1314 5413 χι,
1365 5345 1456 5416 33)
1490 5362 1502 5400 :
1537 5344 1830 5400 universae

162 5437 372 5490 autem
405 5449 513 5491 vise
536 5435 781 5491 Domini
798 5435 1174 5492 miserit-odia
1203 5441 1257 5491 et
1281 5435 1498 5491 veritas
1523 5433 1643 5505 (Ps.
1665 5449 1825 5501 xxrv,

164 5526 287 5590 10).
323 5525 758 5596 lnvestigabilis
789 5540 930 5596 ergo
983 5529 1070 5581 est
1099 5523 1527 5590 misericordia,
1559 5538 1683 5595 qua
1730 5539 1828 5580 cu-

152 5614 272 5686 jus
296 5615 429 5672 uult
457 5617 792 5684 miseretur,
821 5613 999 5672 nullis
1026 5614 1160 5685 ejus
1182 5612 1660 5686 praecedentibus
1707 5629 1827 5671 me-

1957 3013 2018 3064 ut
2047 3008 2146 3066 alii
2176 3027 2248 3067 ex
2278 3012 2450 3068 vobis
2491 3014 2564 3070 de
2611 3015 2957 3074 inﬁdelitate
3012 3025 3259 3092 accepta
3287 3021 3612 3078 obediendi

1950 3097 2274 3170 voluntate,
2306 3102 2585 3158 veniretis
2614 3103 2694 3160 ad
2737 3104 2941 3172 fidem,
2974 3107 3068 3163 vel
3114 3113 3362 3182 accepta
3406 3125 3609 3183 persea

1954 3187 2218 3245 verentia
2247 3191 2542 3246 maneatis
2568 3191 2627 3247 in
2661 3192 2779 3250 ﬁde
2804 3211 2818 3263 ;
2846 3197 3043 3252 caeteri
3067 3212 3211 3253 vero
3240 3198 3348 3270 qui
3375 3198 3439 3254 in
3465 3214 3608 3272 pec-

1951 3281 2222 3333 ceterum
2250 3277 2638 3338 delectatione
2689 3285 3098 3354 remoramini,
3149 3269 3286 3344 ided
3329 3269 3608 3346 nondum

1948 3369 2375 3437 resurrexistis,
2408 3370 2555 3443 quia
2596 3372 2858 3429 necdum
2903 3390 3012 3430 vos
3060 3376 3430 3447 adjutorium
3475 3393 3607 3448 gra-

1947 3455 2040 3511 tiae
2090 3457 2425 3516 miserantis
2465 3461 2650 3518 erexit
2686 3480 2699 3517 :
2746 3467 3164 3521 verumtamen
3211 3465 3262 3522 si
3309 3467 3416 3539 qui
3461 3467 3603 3524 estis

1945 3545 2220 3603 nondum
2249 3550 2466 3620 vocati,
2510 3567 2666 3623 quos
2713 3553 2905 3623 gratia
2934 3569 3049 3610 sua
3091 3555 3608 3627 prwdestinaverit

1946 3634 2271 3707 eligendos,
2304 3639 2608 3712 accipietis
2659 3642 2939 3698 eamdem
2986 3643 3267 3713 gratiam,
3295 3661 3424 3719 qua
3467 3645 3604 3703 veli-

1947 3726 2038 3793 tis,
2071 3731 2128 3782 et
2159 3727 2282 3783 sitis
2311 3728 2480 3784 electi
2512 3747 2525 3784 :
2569 3735 2625 3785 et
2655 3731 2704 3785 si
2733 3731 2838 3802 qui
2885 3731 3162 3802 obeditis,
3196 3733 3249 3790 si
3289 3735 3603 3806 praedesti-

1945 3814 2069 3870 nati
2094 3816 2234 3871 estis
2253 3817 2580 3886 rejiciendi,
2614 3818 3040 3877 subtrahentur
3067 3822 3389 3878 obediendi
3420 3824 3602 3897 vires,

1945 3907 2010 3959 ut
2051 3902 2296 3959 obedire
2347 3906 2606 3961 cessetis.
2660 3910 2774 3962 lsta
2824 3923 2964 3963 cum
3013 3909 3240 3977 dicunt,
3271 3909 3354 3966 ita
3404 3926 3518 3968 nos
3563 3927 3604 3971 ο,

1945 3991 2287 4047 conﬁtenda
2315 4008 2452 4048 vera
2480 3993 2581 4048 Dei
2611 3995 2820 4064 gratia,
2851 3995 2914 4051 id
2944 4001 3032 4052 est
3058 4013 3196 4069 quae
3241 4014 3366 4054 non
3389 4015 3603 4058 secun-

1943 4079 2090 4136 dum
2117 4081 2329 4138 merita
2357 4087 2566 4138 nostra
2602 4083 2799 4154 datur,
2831 4090 2886 4142 et
2917 4101 2954 4142 a
2981 4087 3325 4147 conﬁtenda
3364 4105 3436 4147 ea
3462 4091 3596 4161 [al.,

1944 4171 2279 4228 secundum
2325 4173 2484 4244 eam]
2529 4174 3055 4246 praedestinatione
3113 4184 3458 4237 sanctorum
3497 4181 3598 4238 de-

1946 4265 2160 4318 terrere
2185 4277 2308 4318 non
2337 4262 2561 4320 debent
2594 4281 2606 4320 :
2641 4264 2790 4322 sicut
2815 4281 2938 4323 non
2968 4267 3338 4325 deterremur
3377 4287 3414 4328 a
3455 4286 3597 4328 con-

1944 4352 2169 4408 ﬁtenda
2208 4353 2580 4426 praescientia
2606 4354 2725 4421 Dei,
2755 4355 2803 4410 si
2849 4357 2988 4430 quis
3017 4358 3093 4413 de
3121 4357 3224 4414 illa
3249 4359 3477 4432 populo
3509 4361 3595 4416 sic

1942 4442 2244 4516 loquatur,
2295 4449 2360 4500 ut
2401 4445 2608 4501 dicat:
2653 4446 2775 4502 sive
2824 4461 2984 4503 nunc
3021 4451 3176 4504 recte
3223 4449 3438 4506 vivatis
3469 4450 3594 4506 sive

1940 4549 2065 4588 non
2115 4538 2292 4604 recte,
2351 4534 2496 4590 tales
2543 4535 2705 4591 eritis
2759 4542 2970 4608 postea
3016 4537 3227 4610 quales
3267 4554 3379 4594 vos
3439 4541 3594 4594 Deus

1941 4622 2173 4679 futuros
2203 4639 2336 4678 esse
2366 4624 2679 4695 praescivit,
2715 4625 2808 4680 vel
2833 4626 2978 4681 boni
3009 4627 3295 4695 sibones,
3323 4627 3419 4682 vel
3446 4627 3592 4682 mali

1941 4711 1990 4766 si
2017 4711 2232 4767 malos.
2254 4712 2538 4784 Nunquid
2569 4714 2750 4780 enim,
2780 4714 2828 4769 si
2857 4715 2972 4770 hoc
2997 4715 3202 4772 audito
3230 4715 3507 4772 nonnulli
3528 4717 3593 4773 in

1939 4805 2243 4873 torporem
2275 4801 2714 4875 segnitiamque
2741 4808 3069 4875 vertantur,
3092 4810 3150 4861 et
3168 4822 3205 4861 a
3232 4805 3440 4862 labore
3457 4821 3594 4879 pro-

1941 4889 2121 4946 clives
2176 4889 2256 4945 ad
2309 4889 2624 4946 libidinem
2681 4896 2817 4963 post
2869 4893 3390 4965 concupiscentias
3446 4911 3591 4953 suas

1938 4984 2095 5048 eant,
2123 4983 2441 5053 propterea
2480 4979 2555 5034 de
2591 4981 2966 5052 preescientia
2996 4983 3096 5038 Dei
3124 4982 3344 5041 falsum
3371 4990 3592 5059 putan-

1937 5070 2085 5126 dum
2117 5074 2351 5126 estesse
2378 5069 2543 5141 quod
2565 5069 2793 5126 dictum
2818 5072 2944 5127 est?
2976 5075 3182 5130 Nonne
3206 5075 3258 5130 si
3287 5079 3439 5132 Deus
3459 5075 3592 5134 illos

1936 5159 2130 5217 bonos
2160 5159 2392 5216 futuros
2421 5174 2551 5214 esse
2580 5160 2900 5232 praescivit,
2923 5161 3069 5219 boni
3102 5169 3295 5234 erunt,
3313 5165 3374 5221 in
3402 5181 3592 5238 quan-

1938 5250 2143 5307 talibet
2170 5266 2332 5306 nunc
2365 5248 2731 5320 malignitate
2763 5255 3104 5323 versentur;
3137 5254 3184 5310 si
3217 5259 3419 5310 autem
3465 5269 3593 5309 ma-

1935 5339 2044 5409 los,
2076 5340 2220 5397 mali
2247 5343 2423 5397 erunt
2447 5340 2508 5396 in
2539 5339 2911 5413 quantalibet
2953 5356 3115 5399 nunc
3155 5343 3425 5400 bonitate
3472 5359 3592 5400 eer-

1936 5431 2199 5488 nantur?
2241 5430 2369 5486 Fuit
2410 5428 2662 5503 quidam
2709 5429 2770 5486 in
2811 5435 3018 5488 nostro
3065 5433 3435 5490 monasterio
3487 5433 3590 5506 qui

1938 5520 2390 5593 corripientibus
2417 5520 2698 5578 fratribus
2729 5537 2835 5577 cur
2854 5523 3134 5594 quaedam
3163 5539 3287 5580 non
3317 5523 3591 5580 facienda

1944 5612 2184 5676 faceret,
2202 5613 2260 5667 et
2278 5609 2558 5669 facienda
2577 5625 2702 5667 non
2723 5609 2964 5681 faceret,
2980 5613 3412 5685 respondebat:
3439 5614 3591 5679 Qua-
