4128 6200
541 143 675 200 “99

1617 140 1673 195 S.
1715 138 2088 195 PRUDENTII
2124 136 2499 195 TRECENSIS
2537 136 2851 195 EPISCOPI

3798 137 3941 189 1200

532 263 847 336 liscunque
874 278 1035 318 nunc
1066 261 1199 330 sim,
1222 260 1355 319 talis
1384 276 1486 319 ero
1505 261 1748 335 qualem
1779 265 1932 320 Dcus
1970 278 2066 319 me
2096 260 2185 317 fu-
2214 260 2262 313 A
2292 260 2590 331 graphum
2611 260 2878 317 libellum
2901 260 3007 333 qui
3030 259 3180 315 falso
3209 258 3719 332 Hypomnesticon
3743 260 3944 326 Augu-

535 356 735 409 turum
765 368 893 408 esse
919 351 1238 424 praescivit,
1268 352 1373 424 qui
1401 352 1669 425 profecto
1699 356 1756 408 et
1782 368 1994 409 verum
2024 352 2183 408 dice-

531 440 657 506 bat,
699 443 757 496 et
800 440 917 496 hoc
960 456 1103 497 vero
1132 456 1255 497 non
1284 440 1638 513 proﬁciebat
1665 441 1724 498 in
1767 442 1997 499 bonum
2033 460 2044 497 :
2079 439 2185 497 sed

531 543 725 600 usque
755 527 908 584 adeo
933 528 1183 601 profecit
1208 529 1270 585 in
1302 528 1529 585 malum
1555 548 1568 599 ;
1596 534 1681 601 ut,
1711 531 1948 587 deserta
1977 545 2185 585 mona-

531 614 690 671 sterii
716 616 1018 681 societate,
1052 616 1219 674 ﬁeret
1283 618 1448 675 canis
1474 634 1743 676 reversus
1767 621 1847 676 ad
1880 635 2051 675 suum
2083 634 2183 675 vo-

531 704 739 760 mitum
773 704 861 775 (II
881 705 1045 761 Petr.
1080 721 1138 773 ιι,
1170 705 1297 778 21);
1331 710 1387 762 et
1416 710 1615 763 tamen
1646 707 1846 764 adhuc
1883 706 2080 780 qualis
2110 706 2185 761 sit

530 791 766 848 futurus
793 792 1089 850 incertum
1114 797 1218 850 est.
1255 795 1537 867 Nunquid
1568 812 1710 867 ergo
1740 800 1983 869 propter
2010 795 2184 866 huju-

530 881 799 937 scemodi
842 881 1099 954 animas,
1136 899 1208 940 ea
1233 899 1370 956 quae
1394 884 1470 940 de
1512 885 1883 957 praescientia
1912 884 2013 941 Dei
2040 899 2184 939 vera

529 969 812 1028 dicuntur
829 971 924 1027 vel
944 972 1226 1043 neganda
1250 978 1390 1029 sunt
1404 974 1495 1029 vel
1512 974 1783 1038 tacenda,
1803 979 1943 1030 tunc
1963 972 2184 1029 scilicet

528 1060 801 1132 quando,
830 1060 879 1115 si
907 1076 1030 1117 non
1055 1060 1352 1133 dicantur,
1383 1062 1447 1117 in
1472 1062 1620 1118 alios
1650 1063 1766 1119 itur
1795 1078 2023 1119 errores
2043 1062 2094 1133 ?]

600 1152 641 1220 -ξ-
664 1151 810 1205 Item
830 1154 967 1222 post
986 1150 1176 1205 multa
1201 1154 1495 1220 (August,
1514 1152 1587 1208 de
1606 1154 1775 1208 Dono
1793 1168 2023 1223 persev.
2047 1167 2180 1223 cap.

528 1239 621 1311 22)
652 1256 667 1295 :
700 1240 1009 1310 [Quamvis
1040 1254 1183 1310 ergo
1207 1240 1290 1296 ita
1319 1256 1381 1297 se
1409 1240 1630 1297 habeat
1682 1242 1757 1297 de
1794 1241 2183 1315 praedestina-

530 1328 689 1383 tione
744 1328 989 1385 deﬁnita
1046 1329 1338 1385 sententia
1384 1329 1709 1386 voluntatis
1740 1331 1861 1397 Dei,
1894 1335 1959 1386 ut
1988 1330 2087 1386 alii
2112 1345 2185 1386 ex

528 1414 899 1484 inﬁdelitate,
933 1420 1181 1489 accepta
1222 1416 1527 1472 voluntate
1575 1417 1915 1485 obediendi,
1946 1433 2186 1473 conver-

529 1508 733 1561 tantur
777 1504 857 1561 ad
913 1504 1120 1577 ﬁdem,
1151 1505 1247 1561 vel
1293 1510 1673 1578 perseverent
1699 1506 1761 1562 in
1808 1506 1962 1573 ﬁde;
1991 1506 2184 1563 caeteri

528 1610 689 1662 vero,
707 1595 811 1666 qui
837 1593 900 1649 in
920 1599 1307 1667 peccatorum
1327 1595 1767 1652 damnabilium
1796 1596 2185 1653 delectatione
2214 1625 2256 1679 Β

528 1686 930 1754 remorantur,
956 1684 1005 1739 si
1035 1688 1091 1739 et
1114 1683 1229 1756 ipsi
1258 1684 1663 1757 praedestinati
1692 1691 1851 1753 sunt,
1874 1685 2010 1742 ideo
2036 1701 2186 1741 non-

528 1775 679 1831 dum
722 1778 1106 1830 surrexerunt
1148 1773 1293 1846 quia
1334 1774 1609 1830 nondum
1666 1792 1768 1832 eos
1817 1776 2185 1847 adjutorium

530 1864 737 1935 gratiae
761 1863 1099 1919 miserantis
1130 1862 1335 1919 erexit.
1358 1864 1414 1920 Si
1440 1864 1543 1936 qui
1570 1865 1730 1921 enim
1752 1865 2025 1921 nondum
2047 1869 2187 1921 sunt

528 1952 747 2019 vocati,
776 1968 931 2025 quos
978 1952 1169 2023 gratia
1212 1969 1322 2008 sua
1367 1953 1812 2026 praedestinavit
1854 1954 2183 2026 eligendos,

529 2041 825 2114 accipient
846 2040 1126 2097 eamdem
1156 2041 1435 2111 gratiam,
1468 2059 1592 2115 qua
1621 2042 1791 2099 electi
1812 2060 1944 2100 esse
1985 2043 2185 2110 velint,

530 2136 589 2187 et
617 2130 765 2200 sint;
790 2130 839 2185 si
869 2130 975 2203 qui
1000 2134 1203 2186 autem
1234 2129 1549 2198 obediunt,
1571 2132 1677 2190 sed
1697 2133 1758 2189 in
1780 2148 2036 2205 regnum
2057 2134 2187 2206 ejus

531 2223 589 2277 et
606 2219 856 2289 gloriam
880 2218 1288 2292 praedestinati
1311 2234 1435 2276 non
1463 2226 1622 2291 sunt,
1640 2222 2000 2295 temporales
2024 2226 2184 2291 sunt,

528 2325 641 2365 nec
683 2324 876 2382 usque
917 2308 980 2364 in
1020 2308 1205 2365 ﬁnem
1235 2310 1297 2365 in
1328 2309 1541 2367 eadem
1584 2311 1925 2369 obedientia
1954 2328 2189 2386 perma-

528 2399 781 2456 nebunt.
812 2398 1098 2464 Quamvis
1127 2414 1271 2469 ergo
1300 2400 1430 2456 haec
1480 2416 1619 2457 vera
1653 2402 1790 2471 sint,
1827 2418 1950 2459 non
1984 2407 2187 2459 tamen

530 2488 643 2545 isto
699 2488 885 2545 modo
933 2487 1192 2545 dicenda
1250 2493 1388 2545 sunt
1445 2489 1827 2547 audientibus
1872 2490 2076 2548 multis
2123 2494 2188 2547 ut

531 2593 728 2634 sermo
774 2576 854 2633 ad
894 2576 1059 2650 ipsos
1090 2577 1267 2634 etiam
1301 2583 1699 2650 convertatur,
1732 2580 1937 2653 eisque
1980 2580 2185 2637 dican-

526 2666 733 2724 turilla
755 2666 1008 2723 istorum
1037 2666 1223 2723 verba
1247 2684 1383 2740 quae
1408 2669 1617 2725 vestris
1637 2669 1841 2726 litteris
1860 2668 2180 2738 indidistis,

527 2760 585 2815 et
611 2773 749 2830 quae
778 2755 1054 2829 superius
1084 2755 1459 2830 interposui.]

596 2848 640 2918 «ι-
670 2850 735 2902 Et
764 2850 978 2902 caetera
1013 2862 1150 2919 quae
1180 2846 1255 2903 de
1284 2846 1469 2904 modo
1522 2847 1919 2921 praedicanda:
1949 2849 2180 2922 praede-

526 2936 862 2993 stinationis
907 2935 1268 3008 exsequitur.
1333 2939 1400 2993 Et
1449 2953 1690 2994 rursum
1744 2938 1804 2995 in
1863 2954 1957 3009 eo,
2014 2937 2181 3011 quod
2210 2978 2253 3032 ο

527 3030 666 3083 ante
719 3024 903 3081 ﬁnem
957 3024 1093 3081 libri
1145 3025 1418 3098 ejusdem
1470 3042 1610 3083 eum
1664 3027 1938 3100 posuisse
1985 3026 2182 3084 dixisti

524 3115 679 3189 (cap.
716 3118 801 3183 14,
846 3130 1016 3171 num.
1049 3119 1080 3171 6
1129 3119 1269 3172 sect.
1316 3116 1392 3183 3).
1443 3115 1701 3187 [Nullum
1746 3114 1834 3173 e’st
1884 3117 2183 3191 (inquam)

522 3204 811 3261 illustrius
863 3204 1411 3277 praedestinationis
1443 3205 1789 3279 exemplum
1830 3223 2017 3280 quam
2057 3207 2184 3280 ipse

522 3295 825 3365 Mediator,
868 3295 1140 3367 quisquis
1169 3294 1364 3351 ﬁdelis
1393 3295 1521 3351 vult
1548 3312 1685 3352 eam
1714 3295 1867 3353 bene
1897 3296 2187 3367 intellige.

522 3400 608 3455 re,
629 3382 897 3440 attendat
913 3384 1116 3454 ipsum
1136 3387 1316 3456 atque
1332 3383 1394 3439 in
1413 3383 1513 3440 illo
1535 3384 1797 3441 inveniet
1828 3389 1885 3441 et
1916 3386 2185 3459 seipsum

522 3472 826 3541 (August.,
879 3470 952 3525 de
1001 3471 1171 3525 Dono
1210 3486 1441 3539 persev.
1474 3488 1606 3544 cap.
1658 3472 1854 3544 ult.).]
1883 3474 2186 3547 Quidquid

521 3558 619 3615 vel
646 3558 837 3614 multo
868 3560 1003 3613 ante
1030 3556 1189 3612 hanc
1219 3560 1659 3627 sententiolam,
1692 3561 1787 3617 vel
1826 3567 1963 3634 post
1989 3580 2185 3637 usque

522 3647 586 3703 in
615 3648 800 3703 ﬁnem
829 3645 965 3701 libri
994 3645 1231 3702 locutus
1283 3651 1391 3714 est,
1419 3663 1669 3719 prorsus
1712 3650 1787 3706 de
1835 3658 2185 3710 sanctorum

520 3734 1047 3809 praedestinatione
1096 3735 1519 3792 tantummodo
1567 3736 1854 3803 locutum,
1911 3741 2185 3815 quisquis

520 3825 659 3899 pius
686 3824 1013 3882 intellector
1060 3823 1309 3893 accedit,
1343 3824 1574 3899 absque
1605 3828 1887 3901 scrupulo
1917 3830 2186 3889 dubieta-

521 3914 596 3971 tis
629 3912 920 3985 agnoscit.
953 3916 1034 3970 Ac
1082 3928 1189 3986 per
1242 3914 1358 3971 hoc
1408 3915 1643 3973 nullum
1697 3922 1814 3974 tuae
1872 3921 2183 3978 assertioni

520 4004 944 4075 adjumentum
974 4002 1242 4059 conferre
1269 4002 1581 4076 probatur,
1615 4006 1792 4079 quasi
1823 4008 2015 4066 solam
2048 4027 2184 4067 san-

522 4097 756 4148 ctorum
801 4091 1392 4163 praedestinationem
1445 4094 1808 4166 probaverit,
1859 4098 2185 4157 malorum-

520 4196 640 4253 que
668 4180 972 4251 negaverit
996 4199 1008 4249 ;
1042 4181 1135 4236 his
1159 4180 1274 4239 ista
1302 4196 1365 4237 se
1392 4182 1779 4256 habentibus,
1810 4186 2055 4243 divertis
2102 4189 2183 4246 ad

522 4271 731 4340 aperta
759 4266 1097 4339 mendacia,
1114 4271 1171 4324 et
1198 4267 1376 4339 ponis
1407 4271 1765 4327 sententiam
1794 4274 2039 4330 nomine
2064 4278 2182 4332 Au-

522 4334 745 4426 gustini
794 4371 919 4428 qua
972 4334 1388 4412 ostenderetur
1444 4358 1611 4431 quod
1664 4362 1820 4415 Deus
1874 4363 2180 4422 neminem
2211 4334 2256 4387 Β

520 4444 1003 4518 praedestinasset
1050 4445 1129 4502 ad
1185 4462 1449 4519 pcenam,
1482 4462 1728 4519 poenam
1774 4466 1914 4507 vero
1952 4468 2183 4528 praepa-

519 4540 729 4601 rasset,
758 4535 873 4592 hoc
904 4539 995 4591 est
1018 4535 1519 4608 praedestinasset,
1553 4538 1766 4595 merito
1794 4540 2181 4601 damnandis.

521 4624 626 4681 Ubi
670 4624 865 4698 primo
894 4623 1232 4681 notandum
1284 4625 1460 4683 video
1512 4632 1742 4700 quanta
1775 4632 1829 4685 te
1859 4630 2064 4703 ipsum
2095 4649 2187 4689 re-

516 4714 855 4787 pugnantia
882 4713 1183 4771 dictorum
1230 4717 1473 4772 tuorum
1502 4715 1834 4775 ludibrium
1892 4721 2186 4779 audienti‘

515 4803 635 4861 bus
659 4820 948 4877 exponas,
980 4804 1086 4878 qui
1109 4822 1250 4862 cum
1279 4805 1447 4878 prius
1474 4822 1687 4880 poenas
1718 4824 1754 4865 a
1781 4812 1901 4867 Deo
1946 4812 2185 4885 praesci-

517 4895 631 4959 tas,
658 4892 1114 4964 preedestinatas
1144 4894 1235 4951 vel
1264 4900 1635 4969 praeparatas
1678 4901 2021 4970 negaveris,
2046 4902 2180 4973 jam

517 4980 935 5037 asseverandis
1000 4986 1179 5055 atque
1249 4985 1683 5043 conﬁrmandis
1750 4990 2181 5047 sententiarum

515 5068 876 5127 testimoniis
908 5072 1145 5130 munire
1174 5073 1489 5132 adoriaris.

589 5156 735 5214 Dein
765 5160 1060 5217 sententia
1101 5178 1227 5235 qua
1254 5162 1317 5219 id
1368 5164 1655 5222 roborare
1702 5165 1870 5223 nisus
1901 5172 1988 5224 est
2021 5168 2172 5244 (cap,

515 5250 604 5321 14,
632 5264 803 5305 num.
834 5254 888 5319 7,
922 5254 1059 5307 sect.
1089 5252 1169 5324 4),
1200 5268 1323 5309 non
1353 5257 1443 5309 est
1489 5254 1823 5325 Augustini,
1856 5271 2054 5329 neque
2102 5275 2176 5315 ex

511 5336 636 5395 ullo
688 5337 1003 5411 librorum,
1036 5340 1447 5413 epistolarum,
1503 5358 1927 5399 sermonumve
1982 5344 2173 5416 ipsius

509 5431 825 5501 excerpta;
858 5428 933 5485 de
962 5444 1086 5501 qua
1115 5445 1255 5485 cum
1286 5443 1512 5499 anceps
1538 5428 1763 5485 diutius
1806 5430 2168 5507 haesitarem,

508 5514 761 5573 ubinam
814 5515 1111 5573 dictorum
1168 5515 1297 5586 ejus
1357 5514 1603 5586 reperiri
1660 5522 1882 5588 posset,
1919 5526 2162 5595 repente

510 5602 694 5661 subiit
709 5602 773 5659 in
792 5608 1059 5661 mentem
1077 5600 1516 5661 recensendum
1543 5604 1874 5677 quemdam
1903 5610 2163 5683 pseudo-

2292 346 2427 402 stini
2453 348 2814 419 inscribitur,
2845 366 3026 422 quem
3054 364 3178 404 non
3209 363 3345 403 esse
3365 347 3701 403 beatissimi
3733 349 3945 415 Augu-

2293 433 2429 490 stini
2458 435 2718 508 plurima
2746 437 3109 493 documenta
3139 440 3312 505 sunt;
3353 435 3627 491 videlicet
3654 435 3811 508 quia
3842 450 3949 490 nec

2291 539 2432 580 cum
2464 525 2689 581 caeteris
2719 525 2882 581 libris
2915 526 3038 581 suis
3068 525 3146 581 ab
3172 526 3303 597 ipso
3332 529 3688 581 retractatus
3718 529 3833 589 est,
3853 540 3951 579 ne-

2290 628 2409 685 que
2425 613 2486 668 in
2506 613 2701 670 indice
2720 614 3413 685 sermonum,librorum,
3432 613 3950 687 epistolarumque

2288 699 2446 756 illius
2476 717 2511 757 a
2556 704 2613 759 S.
2644 702 2908 759 Possidio
2957 703 3265 776 episcopo,
3296 702 3591 775 discipulo
3622 703 3786 773 ejus,
3812 717 3953 756 enu-

2290 793 2558 846 meratus
2590 790 2908 863 invenitur,
2940 807 3136 865 neque
3166 791 3636 865 quibuscunque
3663 791 3804 860 ejus
3832 790 3951 845 dic-

2290 878 2362 934 tis
2410 895 2661 935 concors
2711 880 2988 936 facillime
3032 881 3481 953 comprobatur.
3516 884 3651 953 Ipsa
3702 896 3952 952 quoque

2288 965 2574 1040 loquendi
2618 968 2767 1025 facie
2824 970 3102 1043 quisquis
3150 970 3297 1026 tanti
3349 969 3533 1026 Patris
3581 968 3801 1024 litteris
3826 968 3955 1039 jugi

2290 1057 2676 1114 meditatione
2706 1059 2970 1131 pascitur
2998 1064 3053 1115 et
3078 1058 3469 1116 delectatione
3508 1058 3803 1127 nutritur,
3831 1074 3955 1130 per-

2290 1144 2462 1203 facile
2491 1146 2733 1203 alterius
2764 1164 2892 1204 esse
2920 1148 3263 1221 perpendit;
3284 1149 3409 1220 qui,
3427 1148 3560 1203 licet
3586 1149 3770 1219 juxta
3791 1147 3955 1220 quod

2290 1233 2421 1308 ipse
2468 1235 2800 1305 conﬁtetur,
2856 1237 3239 1310 proﬁcienter
3297 1238 3625 1311 scripserit,
3676 1242 3742 1293 et
3788 1242 3955 1292 tanto

2293 1324 2496 1394 gratiae
2518 1324 2617 1381 Dei
2645 1342 2894 1382 munere
2924 1326 3183 1383 donatus
3205 1326 3276 1382 sit
3297 1331 3362 1382 ut
3380 1326 3677 1383 librorum
3701 1342 3955 1381 suorum

2290 1418 2523 1486 partem
2559 1416 2890 1472 maximam
2920 1420 3283 1486 retractaret,
3317 1415 3689 1489 perindeque
3742 1432 3952 1488 perpe-

2290 1518 2423 1559 ram
2452 1502 2615 1559 dicta
2643 1505 2983 1576 corrigeret,
3013 1521 3329 1578 nunquam
3365 1505 3429 1561 in
3457 1522 3582 1560 una
3611 1504 3953 1577 eademque

2290 1607 2375 1661 re,
2399 1592 2578 1648 tantis
2598 1592 2890 1650 librorum
2912 1611 3381 1668 sermonumque
3402 1612 3656 1650 suorum
3690 1595 3955 1668 speculis

2292 1681 2500 1750 indita,
2545 1699 2667 1740 uno
2726 1684 3108 1741 solummodo
3155 1684 3355 1741 libello
3405 1685 3557 1741 adeo
3613 1686 3955 1742 contrarius

2293 1771 2631 1841 exstitisset,
2651 1774 2756 1847 qui
2779 1778 2883 1841 tot,
2902 1780 2968 1831 ut
2988 1775 3131 1845 dixi,
3150 1774 3439 1831 librorum
3468 1791 3955 1848 sermonumque

2292 1860 2449 1917 illius
2503 1863 2988 1932 magnitudinem
3038 1881 3149 1921 sua
3206 1865 3623 1921 contrarietate
3654 1865 3953 1929 fuscaret;

2293 1948 2435 2017 imo,
2464 1950 2617 2006 inter
2646 1953 3092 2009 retractandum
3125 1970 3237 2009 sua
3256 1953 3568 2026 opuscula,
3604 1953 3767 2010 illud

2294 2054 2391 2094 me
2420 2041 2796 2111 praeterisset,
2826 2042 2973 2115 quin
3005 2043 3275 2099 censoria
3305 2044 3639 2109 severitate,
3675 2045 3954 2101 Christia-

2294 2142 2495 2200 naque
2541 2129 2879 2187 humilitate
2918 2136 2975 2187 et
3020 2135 3285 2187 notasset
3312 2136 3367 2188 et
3395 2132 3787 2189 correxisset.
3816 2137 3953 2189 Nam

2292 2219 2350 2272 et
2376 2218 2437 2271 in
2465 2216 2619 2274 libro
2648 2219 3079 2288 Quaestionum,
3105 2219 3425 2277 voluminis
3467 2222 3640 2295 quod
3672 2222 3951 2279 Judicum

2295 2306 2626 2362 vocitamus
2654 2323 2795 2364 cum
2822 2325 3081 2383 quaeque
3128 2309 3389 2380 ﬁgurata
3416 2310 3513 2367 vel
3540 2311 3817 2370 obscura
3843 2311 3954 2368 dis-

2296 2393 2568 2463 solveret,
2598 2396 2702 2464 ita,
2736 2396 2889 2455 sicut
2916 2403 2973 2455 et
3015 2415 3198 2472 supra
3248 2400 3586 2472 posuimus,
3616 2401 3695 2457 de
3738 2402 3951 2458 eadem

2292 2484 2821 2557 praedestinatione
2867 2486 3103 2545 locutus
3152 2493 3258 2557 est,
3291 2488 3440 2545 dum
3482 2490 3791 2546 historiam
3828 2490 3955 2547 [ac-

2294 2576 2543 2647 tumque
2573 2576 2781 2648 Jephte
2798 2576 3019 2648 judicis
3048 2582 3455 2651 pertractaret.

2367 2664 2735 2733 Augustinus
2766 2664 3193 2735 (Quastionum
3246 2669 3310 2724 in
3334 2670 3579 2739 Heptat.
3601 2668 3707 2725 lib.
3729 2683 3840 2737 vu,
3884 2684 3949 2741 q.

2296 2751 2409 2823 49).
2441 2752 2639 2822 [Quod
2667 2769 2829 2822 vero,
2862 2754 3074 2828 inquit,
3102 2760 3311 2813 contra
3338 2756 3493 2814 ﬁlios
3528 2761 3795 2813 Ammon
3828 2757 3958 2813 dux

2297 2839 2679 2913 quaerebatur
2726 2842 2937 2916 Jephte
2986 2845 3198 2916 (Judic.
3241 2862 3323 2917 xi,
3368 2848 3443 2919 8),
3491 2847 3710 2919 quibus
3771 2846 3959 2903 victis

2294 2928 2707 3001 liberarentur,
2740 2933 2845 3005 qui
2893 2950 2964 2990 eo
3012 2934 3165 2991 duce
3212 2937 3496 2993 adversus
3534 2936 3668 2992 illos
3720 2936 3956 2994 bellare

2293 3019 2655 3093 cupiebant:
2688 3022 2981 3095 quoniam
3026 3024 3446 3098 interpretatur
3487 3031 3758 3082 Ammon
3799 3026 3954 3082 ﬁlius

2291 3110 2501 3183 populi
2556 3111 2695 3180 mei,
2742 3130 2848 3169 seu
2888 3114 3151 3188 populus
3194 3117 3487 3185 maeroris,
3537 3116 3822 3189 profecto
3879 3117 3955 3173 illi

2293 3200 2706 3271 signiﬁcantur
2740 3203 2988 3272 inimici,
3015 3206 3120 3278 qui
3148 3222 3220 3263 ex
3272 3206 3405 3279 ipsa
3451 3212 3628 3279 gente
3675 3224 3952 3281 ρει-δετε-

2292 3296 2493 3346 rantes
2537 3290 2600 3345 in
2646 3292 2995 3350 inﬁdelitate
3042 3296 3311 3368 praedicti
3341 3302 3509 3364 sunt;
3544 3302 3653 3353 aut
3700 3298 3951 3354 omnino

2293 3396 2506 3437 omnes
2560 3381 2851 3451 gehennae
2899 3384 3029 3456 [at.,
3085 3386 3303 3458 poenis]
3353 3386 3788 3459 praedestinati,
3850 3389 3953 3445 Ubi

2294 3470 2409 3525 erit
2432 3469 2517 3525 eis
2539 3471 2715 3540 ﬂetus
2746 3477 2799 3528 et
2831 3473 3057 3529 stridor
3103 3475 3369 3532 dentium
3413 3478 3659 3545 (Matth.
3703 3494 3851 3545 xxv,
3880 3478 3949 3545 3},

2294 3562 2585 3632 tanquam
2631 3560 2858 3633 populo
2908 3563 3204 3620 maeroris.
3267 3567 3627 3638 Quanquam
3684 3566 3949 3640 populus

2296 3648 2569 3704 maeroris
2594 3650 2775 3705 etiam
2804 3649 3084 3707 diabolus
3112 3659 3166 3709 et
3197 3654 3393 3725 angeli
3422 3656 3552 3726 ejus
3574 3672 3700 3711 non
3745 3657 3949 3712 incon-

2292 3736 2597 3793 venienter
2646 3738 3075 3809 intelliguntur,
3105 3742 3227 3798 sive
3258 3743 3402 3816 quia
3448 3749 3738 3801 aeternam
3767 3745 3948 3800 mise-

2290 3825 2446 3883 riam
2489 3828 2574 3884 eis
2601 3844 2756 3901 quos
2785 3829 3114 3903 decrpiunt,
3156 3832 3505 3906 acquirunt;
3542 3835 3663 3891 sive
3710 3834 3868 3907 quia
3894 3838 3951 3890 et

2291 3916 2406 3989 ipsi
2435 3921 2666 3974 aeternae
2698 3918 2948 3975 miseriae
2981 3921 3250 3994 deputati
3283 3924 3464 3996 sunt.]
3494 3924 3530 3991 i‘
3574 3925 3751 3981 Vides
3780 3923 3950 3997 quod

2292 4010 2350 4063 et
2369 4006 2645 4063 homines
2675 4012 2732 4063 et
2752 4008 3067 4065 diabolum
3088 4026 3229 4067 cum
3252 4012 3481 4083 angelis
3501 4014 3624 4070 suis
3643 4014 3949 4087 praedesti-

2289 4099 2466 4152 natos
2497 4100 2555 4152 et
2596 4095 2915 4169 deputatos
2968 4098 3258 4168 gehennae
3306 4106 3662 4176 aeternisque
3685 4104 3949 4161 miseriae

2290 4184 2524 4257 doceat,
2557 4190 2613 4241 et
2642 4186 2819 4243 affers
2868 4188 3398 4247 contradictorium
3436 4194 3547 4261 sui,
3586 4194 3754 4266 quod
3792 4211 3952 4251 nun-

2289 4290 2478 4348 quam
2501 4274 2667 4344 dixit,
2694 4292 3012 4351 nunquam
3043 4280 3280 4353 scripsit
3313 4299 3326 4337 :
3356 4283 3463 4339 sed
3491 4289 3548 4340 et
3574 4284 3691 4340 hoc
3733 4290 3954 4342 notan-

2291 4363 2439 4420 dum
2468 4364 2656 4437 quod,
2687 4365 2757 4433 si,
2790 4367 3128 4425 secundum
3158 4375 3327 4427 tuam
3356 4372 3661 4429 ﬁctionem
3686 4374 3947 4445 ﬁgurate

2291 4452 2538 4524 intelligi
2584 4453 2845 4525 deberet,
2878 4458 3128 4515 omnino
3176 4460 3239 4517 in
3268 4462 3635 4535 expositione
3666 4469 3949 4537 quzesuo-

2289 4557 2440 4597 num
2461 4546 2519 4599 et
2545 4542 2877 4613 ﬁgurarum
2907 4546 3074 4603 nullo
3103 4549 3289 4605 modo
3317 4550 3570 4620 ﬁgurate
3596 4551 3763 4625 loqui
3789 4554 3953 4610 dele-

2293 4631 2495 4702 gisset,
2528 4632 2632 4688 ubi
2659 4639 2868 4706 aperta
2893 4636 3072 4693 etiam
3104 4653 3230 4694 non
3254 4639 3620 4709 dissolveret,
3645 4642 3742 4697 sed
3786 4641 3949 4713 liga-

2289 4726 2397 4777 ret.
2430 4722 2891 4782 Praedestinasse
2947 4727 3144 4798 igitur,
3186 4730 3303 4786 hoc
3346 4735 3435 4787 est
3480 4731 3861 4805 disposuisse
3892 4739 3949 4789 et

2285 4810 2592 4882 judicasse
2626 4816 2813 4869 Deum
2837 4822 3182 4888 peccatores
3226 4819 3535 4893 suppliciis
3566 4825 3622 4877 et
3648 4821 3947 4895 supplicia

2288 4902 2727 4973 peccatoribus,
2758 4908 2885 4960 tum
2905 4907 3247 4977 auctoritas,
3270 4912 3398 4964 tum
3418 4910 3570 4966 ratio
3595 4912 3941 4983 persuadet,

2286 4990 2578 5062 quoniam
2597 4995 2804 5062 justus
2830 4997 3119 5053 Dominus
3136 4999 3412 5068 justitzas
3432 5000 3670 5065 dilexit,
3700 5004 3946 5073 aequita-

2285 5083 2399 5134 tem
2414 5080 2563 5135 vidit
2579 5083 2779 5138 vultus
2794 5090 2943 5153 ejus.
2963 5087 3007 5151 Q
3018 5086 3075 5141 ui
3095 5102 3487 5161 nequaquam
3502 5106 3564 5146 se
3581 5106 3618 5145 a
3638 5092 3943 5149 contrario

2281 5166 2446 5224 idem
2474 5169 2836 5229 vocabulum
2860 5175 3137 5246 posuisse
3179 5178 3543 5249 manifestat,
3576 5196 3724 5237 cum
3766 5198 3942 5257 expo-

2283 5271 2434 5313 nens
2452 5258 2639 5315 verba
2673 5262 2910 5318 Domini
2935 5263 3220 5322 dicentis:
3245 5268 3421 5325 Nunc
3449 5270 3735 5340 qrinceps
3762 5272 3938 5343 hujus

2282 5347 2497 5404 mundi
2502 5349 2817 5419 judicatus
2838 5357 2943 5421 est,
2959 5354 3065 5427 qui
3086 5354 3147 5411 in
3157 5356 3427 5426 judz‘cati
3443 5358 3749 5417 vocabulo
3770 5361 3941 5417 debe-

2277 5438 2964 5511 retaccipiexplanando
2979 5444 3231 5516 subjecit
3244 5449 3935 5521 (Aug.,inEvang.Joan.

2278 5524 2433 5623 {ton},
2459 5528 2581 5598 95):
2610 5529 2841 5623 [Dtique
2860 5534 3177 5602 judicatus
3217 5542 3343 5605 est;
3372 5537 3667 5610 quoniam
3710 5542 3940 5611 judicio

2277 5617 2433 5686 ignis
2453 5617 2658 5676 aeterni
2682 5619 3150 5685 irrevocabiliter
3163 5624 3494 5687 destinatus
3518 5630 3628 5688 est.
3647 5630 3693 5701 1-
3708 5632 3781 5689 Ει
3798 5630 3944 5691 item
