4128 6200
138 219 277 277 1201

1065 220 1156 274 DE
1210 216 1892 276 PRIEDESTINATIONE
1937 217 2213 278 CONTRA
2249 220 2304 277 J.
2341 221 2636 278 SCOTUM.

3428 224 3575 297 1202‘

137 340 298 408 Quos
325 338 558 408 dedisti,
590 342 742 399 mihi
770 343 1082 413 custodivi,
1132 348 1187 399 et
1218 358 1386 400 nemo
1415 358 1492 400 ex
1519 343 1601 400 eis
1621 341 1808 412 periit
1837 345 1880 396 A
1923 356 2169 400 auream
2194 345 2401 401 edictis
2429 344 2610 416 regiis
2630 344 2864 402 censuit
2888 345 3289 416 adorandam,
3311 346 3569 422 interpo-

136 430 259 510 nisi
281 430 448 498 ﬁlius
474 430 857 499 perditionis.
888 433 1084 488 Filius
1107 433 1466 502 perditionis
1497 432 1694 488 dictus
1723 433 1814 486 est
1917 430 2032 489 sita
2059 447 2244 505 poena
2267 433 2750 490 inobedientibus
2777 434 3038 492 fornacis
3060 435 3322 492 ardentis
3343 438 3370 492 ?
3393 437 3566 510 (Dan.

135 505 395 575 traditor
422 519 657 587 Christi,
688 520 1014 594 perditioni
1043 520 1549 594 praedestinatusj

212 609 256 678 -ι-
285 608 428 674 Quae
459 607 528 674 si,
561 611 627 664 ut
652 608 903 683 desipis,
935 625 972 666 a
1003 610 1306 668 contrario
1330 610 1507 667 vellet
1534 607 1804 679 intelligi,

138 696 409 772 profecto
436 711 561 752 non
605 697 866 756 obscura
911 699 1150 772 populis
1180 701 1454 773 aperiret,
1498 698 1604 755 sed
1632 713 1806 770 aper-

139 793 202 844 ta
229 785 469 857 magnis
495 786 964 845 obscuritatibus
995 789 1332 846 innodaret.
1382 790 1593 845 Mirum
1620 787 1801 844 etiam

137 876 318 933 valde
364 880 457 932 est
489 876 656 950 quod
709 893 781 933 ex
828 877 1014 934 Patris
1047 879 1362 949 Augustini
1409 877 1582 934 dictis
1613 879 1801 932 Deum

140 965 222 1022 ad
252 981 500 1043 poenam
531 965 698 1022 nullo
744 967 928 1024 modo
976 971 1294 1040 peccantes
1336 965 1800 1041 praedestinasse

139 1054 292 1111 dicis
320 1073 333 1124 ;
362 1054 469 1112 sed
499 1055 622 1111 suis
648 1055 873 1112 meritis
903 1056 1198 1130 supplicia
1235 1057 1538 1128 condigna
1565 1053 1798 1128 praede-

141 1143 364 1201 stinata
410 1143 495 1200 eis
551 1143 629 1200 ab
689 1160 760 1201 eo
814 1161 963 1201 esse.
1024 1145 1200 1212 Quod
1253 1161 1392 1202 cum
1439 1143 1798 1201 creberrime

140 1232 383 1300 dixeris,
415 1235 480 1289 ut
511 1237 713 1290 tamen
739 1233 1048 1291 veritatem
1077 1233 1619 1308 praedestinationis
1649 1232 1798 1289 abo-

140 1321 294 1393 leas,
320 1321 438 1378 alio
489 1322 755 1392 verteris,
789 1327 847 1380 et
888 1339 1051 1380 nunc
1100 1323 1238 1392 isto,
1270 1339 1431 1379 nunc
1470 1323 1571 1379 illo
1614 1321 1799 1378 modo

142 1408 458 1466 sentiendo
503 1409 838 1480 divaricas;
871 1412 953 1468 ita
979 1416 1043 1468 ut
1061 1429 1198 1485 quas
1229 1413 1396 1485 prius
1437 1415 1799 1480 astruxeras,

141 1498 537 1574 postmodum
558 1516 780 1571 negare
799 1501 1151 1568 contendas,
1169 1500 1689 1575 quemadmodum
1720 1516 1802 1556 se-

141 1587 392 1662 quentia
408 1588 550 1645 satis
576 1589 946 1648 indicabunt.
967 1592 1138 1658 Quod
1161 1595 1361 1648 autem
1391 1591 1800 1647 humanarum

1917 533 2007 588 ιιι,
2036 523 2111 593 5).
2143 522 2267 578 Hoc
2295 522 2500 596 ipsum
2529 522 2804 580 statuisse
2834 522 3066 590 Darius,
3090 522 3399 581 Medorum
3430 526 3569 582 Per-

1915 623 2240 684 sarumque
2270 611 2527 668 ducibus
2569 615 2856 682 arctatus,
2889 611 3140 682 legitur:
3173 612 3335 669 unde
3365 618 3421 670 et
3463 617 3573 673 Da-

1909 696 2030 753 niel
2058 700 2352 772 propheta
2379 700 2818 757 malitiosorum
2858 700 3116 758 factione
3163 700 3442 759 leonibus
3475 719 3571 760 ex-

1909 786 2172 858 ponitur,
2191 789 2297 844 sed
2325 788 2450 844 veri
2481 788 2582 845 Dei
2606 789 2882 862 potentia
2909 789 3259 846 mirabiliter
3286 790 3573 850 liberatur

1908 875 2086 947 (Dan.
2118 892 2196 949 vi,
2235 877 2320 942 16,
2348 877 2462 950 22).
2505 878 2695 935 {Elius
2737 878 3037 936 Adrianus
3075 883 3242 937 tanta
3289 883 3572 940 catamito

1907 981 2018 1022 suo
2046 967 2303 1024 Antinoo
2331 967 2700 1040 turpitudine
2723 968 2950 1037 admsit,
2982 973 3047 1025 ut
3075 968 3128 1025 ei
3158 973 3396 1027 mortuo
3427 975 3577 1030 tem-

1903 1052 2097 1127 plum,
2122 1055 2461 1112 sacerdotes
2487 1059 2544 1112 et
2593 1071 2765 1112 sacra
2812 1056 2991 1113 etiam
3020 1055 3255 1127 legibus
3295 1057 3574 1128 sanciret.

1909 1143 2061 1210 Quid
2117 1144 2495 1202 Antiochus?
2540 1148 2748 1202 Nonne
2806 1161 2918 1218 pro
2948 1144 3264 1202 abolendis
3317 1147 3420 1203 Dei
3449 1147 3576 1204 veri

1908 1233 2093 1291 sacris
2123 1238 2178 1290 et
2204 1234 2439 1306 legibus
2469 1251 2593 1291 non
2625 1234 2830 1291 solum
2859 1234 3097 1292 decreta
3129 1235 3334 1307 edidit,
3361 1252 3577 1294 verum

1908 1322 2090 1380 etiam
2115 1323 2486 1381 calamitates
2515 1323 2964 1397 persecutiones
2987 1328 3044 1381 et
3068 1327 3293 1380 mortes
3324 1325 3426 1381 Dei
3452 1325 3575 1381 cul-

1910 1411 2140 1468 toribus
2171 1413 2446 1469 invexit?
2473 1414 2564 1483 (II
2580 1414 2778 1470 Mach.
2811 1430 2892 1486 v1,
2925 1413 3081 1486 etc.).
3112 1412 3319 1470 Omnis
3350 1413 3574 1471 divinis

1906 1499 2055 1571 legis
2081 1516 2336 1556 censura
2373 1517 2591 1557 usuras
2634 1505 2886 1570 resecat,
2919 1501 2998 1558 ab
3047 1502 3245 1558 usuris
3273 1503 3571 1576 prohibet,

1910 1604 2242 1662 earumque
2265 1589 2628 1663 appetitores
2659 1589 2913 1646 damnat
2941 1591 3137 1658 (Deut.
3166 1604 3331 1659 xxui,
3349 1595 3437 1661 t9,
3454 1595 3571 1659 20):

140 1679 347 1747 legum
379 1678 725 1748 conjectura
746 1680 839 1736 vis
862 1680 1225 1754 approbare,
1251 1680 1592 1736 nullatenus
1611 1677 1802 1735 homi-
1827 1697 1872 1751 Β
1909 1677 2004 1735 lex
2033 1683 2234 1735 autem
2264 1679 2516 1736 Romani
2535 1679 2688 1750 juris
2721 1694 2931 1736 earum
2973 1679 3142 1737 lucra
3170 1679 3344 1736 certis
3392 1679 3574 1736 etiam

141 1779 252 1819 nes
310 1762 618 1835 suppliciis
648 1764 998 1832 destinatos,
1052 1765 1159 1821 sed
1205 1763 1540 1838 peccaturis
1587 1779 1799 1837 poenas

141 1846 462 1903 deﬁnitas:
494 1847 608 1904 nisi
665 1865 856 1906 caecus
883 1865 1066 1921 esses,
1099 1849 1366 1923 profecto
1411 1849 1667 1904 vidisses
1696 1847 1804 1904 ho-

143 1935 338 1991 mines
397 1934 632 2007 legibus
665 1937 924 2008 judicari
955 1942 1134 2011 atque
1181 1937 1478 2005 damnari,
1511 1941 1578 1993 ut
1604 1935 1802 2010 poenis

143 2023 362 2096 cuique
391 2025 706 2096 condignis
735 2026 1045 2083 intereant.
1091 2026 1242 2092 Quid
1290 2026 1452 2082 enim
1491 2025 1688 2096 agitur
1717 2027 1804 2082 tot

145 2115 492 2170 senatorum
516 2113 913 2188 judicumque
939 2114 1227 2182 conciliis,
1253 2114 1369 2170 nisi
1399 2119 1465 2170 ut
1490 2113 1803 2170 discussus

142 2207 322 2276 atque
351 2202 661 2260 convictus
683 2207 963 2276 peccator
990 2203 1206 2260 debitas
1227 2219 1422 2278 poenae
1445 2207 1799 2260 cunctorum

135 2294 367 2365 judicio
404 2293 737 2350 destinatus
771 2308 842 2349 ac
887 2292 1191 2364 judicatus
1243 2291 1604 2349 addicatur?
1632 2290 1799 2364 prius

141 2384 368 2458 quippe
394 2383 700 2457 judicatur
749 2397 818 2439 ac
848 2381 1181 2438 destinatur
1214 2380 1427 2437 merito
1477 2379 1798 2454 supplicio,

141 2490 214 2531 ac
241 2474 632 2549 postmodum
663 2471 954 2546 plectitur.
988 2474 1074 2528 ita
1093 2486 1238 2528 sane
1267 2470 1438 2528 dicis.

729 2628 974 2670 JOANNES
1013 2627 1219 2669 SOOTUS

218 2748 387 2818 (Cap.
422 2745 507 2814 14,
535 2760 704 2801 num.
735 2749 789 2814 9,
835 2747 976 2801 sect.
1010 2743 1066 2816 5)
1103 2748 1142 2798 Θ
1171 2742 1364 2800 Nulla
1389 2746 1546 2800 enim
1579 2748 1796 2813 tempo-

140 2836 310 2894 ralia
327 2837 481 2906 jura
509 2835 802 2892 hominem
831 2833 1126 2903 deﬁniunt
1155 2833 1236 2890 ad
1256 2833 1650 2902 peccandum.

819 2983 1122 3025 CORBECTIO

1910 1768 2392 1825 dimensionibus
2446 1768 2746 1838 exigenda
2796 1768 3047 1828 censit‘.
3119 1768 3569 1826 Valentinianus

1910 1857 2110 1926 etiam,
2143 1857 2509 1915 Christianus
2533 1857 2880 1930 imperator,
2931 1857 3181 1914 libidine
3230 1863 3568 1932 superatus,

1909 1947 2094 2020 priori
2120 1947 2362 2019 conjugi
2393 1947 2642 2004 alteram
2671 1946 3168 2020 superinducens,
3199 1946 3395 2018 legem
3427 1963 3568 2004 con-

1911 2035 2113 2104 stituit,
2132 2051 2558 2110 quemcunque
2578 2035 2846 2093 virorum
2875 2035 3116 2092 duabus
3145 2051 3256 2108 pro
3272 2035 3446 2092 libitu
3467 2052 3574 2110 pa-

1910 2125 2050 2182 riter
2073 2125 2158 2182 uti
2179 2126 2541 2198 conjugibus
2574 2126 2856 2195 (Socratis
2885 2127 3121 2183 Hist.1v
3150 2141 3287 2198 cap.
3305 2126 3568 2198 26).Qua:

1911 2230 2050 2270 cum
2079 2218 2244 2271 tanta
2267 2215 2385 2271 sint
2414 2218 2471 2271 et
2519 2218 2644 2271 tam
2691 2214 3009 2286 evidentia,
3041 2217 3106 2271 ut
3157 2229 3194 2271 a
3221 2230 3320 2270 me
3345 2214 3438 2270 vel
3467 2231 3568 2270 su-

1909 2303 2141 2378 perﬂuo
2170 2303 2537 2372 refricentur,
2564 2294 2657 2360 vel
2707 2318 2832 2360 non
2859 2302 3195 2360 necessarie
3219 2318 3573 2359 recensean-

1908 2396 2028 2465 tur,
2049 2395 2284 2450 cassato
2311 2392 2476 2466 quod
2506 2391 2746 2450 dixeras
2775 2409 2788 2447 :
2820 2393 3148 2465 Nunquam
3180 2393 3333 2449 enim
3365 2407 3571 2462 respu-

1912 2481 2068 2538 blica
2097 2482 2362 2540 homines
2389 2482 2651 2540 decrevit
2673 2495 2946 2553 peccare,
2988 2481 3265 2538 animum
3292 2480 3569 2538 videndis

1910 2571 2320 2644 sequentibus,
2348 2571 2502 2629 duce
2531 2569 2767 2630 Domini
2788 2570 2976 2629 nostri
3003 2571 3147 2627 Jesu
3194 2569 3405 2628 Christi
3434 2586 3569 2642 gra-

1909 2659 2013 2733 tia,
2046 2659 2456 2717 intendamus.

1980 2752 2210 2808 Interea
2259 2764 2652 2824 nequaquam
2687 2749 3058 2821 negligenter
3080 2747 3566 2822 praetereundum

1907 2837 2144 2896 videtur
2169 2838 2356 2912 quod,
2383 2838 2792 2912 quorumdam
2812 2838 3024 2895 favens
3046 2836 3561 2911 improbitatibus,

1908 2927 1987 2984 ad
2024 2929 2140 2984 hoc
2189 2932 2474 2985 terrorem
2519 2927 2726 2997 legum
2771 2927 3180 2982 humanarum
3225 2925 3565 2982 adhibitum

1827 3058 1868 3112 ο
1905 3017 2240 3093 peccaturis
2265 3015 2568 3083 dixisti,ut
2580 3013 3030 3112 suppliciorum
3045 3014 3352 3112 atrocitate
3377 3012 3566 3070 territi

210 3103 254 3172 ’ξ’
286 3099 465 3168 011831
495 3103 661 3158 tanta
687 3101 821 3174 (Illis
851 3100 1132 3158 vecordia
1160 3099 1490 3168 hebetetur,
1512 3103 1577 3157 ut
1607 3104 1796 3157 Deum
1830 3099 1865 3112 ν
1907 3108 2352 3166 cohiberentur:
2375 3121 2445 3162 ac
2461 3120 2568 3178 per
2580 3105 2697 3162 hoc
2711 3103 2906 3174 magis
2926 3101 3352 3160 misericordiae
3370 3116 3559 3175 quam

137 3191 516 3264 quempiam,
548 3191 643 3247 vel
669 3191 1044 3263 angelorum,
1087 3191 1182 3248 vel
1208 3191 1527 3248 hominum
1552 3192 1630 3248 ad
1658 3207 1796 3264 pec-

141 3278 407 3334 candum
452 3279 784 3351 prmﬁnisse
833 3279 1066 3336 dixerit.
1095 3283 1174 3336 De
1217 3295 1340 3352 qua
1364 3295 1428 3335 re
1474 3279 1619 3352 quia
1648 3279 1792 3335 satis

142 3381 330 3439 supra
353 3371 548 3424 actum
584 3368 840 3438 videtur,
873 3373 1086 3426 caetera
1111 3368 1448 3425 videamus.
1474 3371 1628 3424 inter
1655 3383 1792 3441 quae

138 3454 349 3512 mirari
372 3472 490 3513 non
515 3457 724 3513 desino
751 3458 1058 3514 hominem
1081 3458 1516 3530 acutissimum,
1534 3462 1591 3514 et
1608 3473 1792 3531 quem

134 3543 308 3600 nulla
335 3545 424 3606 vel
447 3545 651 3617 legum
684 3548 1094 3604 humanarum
1133 3548 1228 3604 vel
1274 3547 1663 3604 historiarum
1689 3561 1796 3620 pac

137 3634 284 3705 gina
306 3634 541 3705 fugerit,
590 3641 858 3708 potuisse
902 3637 1032 3709 ejus
1059 3637 1155 3693 vel
1197 3637 1505 3694 scientiam
1547 3636 1642 3693 vel
1671 3651 1793 3692 me-

136 3724 397 3780 moriam
427 3726 749 3797 praeterire,
781 3725 1020 3783 labente
1063 3726 1376 3799 quondam
1423 3726 1647 3796 multis,
1669 3726 1794 3782 imo

129 3814 384 3884 jugibus
411 3815 707 3872 bellorum
749 3816 1089 3873 incursione
1120 3821 1280 3872 statu
1309 3817 1673 3890 reipublicae,
1707 3832 1797 3872 se-

133 3909 317 3960 natus
341 3905 618 3962 consulto
665 3910 868 3962 Romae
898 3906 1249 3979 proletarios
1277 3906 1600 3978 institutos,
1645 3921 1796 3978 quo-

132 4009 275 4049 rum
324 4011 442 4050 usu
469 3996 532 4051 in
560 3996 859 4069 quaslibet
888 3997 1142 4053 feminas
1190 3997 1476 4053 continuo
1499 3997 1788 4068 juventus

129 4082 428 4141 bellicosa
459 4090 638 4158 atque
667 4086 1026 4143 multimoda
1055 4086 1397 4158 reipublicae
1429 4086 1715 4155 gigneret.

207 4175 273 4228 Et
295 4173 464 4245 quod
485 4179 726 4231 sanctus
755 4176 1131 4245 Augustinus
1156 4175 1216 4230 in
1257 4175 1410 4231 libro
1441 4175 1516 4230 de
1547 4174 1789 4232 Civitate

131 4261 240 4317 Dei
271 4263 442 4319 tertio
468 4264 620 4320 inter
660 4269 874 4321 caetera
913 4269 1209 4321 memorat
1258 4271 1414 4338 (cap.
1454 4265 1563 4338 2t).
1615 4267 1790 4330 [Nam

128 4355 298 4418 tunc,
338 4351 552 4425 inquit,
611 4353 673 4410 id
721 4359 810 4410 est
850 4355 1004 4410 inter
1045 4354 1405 4411 exstinctum
1453 4354 1788 4410 secundum

130 4443 192 4494 et
249 4446 618 4516 postremum
701 4443 928 4501 bellum
981 4445 1468 4516 Carthaginense,
1522 4444 1646 4502 lata
1704 4448 1792 4500 est

131 4533 324 4589 etiam
367 4531 464 4587 lex
492 4531 590 4604 illa
640 4533 923 4601 Voconia,
981 4550 1057 4590 ne
1088 4534 1222 4607 quis
1277 4534 1580 4591 haeredem
1619 4533 1791 4590 femi-

128 4637 287 4679 nam
334 4621 568 4688 faceret,
624 4639 735 4679 nec
764 4624 1005 4679 unicam
1063 4625 1272 4690 tiliam,
1319 4641 1442 4697 qua
1486 4625 1616 4695 lege
1645 4622 1793 4697 quid

128 4711 401 4783 iniquius
430 4710 547 4767 dici
597 4716 701 4768 aut
745 4714 990 4784 cogitari
1021 4714 1230 4785 possit,
1276 4714 1584 4784 ignoro1-j-
1645 4713 1794 4769 illud

136 4799 346 4868 etiam,
375 4804 440 4857 ut
463 4800 538 4857 de
569 4801 795 4858 caeteris
819 4802 1048 4870 sileam,
1081 4801 1245 4875 quod
1269 4807 1407 4875 post
1447 4802 1792 4875 passionem

135 4889 374 4945 Domini
425 4897 669 4946 senatus
710 4891 961 4962 censuit,
987 4891 1221 4947 nullum
1268 4891 1382 4946 nisi
1420 4891 1512 4946 sui
1556 4890 1793 4947 decreto

129 4979 394 5036 deorum
451 4995 703 5036 numero
750 4980 1206 5053 deputandum:
1262 4996 1498 5037 necnon
1540 4984 1596 5037 et
1625 4979 1791 5045 illud,

129 5067 309 5142 quod
357 5069 528 5125 toties
584 5069 646 5125 in
705 5071 1152 5142 persecutiones
1201 5071 1693 5142 Christianorum,
1740 5074 1798 5127 et

131 5157 530 5216 abolitionem
559 5160 700 5216 ﬁdei
756 5165 813 5216 et
840 5161 1102 5217 nominis
1132 5161 1364 5227 Christi,
1421 5162 1582 5233 leges
1611 5163 1801 5234 impe-

128 5251 410 5304 ratorum
441 5254 498 5305 et
534 5249 853 5306 consulum
883 5255 1074 5306 cautae
1105 5255 1245 5308 sunt
1278 5268 1291 5306 :
1324 5251 1430 5307 sed
1461 5257 1518 5308 et
1545 5251 1798 5308 Semira-

131 5336 257 5392 mis
277 5337 477 5408 prima
505 5339 780 5395 omnium
831 5339 1045 5410 legitur
1094 5340 1428 5397 decrevisse
1473 5341 1627 5396 ﬁlios
1675 5356 1792 5397 ma-

131 5430 302 5482 trum
329 5428 634 5484 connubio
680 5428 1188 5502 sociandos,quas
1241 5430 1368 5501 jam
1424 5429 1637 5485 eodem
1699 5429 1803 5486 fla-

135 5515 291 5586 gitio
350 5516 711 5574 foedabatur.
780 5519 929 5585 Quid
961 5519 1518 5576 Nabuchodonosor
1559 5534 1664 5574 rex
1697 5521 1802 5576 Ba-

129 5605 532 5678 byloniorum
553 5608 581 5663 τ
638 5610 920 5683 Nunquid
971 5626 1094 5667 non
1125 5609 1347 5667 factam
1378 5625 1414 5665 a
1450 5625 1512 5665 se
1542 5613 1802 5667 statuam

214 5700 234 5723 ‘
264 5697 388 5753 Hoc
418 5695 786 5756 fabulosum.

1904 3197 2183 3255 vindicta:
2227 3193 2773 3265 transgressoribus
2831 3193 2955 3249 suis
3002 3191 3341 3249 efﬁcerent:
3373 3206 3562 3264 quam

1903 3287 2356 3362 perversitatem
2387 3300 2526 3340 cum
2567 3288 2624 3342 et
2645 3282 2796 3340 ﬁdes
2828 3281 3122 3340 catholica
3163 3282 3295 3354 jam
3323 3279 3562 3337 dudum

1907 3394 2172 3436 censurae
2223 3375 2529 3433 severitate
2585 3374 2984 3446 damnaverit,
3017 3378 3074 3430 et
3113 3376 3355 3430 Patrum
3391 3386 3563 3428 reve-

1904 3467 2095 3525 renda
2109 3465 2354 3523 canities
2382 3464 2707 3536 resciderit,
2723 3463 3066 3520 nullatenus
3085 3460 3262 3518 nobis
3288 3460 3350 3517 in
3371 3476 3442 3517 eo
3463 3460 3563 3516 de-

1906 3555 2189 3614 struendo
2219 3558 2308 3612 est
2331 3553 2554 3610 diutius
2573 3551 3204 3610 imn:oraudum.Nam
3225 3550 3309 3606 ita
3335 3549 3398 3605 id
3423 3565 3565 3622 pos-

1906 3665 2116 3706 sumus
2138 3664 2169 3704 e
2193 3646 2399 3703 divero
2425 3645 2704 3716 colligere
2727 3662 2740 3701 :
2768 3643 2820 3700 si
2841 3642 3064 3701 falsum
3080 3646 3171 3700 est
3188 3657 3403 3716 poenas
3424 3657 3562 3715 pec-

1906 3739 2206 3797 catoribus
2231 3735 2550 3804 redhiberi,
2596 3734 2818 3792 falsum
2847 3735 2956 3791 erit
2984 3737 3042 3791 et
3088 3733 3267 3806 justis
3315 3732 3564 3806 praemia

1904 3827 2188 3902 rependi:
2218 3826 2266 3881 si
2292 3829 2493 3882 autem
2519 3839 2733 3880 verum
2763 3825 2853 3879 est
2876 3823 3098 3878 sanctis
3123 3821 3562 3878 beatitudinem

1905 3915 2173 3982 retribui,
2203 3929 2414 3969 verum
2447 3915 2540 3968 est
2579 3911 2780 3984 impiis
2807 3926 3022 3982 poenas
3066 3910 3310 3965 meritas
3339 3912 3396 3963 et
3425 3922 3564 3978 sup-

1904 4007 2083 4080 plicia
2110 4002 2298 4060 reddi.
2344 4002 2452 4068 Qui
2483 3999 2647 4056 enim
2677 4000 2861 4056 dixit:
2904 3999 3089 4054 Ibunt
3131 3998 3198 4055 hi
3236 3998 3300 4054 in
3325 3997 3559 4066 suppli—

1904 4096 2059 4152 cium
2112 4096 2423 4160 aeternum,
2456 4089 2587 4162 ipse
2637 4087 2804 4157 dixit,
2827 4089 2985 4158 justi
3020 4091 3219 4144 autem
3265 4087 3330 4142 in
3374 4085 3560 4142 vitam

1905 4189 2187 4240 aeternam
2219 4178 2459 4251 (Matth.
2492 4193 2631 4249 xxv,
2664 4178 2776 4249 46).
2808 4175 2918 4242 Qui
2945 4175 3126 4232 etiam
3168 4191 3231 4232 se
3259 4175 3563 4232 dicturum

1901 4270 2190 4328 veraciter
2214 4271 2574 4341 protestatus
2603 4269 2691 4323 est
2717 4264 2923 4339 impiis
2958 4263 3242 4338 quidem:
3266 4264 3563 4321 Discedite

1904 4378 1940 4419 a
1970 4358 2408 4428 me,maledicti,
2430 4358 2495 4414 in
2521 4358 2717 4429 ignem
2745 4362 3056 4424 aeternum,
3074 4355 3178 4427 qui
3201 4360 3456 4424 paratus
3476 4359 3562 4411 est

1904 4451 2142 4509 diabolo
2166 4454 2220 4506 et
2268 4448 2500 4519 angelis
2544 4450 2672 4518 eius
2712 4446 2911 4519 (Ibid.,
2953 4445 3064 4517 41).
3097 4443 3283 4500 Justis
3317 4447 3557 4500 autem:

1912 4538 2433 4610 Venite,benedicti
2444 4538 2651 4594 Patris
2681 4535 3108 4606 mei,percipite
3127 4533 3564 4604 regnum,quod

1903 4631 2063 4688 vobis
2088 4633 2378 4699 paratum
2408 4631 2490 4683 est
2516 4626 2592 4682 ab
2624 4627 2856 4697 origine
2885 4623 3098 4680 mundi
3117 4622 3318 4695 (Ibid.,
3343 4620 3452 4692 34).
3479 4619 3563 4676 Si-

1903 4722 2004 4774 cut
2031 4733 2174 4788 ergo
2200 4715 2346 4786 justi
2387 4713 2821 4771 beatitudinem
2863 4711 3152 4769 veraciter
3196 4724 3568 4783 consequen-

1904 4812 2020 4878 tur,
2053 4806 2135 4862 ita
2166 4804 2336 4878 impii
2366 4804 2561 4877 pmnis
2591 4803 2808 4860 debitis
2851 4802 3145 4858 veraciter
3188 4800 3566 4858 addicentur.

1904 4897 2149 4954 Falsum
2180 4900 2268 4951 est
2317 4895 2519 4964 igitur,
2550 4893 2716 4968 quod
2759 4891 3213 4950 mundanarum
3255 4890 3460 4962 legum
3491 4888 3565 4944 si-

1906 4983 2242 5044 militudine
2272 4983 2420 5040 nihil
2447 4983 2614 5040 aliud
2639 4983 2841 5056 appeti
2857 4997 3066 5039 earum
3087 4981 3396 5039 severitate
3417 4977 3567 5034 dixi-

1907 5076 2009 5148 sti,
2057 5092 2244 5149 quam
2291 5090 2519 5148 pronos
2572 5075 2652 5131 ad
2707 5073 3087 5147 peccandum
3132 5070 3569 5146 suppliciorum

1911 5166 2218 5224 atrocitate
2243 5165 2474 5222 territos
2506 5164 2810 5222 cohiberi:
2839 5179 2910 5220 ac
2939 5179 3047 5236 per
3071 5163 3186 5220 hoc
3216 5178 3339 5219 non
3366 5161 3566 5218 minus

1910 5256 2334 5312 misericordiae
2357 5271 2544 5330 quam
2568 5253 2851 5311 vindictas
2876 5252 3420 5324 transgressoribus
3441 5247 3567 5304 suis

1911 5344 2102 5401 efﬁci:
2136 5345 2360 5417 quippe
2389 5359 2528 5400 cum
2569 5358 2695 5399 non
2726 5342 2922 5399 solum
2960 5341 3309 5408 mundanae,
3357 5350 3569 5393 verum

1913 5433 2091 5490 etiam
2142 5434 2359 5489 divine:
2407 5432 2567 5503 leges
2613 5431 2861 5502 multos,
2915 5433 3096 5488 etiam
3144 5425 3566 5500 temporaliter,

1914 5527 2036 5579 tam
2067 5527 2277 5589 morte,
2299 5538 2486 5594 quam
2515 5522 2768 5579 diversis
2787 5520 3223 5594 suppliciorum
3249 5515 3570 5587 generibus

1915 5611 2134 5683 dignos
2157 5610 2334 5685 plecti
2349 5610 2694 5682 decernant,
2711 5610 2937 5684 quibus
2955 5609 3087 5682 jam
3111 5607 3279 5665 nulla
3299 5603 3458 5663 valet
3475 5617 3572 5658 su~
