4128 6200
555 189 700 274 nos

550 353 790 414 peresse
810 334 1112 392 correctio.
1129 337 1215 388 An
1232 331 1433 387 divina
1444 333 1734 402 correptio
1755 328 1814 383 in
1847 324 2202 383 Antiochum
2236 322 2282 373 Δ

555 434 612 486 et
636 425 934 482 Herodem
962 425 1054 494 (II
1076 423 1278 480 Much.
1308 437 1389 488 ix,
1427 423 1514 493 Η)
1547 418 1931 476 correctionis
1951 414 2205 472 dicenda

554 521 645 573 est
672 514 1205 581 medicamentum,
1235 514 1291 566 et
1320 525 1440 566 non
1471 510 1670 582 potius
1700 507 1903 564 aeterni
1933 502 2206 578 supplicii

552 606 1025 663 incrementum:
1074 601 1171 657 hic
1199 599 1424 673 quippe
1484 597 1890 670 temporaliter
1942 598 2206 666 emptum

553 700 660 766 est,
693 693 859 767 quod
901 692 1018 748 illic
1063 689 1421 746 aeternaliter
1463 692 1826 761 paterentur.
1876 682 2206 742 Fatendum

554 788 643 842 est
667 784 846 855 igitur
875 782 1112 838 divinas
1138 781 1559 850 humanasque
1607 777 1768 846 leges
1801 776 1878 832 ad
1920 776 2034 830 hoc
2064 787 2207 843 sup-

552 874 733 949 plicia
759 872 1152 947 peccantibus
1181 870 1495 937 intentare,
1529 871 1592 923 ut
1627 883 1835 923 eorum
1876 862 2204 920 terroribus

553 963 848 1021 admoniti
876 976 1126 1033 peccare
1157 959 1449 1015 desistant
1475 976 1488 1013 :
1521 956 1743 1030 quibus
1769 960 1970 1010 tamen
1995 953 2041 1007 si
2073 951 2208 1006 obs-

553 1053 738 1110 tinate
763 1051 964 1124 potius
991 1049 1237 1105 obviare
1266 1062 1452 1119 quam
1475 1045 1776 1100 humiliter
1797 1039 2210 1098 obsecundare

553 1139 899 1210 delegerint,
921 1154 1045 1194 non
1076 1153 1179 1192 eos
1194 1137 1323 1207 jam
1342 1132 1838 1200 misericordiam,
1864 1146 2049 1203 quam
2073 1143 2210 1184 con-

555 1229 870 1286 tumaciter
887 1229 1263 1300 respuerunt,
1288 1226 1714 1280 consecuturos
1728 1237 1936 1277 verum
1965 1233 2208 1291 pinnam

554 1316 1048 1386 inextricabilem,
1079 1330 1268 1388 quam
1294 1312 1541 1386 propria
1571 1311 1684 1367 sibi
1729 1310 2039 1382 iniquitate
2072 1323 2210 1362 con-

559 1407 883 1471 sciverunt,
911 1405 1124 1463 merito
1153 1418 1570 1477 perpessuros.

1199 1520 1424 1574 CAPUT
1462 1520 1566 1573 XV.

559 1641 683 1710 Quo
701 1654 918 1726 genere
939 1635 1561 1726 locutio'num‘dicitur
1586 1633 1874 1726 prfsctire
1902 1633 2059 1689 Deus
2081 1646 2212 1700 pec-
2246 1670 2284 1726 Β

629 1704 786 1779 cata,
819 1726 952 1766 cum
1006 1707 1164 1764 nihil
1203 1709 1344 1779 sint,
1397 1711 1514 1779 aut
1527 1704 1961 1779 prsedestinare
2010 1718 2211 1757 eorum

627 1776 944 1852 supplicia,
978 1794 1107 1851 qua:
1139 1778 1419 1834 similiter
1446 1776 1608 1832 nihil
1634 1780 1794 1832 sunt.

632 1888 884 1956 Quintus
906 1886 1178 1944 decimus
1203 1883 1397 1955 (num.
1420 1883 1465 1955 1)
1484 1883 1790 1939 larvarum
1821 1887 2058 1938 tuarum
2081 1881 2215 1936 hor-

558 1993 658 2035 ror
683 1975 788 2036 tali
808 1975 1194 2048 inscriptione
1227 1973 1520 2044 signatur.

1156 2097 1406 2140 JOANNES
1435 2096 1638 2140 SCOTUS

630 2188 670 2238 Θ
702 2181 827 2250 Quo
855 2195 1069 2257 genere
1100 2181 1465 2238 locutionum
1497 2178 1722 2234 dicitur
1747 2177 2031 2249 praescire
2062 2178 2216 2232 Deus

557 2277 794 2343 ιτερατα,
826 2286 962 2330 cum
1014 2269 1172 2328 nihil
1208 2269 1368 2340 sint;
1416 2273 1522 2324 aut
1548 2266 1978 2338 praedestinare
2015 2281 2217 2322 eorum

559 2363 880 2436 supplicia,
910 2376 1042 2434 quis
1064 2360 1343 2422 similiter
1371 2359 1529 2419 nihil
1553 2363 1716 2416 sunt.

1235 2471 1480 2516 CORRECT
1484 2472 1539 2512 10

632 2568 677 2636 ιι-
705 2564 815 2621 Ubi
844 2563 1012 2620 nulla
1040 2578 1152 2620 nos
1186 2567 1358 2633 urget
1387 2561 1693 2618 refellendi
1728 2559 2052 2617 necessitas
2085 2559 2220 2615 diu-

567 2655 684 2711 tius
712 2652 1042 2722 immorari,
1092 2668 1280 2724 quam
1312 2651 1454 2707 satis
1502 2665 1858 2722 semperque
1904 2666 1976 2705 ex
2005 2665 2223 2721 praece-

565 2743 872 2812 dentibus,
911 2745 970 2798 et
1016 2757 1053 2803 a
1096 2746 1156 2797 te
1202 2739 1511 2814 replicata,
1546 2744 1604 2796 et
1651 2739 2000 2796 auctoritate
2031 2739 2222 2795 recisa

569 2835 922 2890 noscuntur.
952 2832 1048 2886 Vis
1077 2830 1258 2900 enim,
1293 2829 1444 2886 sicut
1472 2833 1529 2885 et
1570 2829 1632 2884 in
1682 2829 2092 2901 superioribus
2122 2844 2223 2884 vo-

566 2921 826 2980 mituum
849 2924 1094 2977 tuorum
1121 2919 1362 2976 nauseis
1389 2917 1757 2974 fastidiosius
1786 2918 2063 2988 ingerens
2091 2917 2225 2974 inti-

567 3011 768 3082 masti,
827 3025 866 3068 a
909 3009 1213 3066 contrario
1256 3007 1502 3078 intelligi
1545 2981 2022 3081 quotiescunque
2072 3010 2226 3064 Deus
2261 2985 2516 3082 οέαδίίξε
2547 2986 2600 3037 εί
2631 2981 2883 3082 minim-9

1620 207 1676 261 s.
1719 200 2087 260 rnunnmu
2134 189 2508 252 manemus
2551 144 2884 248 sriscori.

3830 177 3970 232 1204

2879 321 3117 364 JOANNES
3167 318 3373 361 SCOTUS
3383 343 3398 359 .

2385 403 2554 473 (Cap.
2589 403 2925 468 lii,num.3,
2944 395 3178 464 sect.3.)
3208 399 3247 448 Θ
3279 391 3479 450 Simili
3506 391 3682 447 modo
3705 389 3789 446 ab
3814 404 3978 446 omni

2316 491 2537 548 caelesti
2554 489 2920 559 paternitate
2940 486 3236 548 abdicato,
3269 483 3445 555 quasi
3463 482 3593 549 ﬁlio
3623 481 3791 535 inter
3819 478 3979 545 ﬁlios

2315 581 2602 638 Dominus
2633 578 2904 637 dicebat:
2961 575 3146 636 Nolite
3178 587 3392 632 vocare
3441 570 3614 628 vobis
3648 574 3894 641 patrem
3921 567 3974 621 in

2314 674 2492 733 terra,
2523 683 2679 724 unus
2710 672 2799 723 est
2829 666 2988 724 enim
3030 665 3203 719 Pater
3231 665 3444 726 vester,
3471 659 3576 732 qui
3597 659 3663 714 in
3693 655 3866 712 caelis
3897 662 3982 711 est

2317 756 2556 828 (Matth.
2588 771 2750 820 xxui,
2783 757 2836 821 9)
2861 772 2872 821 ;
2901 768 2971 810 ac
3000 753 3052 809 si
3077 750 3338 819 sapienti
3365 749 3520 804 inter
3549 746 3854 815 sapientes
3885 744 3981 800 do-

2315 864 2460 904 num
2489 845 2903 915 intelligentiae
2934 856 3272 898 concessum
3297 839 3554 904 videtur,
3577 836 3724 894 dum
3749 841 3974 904 aposto

2321 937 2390 994 lis
2421 936 2680 993 dicitur:
2712 933 2892 992 Vobis
2923 931 3135 988 datum
3161 933 3249 985 est
3277 942 3460 984 nosse
3489 924 3786 997 mysteria
3817 923 3982 992 regni

2322 1024 2498 1091 (Alae.
2518 1039 2598 1090 iv,
2620 1021 2728 1090 Η),

2993 1137 3299 1180 ΟΟΒΒΕΟΤΙΟ

2391 1237 2434 1305 -ι-
2464 1232 2690 1289 Idcirco
2724 1232 2802 1287 ab
2831 1247 2895 1286 re
2925 1229 3342 1301 interpositum
3374 1225 3626 1292 videtur,
3671 1224 3809 1297 quia
3844 1241 3986 1294 my-

2321 1325 2566 1382 sterium
2599 1323 2772 1392 regni
2787 1321 2895 1376 Dei
2908 1335 3046 1374 cum
3069 1317 3292 1373 caeteris
3309 1314 3596 1388 apostolis
3617 1312 3991 1386 praedicasse

2321 1414 2466 1467 teste
2495 1409 2817 1481 Evangelio
2847 1407 3156 1479 reperitur.
3187 1409 3507 1476 Nunquam
3534 1403 3746 1474 utique
3775 1401 3988 1474 praedi-

2323 1504 2502 1568 caret,
2565 1500 2610 1553 si
2643 1499 2985 1568 ignoraret:
3047 1494 3291 1550 sciendo
3346 1495 3563 1549 etenim
3605 1491 3984 1562 praedicavit,

2321 1587 2710 1662 praedicando
2743 1586 2932 1642 scivit.
2965 1585 3086 1642 Nisi
3115 1584 3283 1652 forte,
3311 1582 3484 1654 juxta
3515 1579 3833 1653 quosdam
3868 1579 3986 1634 hae—

2321 1679 2555 1749 reticos,
2604 1676 2901 1732 insanisse
2932 1674 3256 1747 prophetas
3301 1676 3358 1728 et
3399 1669 3711 1744 apostolos
3743 1669 3983 1737 astrnis,

2323 1773 2384 1825 ut
2414 1765 2937 1841 quemadmodum
2969 1768 3145 1836 poeta
3174 1762 3345 1830 ludit,

2646 1884 2753 1938 Dat
2784 1882 2908 1937 sine
2938 1885 3125 1938 mente
3157 1896 3380 1944 sonum,

2323 1998 2582 2076 nescisse
2603 2013 2706 2055 eos
2731 1996 2877 2068 quid
2901 1991 3391 2068 prophetaverint
3412 1989 3505 2048 vel
3519 1989 3986 2063 praedic-siverint

2326 2104 2597 2146 asseras:
2633 2086 2800 2159 quod
2828 2085 2973 2158 quia
3003 2087 3060 2141 et
3089 2081 3336 2142 veritate
3368 2085 3421 2138 et
3459 2079 3693 2138 ratione
3725 2079 3987 2151 explodi-

2327 2184 2440 2248 tur,
2470 2177 2782 2235 fatendum
2807 2180 2899 2232 est
2923 2190 3061 2232 eum
3089 2173 3376 2242 mysteria
3408 2173 3583 2240 regni
3613 2172 3726 2226 Dei
3768 2170 3988 2225 veraci-

2327 2273 2418 2326 ter
2441 2271 2805 2332 assecutum,
2839 2263 2948 2319 sed
2969 2261 3233 2320 avaritias
3259 2257 3681 2327 magnitudine
3711 2263 3770 2314 et
3798 2257 3987 2329 prodi-

2329 2357 2508 2416 tionis
2559 2354 2862 2428 impietate
2909 2353 3072 2424 justo
3105 2349 3206 2406 Dei
3244 2348 3472 2421 judicio
3527 2351 3698 2404 tanto
3739 2362 3988 2404 munere

2328 2448 2656 2520 privatum,
2688 2449 2869 2515 atque
2927 2441 3312 2500 damnatum.
3361 2441 3758 2511 Nequaquam
3808 2436 3991 2508 plane

2330 2534 2665 2591 credendus
2697 2537 2784 2588 est
2809 2529 3096 2586 Dominus
3129 2527 3202 2595 ei,
3245 2530 3539 2599 quantum
3590 2524 3864 2598 prmsenti
3895 2523 3992 2577 di-

2329 2623 2699 2698 spensationi
2740 2624 3085 2694 competens
3129 2615 3513 2690 przevidebat,
3572 2615 3711 2670 inter
3757 2617 3989 2668 caetera

2327 2716 2629 2773 donorum
2720 2727 2968 2771 suorum
3054 2723 3308 2766 munera
3386 2704 3843 2774 intelligentiam
3905 2718 4001 2757 se-

2329 2810 2628 2861 cretorum
2675 2800 3011 2860 cmlestium
3057 2798 3412 2868 denegasse,
3461 2794 3763 2867 quieolem
3818 2808 4000 2850 suum

2329 2893 2481 2949 oriri
2505 2893 2654 2963 facit
2681 2905 2860 2960 super
2893 2889 3071 2944 bonos
3115 2892 3168 2944 et
3213 2887 3443 2954 malos;
3489 2888 3538 2940 et
3586 2883 3747 2952 pluit
3813 2896 4002 2950 super

2924 2978 3163 3049 (Matth.
3197 2991 3254 3042 v,
3286 2975 3406 3046 45);
3452 2975 3753 3044 quatenus
3775 2975 3841 3025 et
3865 2986 4001 3025 con-

569 3060 768 3082 -ππ,
829 3060 864 3068 _
912 3060 1207 3066 "mw---
1257 3060 1502 3078 ___--__c,_
1553 3060 1900 3081 Ἰηηρη--
2073 3060 2222 3064 πη-

569 3100 786 3158 dicitur
805 3099 1114 3173 praascisse
1126 3096 1499 3172 peccata,vel
1529 3111 1739 3154 eorum
1770 3060 2222 3169 praedestinasse

2340 3071 2521 3130 cessis
2546 3068 2897 3126 muneribus
2913 3065 3237 3139 proditoris
3255 3063 3486 3121 rabiem
3507 3061 3902 3132 mitigaret,et
3922 3060 4001 3114 in-

571 3189 887 3264 supplicia,
935 3189 999 3245 id
1024 3192 1114 3245 est
1167 3188 1453 3254 nescisse,
1502 3191 1559 3242 et
1603 3201 1725 3243 non
1771 3186 2228 3258 prindestinasse

570 3280 840 3350 omnino,
859 3283 1067 3338 contra
1095 3280 1369 3336 omnium
1397 3276 1825 3334 catholicorum
1850 3291 2118 3346 sensum,
2137 3276 2232 3332 vel

571 3373 726 3428 certe
750 3369 1026 3426 omnium
1055 3368 1375 3425 hominum
1396 3365 1831 3440 opinionem,in
1860 3365 2082 3438 quibus
2103 3365 2233 3420 nul-

571 3460 700 3516 lum
725 3462 1036 3515 auctorem
1059 3456 1321 3513 invenire
1347 3456 1590 3530 poteris,
1619 3457 1792 3526 cujus
1822 3461 1877 3512 te
1909 3471 2229 3528 sequacem

573 3546 780 3602 valeas
803 3545 1166 3616 approbare.
1191 3544 1402 3600 Nullus
1429 3544 1656 3616 quippe
1677 3544 1790 3599 isto
1819 3544 2106 3617 loquendi
2138 3560 2234 3614 ge~

576 3649 719 3694 nere
751 3632 1215 3707 praescientiam,
1238 3636 1295 3689 et
1323 3632 1906 3705 praedestinationem
1940 3633 2233 3704 accipien-

577 3723 725 3781 dam
753 3722 993 3797 uspiam
1024 3722 1355 3782 annotavit.
1380 3720 1586 3778 Nullus
1609 3721 1920 3777 scientiam
1953 3727 2010 3778 et
2036 3723 2238 3796 dispo-

580 3813 858 3871 sitionem
884 3811 1016 3885 ejus
1041 3827 1078 3868 a
1101 3811 1363 3885 peccatis
1392 3814 1450 3867 et
1485 3826 1696 3867 eorum
1722 3811 1915 3883 poenis
1939 3811 2237 3868 ullatenus

579 3902 920 3975 denegavit.
971 3905 1052 3958 De
1107 3900 1330 3974 quibus
1369 3901 1498 3973 jam
1547 3899 1713 3974 loqui
1762 3902 2234 3975 supersederem,

579 3993 695 4052 nisi
724 3989 1192 4066 comprimendae
1223 3990 1417 4062 gratia
1461 3993 1581 4046 tua;
1618 3991 1938 4061 jactantiae,
1968 4006 2042 4046 ne
2071 3990 2237 4063 quod

579 4083 834 4152 ﬁngeret
878 4080 1104 4138 falsitas
1129 4080 1439 4148 inveniret,
1482 4085 1539 4136 et
1579 4095 1703 4136 non
1743 4079 1988 4136 haberet
2017 4081 2237 4136 veritas

581 4171 751 4245 quod
777 4170 1184 4243 responderet.
1217 4169 1476 4242 Ideoque
1516 4169 1683 4242 quod
1733 4169 1885 4224 inter
1914 4173 2030 4225 tua:
2060 4169 2242 4225 abne-

501 4256 507 4259 ’
586 4259 842 4332 gationis
869 4259 1210 4320 testimonia
1239 4257 1316 4315 de
1345 4258 1649 4332 proditore
1685 4261 1712 4314 J
1721 4257 1841 4314 uda
1869 4257 2057 4314 dicis:

1155 4380 1414 4424 JOANNES
1461 4379 1664 4420 ΒΕΖοΤυὸ

660 4465 821 4539 (Cap.
858 4469 941 4533 15,
969 4480 1139 4530 num,
1176 4467 1230 4533 ‘2,
1259 4466 1398 4519 sect.
1431 4460 1509 4535 2.)
1535 4465 1575 4515 Θ
1605 4463 1748 4519 Item
1777 4461 1928 4519 alibi
1949 4465 2236 4536 tanquam

587 4572 827 4615 consors
855 4556 1074 4614 divina
1111 4553 1450 4612 dilectionis
1487 4553 1646 4610 inter
1667 4567 1831 4609 veros
1847 4551 2241 4622 praedestina-

587 4653 694 4716 tos,
728 4649 960 4715 electos,
1019 4645 1258 4713 amicos,
1308 4643 1552 4700 abusive
1592 4642 1876 4699 collectus
1921 4642 2243 4698 audierat:

585 4739 716 4795 Non
741 4735 877 4796 dico
905 4752 1016 4793 vos
1046 4750 1249 4791 servos
1271 4732 1376 4789 sed
1406 4731 1636 4789 amicos
1666 4732 1864 4802 (Joan.
1889 4747 1988 4800 xv,
2027 4729 2131 4803 14).

1263 4864 1563 4910 COBBECTIO

656 4961 700 5030 «ι-
726 4958 968 5018 Falsum
995 4972 1129 5016 esse
1159 4957 1435 5016 consulta
1463 4955 1762 5027 Evangelii
1784 4956 2076 5014 veracitas
2105 4952 2245 5012 edo-

588 5052 702 5115 cet,
732 5063 859 5121 qua
886 5047 1047 5104 hunc
1082 5047 1316 5104 Domini
1357 5062 1701 5104 sermonem
1747 5049 1883 5118 post
1912 5043 2243 5100 buccellam

585 5136 878 5212 proditori
934 5139 1299 5210 porrectam,
1357 5135 1435 5193 ab
1491 5130 2244 5208 eoqueimpudentissime

588 5231 917 5301 sumptam,
971 5226 1486 5298 monitionemque
1539 5222 1796 5292 Domini,
1855 5220 2017 5290 quod
2062 5221 2242 5290 facis,

584 5319 691 5390 fac
719 5319 896 5375 citius
925 5318 982 5388 (Ι
984 5317 1326 5387 bid.,27),et
1349 5328 1659 5384 egressum
1681 5309 1837 5364 illius
1855 5307 2244 5380 celebratum,

586 5408 862 5482 quisquis
891 5407 1162 5474 advertit,
1195 5403 1483 5472 intelligit.
1521 5400 1686 5458 Unde
1711 5396 2022 5468 conjicitur
2051 5400 2104 5454 te
2135 5413 2244 5469 po-

585 5497 706 5560 tius
723 5497 841 5555 tuis
860 5493 1338 5570 sophismatibus
1361 5490 1566 5556 ﬁdere,
1591 5503 1777 5560 quam
1805 5485 2243 5558 Scripturarum

585 5585 1080 5645 meditationibus
1108 5579 1418 5640 inservire.
1456 5577 1569 5636 Sed
1601 5581 1659 5636 et
1683 5575 1832 5635 illud
1861 5577 2026 5650 quod
2056 5576 2243 5636 conti~

584 5690 710 5735 nuo
737 5674 870 5748 subj
878 5672 1054 5745 nugis
1088 5690 1102 5729 :

2338 3159 2764 3232 gratitudinem
2779 3157 3002 3228 justius
3018 3155 3521 3215 vindicaret.Nam
3533 3154 3599 3206 ut
3617 3155 3845 3208 cratera
3859 3165 3999 3221 prae—

2338 3256 2582 3314 teream,
2618 3253 2772 3306 certe
2802 3251 2939 3319 post
2965 3246 3322 3304 damnatum
3353 3241 3700 3306 Dominum,
3730 3239 3996 3296 tribuna-

2336 3341 2615 3413 libusque
2640 3338 2730 3396 vel
2759 3337 3136 3410 pontiiicum,
3170 3333 3262 3390 vel
3290 3331 3561 3407 praesidis
3593 3329 4000 3398 addictum,ut

2340 3431 2420 3490 ait
2450 3428 2817 3500 evangelista
2843 3445 2854 3484 :
2880 3427 3241 3484 Paenitentia
3273 3424 3488 3480 ductus
3516 3422 3729 3478 retulit
3751 3422 3996 3490 triginta

2341 3526 2672 3590 argenteos.
2700 3517 2934 3577 dicens:
2968 3514 3238 3579 Peccavi,
3272 3513 3519 3569 tradens
3539 3510 3903 3580 sanguinem
3912 3512 4002 3577 ju-

2341 3615 2495 3665 stum
2528 3608 2768 3679 (Matth.
2799 3621 2975 3676 xxvu,
3011 3604 3064 3675 3)
3091 3622 3104 3671 ;
3145 3618 3326 3676 quem
3357 3601 3524 3656 nullo
3555 3598 3746 3654 modo
3770 3599 3999 3669 justum

2346 3700 2745 3766 conﬁteretur,
2772 3696 2884 3755 nisi
2909 3696 3137 3767 justum
3172 3693 3377 3761 sciret;
3401 3692 3634 3763 justum
3654 3688 3998 3745 nullatenus

2345 3790 2742 3861 cognovisset,
2765 3786 2880 3844 nisi
2899 3783 3252 3858 mysterium
3279 3782 3448 3851 regni
3479 3779 3734 3837 caelestis
3763 3777 4000 3849 aliqua-

2345 3885 2516 3936 tenus
2540 3877 2869 3936 hausisset:
2904 3890 3099 3947 neque
3124 3875 3183 3930 in
3213 3869 3647 3943 desperationis
3678 3866 4003 3924 mortifere

2344 3968 2672 4044 praecipitia
2698 3962 3212 4023 irremediabiliter
3242 3959 3567 4029 incidisset,
3599 3957 3719 4017 nisi
3751 3955 4008 4014 enormi~

2348 4064 2530 4116 tatem
2560 4073 2684 4114 non
2715 4053 2942 4111 ferendi
2973 4051 3210 4109 sceleris
3240 4049 3609 4120 agnovisset.

2417 4148 2660 4218 Absque
2672 4145 2772 4202 illa
2782 4143 3007 4216 quippe
3021 4139 3368 4213 exceptione
3382 4137 3570 4194 verba
3581 4133 3768 4194 divini
3778 4133 4010 4192 oraculi

2348 4252 2488 4297 cum
2516 4234 2743 4292 caeteris
2768 4231 3142 4297 audiebat,et
3169 4228 3246 4284 ad
3275 4224 3738 4300 praedicandum
3752 4237 4011 4293 regnum

2351 4324 2451 4383 Dei
2480 4323 2700 4396 pariter
2722 4321 3100 4380 mittebatur:
3125 4317 3291 4391 quod
3313 4331 3587 4390 quanam
3611 4313 3847 4370 ratione
3869 4328 4012 4384 prai-

2276 4385 2321 4442 D
2350 4385 2549 4472 dicare
2576 4410 2856 4484 potuerit,
2891 4409 2940 4464 si
2973 4408 3102 4479 ejus
3143 4385 3433 4478 mysta—ria
3462 4400 3806 4474 ignorabat,
3847 4399 4012 4456 nulla

2349 4507 2522 4560 tenus
2551 4500 2748 4570 video,
2773 4515 2842 4554 ac
2861 4514 2967 4571 per
2987 4499 3100 4556 hoc
3131 4495 3276 4554 nihil
3296 4493 3567 4565 suffragii
3600 4492 3660 4547 in
3676 4507 3754 4549 eo
3775 4497 3829 4546 te
3853 4505 4011 4546 asse-

2350 4595 2555 4650 cutum
2585 4585 3099 4658 credideris,quod
3128 4601 3163 4640 a
3189 4581 3491 4640 contrario
3515 4580 3566 4635 ei
3599 4579 3825 4636 dictum
3857 4594 4016 4634 asse-

2349 4680 2450 4736 ris:
2484 4679 2654 4736 Vobis
2671 4678 2878 4734 datum
2893 4681 2976 4732 est
2993 4688 3160 4732 nosse
3180 4672 3464 4744 mysteria
3480 4671 3657 4741 regni
3669 4669 3772 4722 Dei
3783 4667 4014 4736 (Marc.

2351 4786 2428 4837 iv,
2454 4769 2508 4825 ll
2523 4779 2562 4837 );
2591 4768 2803 4823 datum
2833 4769 2922 4821 est
2947 4768 3100 4820 certe
3133 4766 3190 4818 et
3211 4759 3608 4834 illi,quamvis
3628 4756 3792 4813 danti
3813 4755 4012 4826 ingra-

2352 4863 2448 4920 tus
2479 4861 2646 4915 tanto
2673 4872 2736 4912 se
2766 4869 3014 4912 munere
3044 4851 3246 4910 fecerit
3268 4850 3555 4907 alienum.
3588 4847 3742 4905 Nihil
3767 4847 4007 4920 quippe.

2354 4953 2420 5004 ut
2447 4947 2530 5004 ait
2562 4946 2772 5002 beatus
2800 4939 3411 5012 Gregorius,simplex
3434 4937 3657 4993 Veritas
3687 4951 3804 5007 per
3831 4934 4009 5007 dupli-

2353 5037 2592 5094 citatem
2619 5034 2770 5105 agit:
2795 5049 2866 5088 ea
2897 5031 3058 5088 enim
3076 5036 3167 5087 est
3195 5035 3412 5086 natura
3441 5026 3735 5091 veritatis,
3759 5031 3825 5081 ut
3855 5026 3906 5081 si
3921 5025 4010 5105 def

2352 5126 2475 5182 lose
2506 5100 2848 5196 quidvpiam
2881 5120 3309 5191 egerit,veritas
3338 5132 3462 5173 non
3493 5114 3776 5172 sit.Dedit
3806 5100 4006 5184 εγεοέ

2353 5213 2580 5270 Veritas
2609 5211 2861 5284 simplex
2905 5209 3194 5266 veraciter
3245 5221 3421 5265 nosse
3462 5205 3830 5278 mysterium
3859 5217 4003 5272 regni

2356 5303 2477 5370 Dei,
2510 5305 2807 5375 quantum
2848 5298 3091 5355 instanti
3133 5295 3596 5370 dispensationis
3641 5310 3761 5350 suo
3792 5291 4003 5350 occulto

2357 5393 2608 5450 consilio
2629 5404 2959 5459 congruere
2969 5387 3294 5459 judicavit:
3318 5401 3498 5458 quem
3527 5385 3866 5440 certissime
3883 5397 4004 5456 pra-

2356 5481 2652 5539 sciebatin
2674 5478 2950 5551 ejusdem
2967 5478 3134 5548 regni
3157 5473 3510 5534 muneribus
3524 5472 3884 5530 nullatenus
3899 5484 4002 5544 per-

2355 5587 2736 5638 mansurum;
2758 5573 2821 5624 ut
2836 5567 2926 5624 vel
2941 5566 3372 5623 beneﬁciorum
3385 5562 3814 5633 magnitudine
3827 5562 4004 5620 abim—

2353 5661 2591 5736 pietatis
2614 5659 2988 5720 immanitate
3009 5657 3244 5716 dulcius
3263 5652 3773 5722 revocaretur.vel
3788 5668 3868 5712 ea
3886 5663 4005 5710 con
