4128 6200
285 176 420 233 12Οό

1232 177 1320 230 ns
1352 171 2034 252 PREDESTINATIONE
2069 171 2359 230 CONTRA
2395 175 2448 230 δ.
2475 175 2750 235 scoruu

3561 170 3697 226 1206

281 304 554 356 temnens
583 313 655 355 ac
682 313 972 370 respuens
995 297 1215 368 justius
1246 298 1656 358 damnaretur.
1681 296 1936 356 Proinde
1967 297 2013 350 A
2046 296 2415 370 praescientia
2435 315 2577 356 vero
2597 302 2655 355 et
2696 293 3142 370 prmdestinatio
3185 291 3266 355 ad
3303 290 3532 364 aliquid
3552 291 3700 348 refe-

276 387 442 464 quod
475 387 714 456 asseris,
744 389 1139 459 Augustinum
1202 390 1625 449 acutissimum
1676 387 1936 447 veritatis

275 477 698 550 inquisitorem
730 481 786 534 et
825 482 1183 536 assertorem
1210 478 1415 536 talium
1460 481 1636 538 nobis
1661 477 1936 552 exempla

275 566 652 624 locutionum
682 566 742 622 in
777 565 900 622 suis
954 567 1398 641 exemplaribus
1443 570 1776 643 relinquere
1802 583 1937 640 pro-

277 670 546 726 curasse,
579 655 663 711 uti
693 670 804 710 nos
843 655 1111 727 accipere
1140 672 1264 713 non
1291 658 1491 731 pigeat
1537 659 1599 716 in
1628 655 1935 730 praedesti-

274 745 519 803 natione
559 749 735 816 atque
769 743 1143 818 praescientia
1197 746 1400 802 divina
1434 747 1715 803 eumdem
1746 744 1936 802 omni-

275 832 462 890 modo
491 831 878 902 intellectum,
905 833 1041 890 ideo
1064 832 1281 890 falsum
1308 835 1718 900 est.Quoniam
1747 837 1934 890 B.Au-

275 923 551 994 gustinus
581 922 1020 995 praescientiam
1046 929 1102 979 et
1122 923 1714 996 praedestinationcm
1745 939 1931 980 unum

275 1030 402 1072 esse
434 1028 746 1085 nusquam
803 1012 1026 1070 dixisse
1072 1015 1380 1084 reperitur,
1431 1013 1710 1090 quamvis
1755 1029 1934 1086 praes-

274 1102 555 1160 cientiam
599 1117 706 1174 pro
764 1101 1286 1174 prsedestinatione
1342 1103 1640 1162 interdum
1672 1103 1931 1176 positam.

276 1190 568 1248 veraciter
592 1189 878 1247 docuerit.
915 1193 980 1246 Et
999 1190 1164 1262 quod
1195 1190 1369 1246 addis
1394 1209 1407 1247 :

843 1329 1090 1373 JOANNES
1131 1331 1359 1373 SCOTUS.

344 1440 512 1511 (Cap.
545 1435 630 1508 l5,
664 1452 832 1495 num.
862 1441 913 1506 6,
935 1442 1077 1494 sect.
1097 1441 1173 1508 4).
1199 1442 1237 1492 Θ
1270 1437 1358 1496 Ac
1381 1455 1495 1511 per
1529 1437 1639 1496 hoc
1659 1437 1929 1495 saluber-

269 1529 424 1584 rimo
450 1527 866 1598 verissimoque
894 1543 1068 1584 sensu
1100 1528 1372 1586 debemus
1399 1529 1635 1597 sentire,
1661 1529 1820 1602 quod
1838 1529 1928 1598 ip-

265 1630 330 1674 se
355 1621 641 1686 tanquam
667 1630 773 1670 nos
803 1615 1128 1672 admonens
1161 1619 1243 1672 ait
1265 1632 1288 1672 .'
1319 1617 1524 1673 Omnis
1545 1614 1927 1688 praedestina-
1960 1657 1999 1712 Β

265 1704 350 1760 tio
380 1703 777 1777 praescientia,
816 1703 921 1758 sed
946 1720 1070 1759 non
1118 1704 1316 1760 omnis
1370 1704 1739 1778 praescientia
1781 1719 1926 1776 prie-

264 1792 582 1850 destinatio
620 1793 890 1864 (August.
915 1793 989 1848 de
1014 1794 1370 1851 Prcedestin.
1399 1799 1613 1859 sanct.,
1645 1809 1696 1848 c.
1724 1793 1926 1865 lO).Ac

262 1883 320 1939 si
362 1886 566 1952 aperte
611 1882 890 1938 diceret:
947 1882 1302 1954 Quanquam
1364 1883 1744 1953 praescientia
1802 1898 1921 1939 non

265 1971 655 2028 transcendat
711 1971 858 2039 ﬁnes
911 1971 1458 2040 praedestinationis
1506 1973 1748 2042 (quippe
1786 1987 1919 2026 cum

259 2063 382 2117 sint
423 2061 601 2116 unius
632 2061 1010 2133 ejusdemque
1065 2061 1282 2117 divinae
1331 2060 1604 2118 videlicet
1635 2060 1917 2132 naturae),

258 2151 466 2222 inqua
497 2148 671 2206 aliud
699 2149 820 2204 alio
862 2149 1006 2218 plus
1055 2151 1324 2205 minusve
1377 2165 1499 2204 non
1533 2153 1650 2203 est:
1707 2149 1918 2205 merito

260 2239 367 2294 ubi
395 2243 478 2295 est
507 2243 748 2295 naturae
771 2238 1146 2308 simplicitas,
1176 2255 1295 2294 non
1308 2242 1389 2294 est
1425 2238 1554 2293 ulla
1581 2238 1914 2293 diversitas:

258 2328 540 2404 quoniam
571 2327 635 2382 in
662 2342 730 2383 ea
759 2327 960 2382 omnia
1003 2343 1188 2383 unum
1238 2330 1428 2382 sunt:
1487 2331 1721 2382 tantum
1776 2341 1915 2397 ergo

257 2418 325 2475 in
361 2417 481 2473 Deo
509 2415 667 2473 valet
691 2417 1098 2486 prwscientia,
1118 2422 1411 2490 quantum
1436 2415 1913 2486 praedestinatio,

252 2507 443 2578 plane
471 2508 612 2578 quia
643 2521 831 2562 unum
861 2510 1022 2561 sunt.

935 2645 1235 2688 CORIECTIO

331 2740 378 2810 ιιι
404 2738 460 2795 Si
493 2738 887 2796 saluberrimo
936 2738 1370 2811 verissimoque
1424 2753 1608 2794 sensu
1663 2737 1911 2793 sentires

257 2828 426 2900 quod
454 2828 820 2898 Augustinus
851 2827 969 2883 ait:
1001 2827 1232 2898 [Omnis
1253 2825 1699 2899 praedestinatio
1728 2839 1911 2898 praes-

253 2916 494 2982 cientia,
525 2915 635 2971 sed
658 2929 782 2972 non
805 2915 1005 2971 omnis
1021 2914 1400 2987 praescientia
1425 2913 1904 2987 prasdestinatio],

2043 389 2436 446 runtur-Deus
2467 405 2528 444 se
2555 403 2665 444 nec
2695 383 3013 460 praescivit,
3042 397 3153 438 nec
3201 379 3692 454 praedestinavit:

2045 475 2208 533 aliud
2236 492 2376 546 ergo
2427 477 2656 550 aliquid
2682 457 2851 532 extra
2887 489 2952 529 se
2980 469 3284 540 prmscivit
3307 471 3364 526 et
3393 468 3701 542 praedestio
3747 457 3770 475 ’

2043 566 2224 629 navit,
2243 566 2305 621 id
2329 570 2418 622 est
2447 567 2615 640 quod
2639 567 2765 639 ipse
2794 579 2918 621 non
2940 562 3167 619 sit.Non
3189 562 3328 616 sunt
3348 557 3528 628 igitur
3545 573 3699 632 pra-

2044 654 2288 712 scientia
2309 659 2365 711 et
2394 653 2842 728 praedestinatio
2862 653 3044 718 Deus,
3075 649 3230 706 sicut
3252 647 3474 705 veritas
3507 663 3521 704 :
3553 647 3701 720 quia

2043 742 2255 798 veritas
2284 743 2692 812 essentialiter,
2743 739 3116 815 praescientia
3144 742 3202 795 et
3247 735 3698 811 praedestinatio

2041 831 2284 889 relative
2306 832 2604 888 dicuntur.

2113 944 2254 996 item
2276 941 2441 1013 quod
2469 939 2906 1011 argumentaris
2931 938 3124 1009 (num.
3149 939 3226 1004 8),
3255 941 3565 1008 peccatum
3577 949 3698 992 non

2041 1046 2162 1088 esse
2188 1046 2264 1087 ex
2292 1031 2563 1101 veritate,
2588 1045 2710 1089 esse
2731 1034 2931 1085 autem
2966 1028 3144 1098 nihil,
3171 1026 3536 1097 perindeque
3583 1039 3691 1082 nec

2041 1136 2116 1178 ea:
2139 1121 2542 1190 prwscicntia,
2571 1134 2676 1176 nec
2706 1133 2782 1175 ex
2815 1116 3347 1187 prwdestinatione
3379 1115 3498 1178 Dei,
3547 1112 3686 1186 quis

2039 1210 2154 1266 hoc
2184 1209 2276 1265 vel
2302 1209 2552 1265 demens
2579 1205 3052 1265 existimaverit?
3079 1203 3343 1261 Praesciri
3385 1207 3587 1260 autem
3613 1199 3694 1260 ab

2039 1314 2110 1355 eo
2132 1303 2381 1372 peccata
2405 1298 2605 1356 omnis
2634 1301 2691 1353 et
2735 1294 3080 1366 auctoritas,
3145 1297 3203 1350 et
3256 1293 3410 1350 ratio
3444 1291 3691 1349 edocet:

2039 1388 2303 1460 praesciri
2331 1403 2575 1460 quoque
2605 1390 2664 1444 et
2689 1383 3106 1460 praedestinari
3138 1381 3216 1440 ab
3253 1383 3386 1456 ipso
3435 1381 3693 1454 justissi-

2039 1494 2170 1535 mas
2202 1493 2410 1534 eorum
2435 1474 3150 1542 retributiones,videlicet
3171 1488 3406 1548 poenas,
3426 1475 3692 1530 tormen-

2039 1571 2098 1624 ta
2118 1572 2296 1640 atque
2327 1566 2620 1640 supplicia
2650 1563 2918 1621 similiter
2941 1567 2999 1619 et
3015 1563 3363 1618 auctoritate
3391 1565 3448 1618 et
3460 1559 3690 1618 ratione

2036 1657 2404 1716 instruimur.

2107 1745 2400 1817 Quodque
2429 1742 2750 1810 subnectis,
2775 1742 2937 1799 beati
2959 1739 3291 1811 Augustini
3342 1743 3398 1796 te
3424 1737 3688 1796 auctori—

2035 1839 2158 1892 tate
2189 1834 2542 1904 pradurisse
2596 1832 2806 1888 divina
2858 1829 3393 1900 praedestinatione
3445 1827 3686 1884 nullum

2027 1924 2373 1994 prwparari
2399 1923 2480 1979 ad
2509 1925 2957 1990 tormenta,non
2974 1923 3064 1976 est
3084 1917 3305 1974 mirum
3325 1916 3507 1973 fallax
3517 1916 3686 1973 falsi-

2029 2014 2134 2070 tati
2154 2012 2490 2069 astruendaa
2513 2011 2835 2068 falsitatem
2875 2008 3170 2081 injeceris:
3194 2023 3334 2064 cum
3356 2009 3586 2065 constet
3617 2005 3686 2063 li-

2027 2103 2253 2162 bellum
2267 2118 2338 2159 ex
2360 2117 2482 2175 quo
2503 2101 2650 2158 illud
2665 2115 2974 2156 exemeras
2989 2113 3309 2172 nunquam
3343 2096 3422 2154 ab
3451 2098 3683 2168 Augus-

2026 2194 2150 2251 tino
2171 2191 2420 2249 editum:
2438 2190 2665 2264 quipqe
2686 2189 2789 2264 qui
2809 2190 2870 2246 in
2893 2187 3097 2244 multis
3116 2203 3152 2244 a
3172 2202 3353 2244 sensu
3362 2185 3679 2254 ,locutione

2025 2285 2082 2338 et
2104 2281 2269 2337 libris
2295 2280 2452 2336 illius
2487 2279 2742 2335 nimium
2788 2279 2863 2335 sit
2890 2292 3155 2347 aversus,
3185 2276 3310 2332 imo
3367 2275 3677 2332 adversus.

2023 2375 2247 2444 Nempe
2261 2387 2404 2427 cum
2424 2370 2585 2427 idem
2605 2370 2694 2426 vir
2711 2368 3096 2426 beatissimus
3125 2365 3423 2440 opuscula
3443 2381 3557 2422 sua
3583 2379 3678 2422 re-

2021 2463 2385 2529 tractaret,et
2399 2459 2476 2516 ad
2497 2459 2700 2516 locum
2722 2456 3088 2515 retractandi
3105 2455 3241 2512 libri
3254 2454 3367 2524 sui,
3391 2454 3564 2528 cujus
3586 2457 3680 2512 est

2021 2549 2226 2608 titulus
2253 2549 2328 2606 de
2341 2547 2656 2618 Octoginta
2678 2547 2869 2604 tribus
2883 2544 3323 2613 Qua-.stionibus
3342 2544 3679 2620 perveniret

2020 2637 2142 2711 (lib.
2167 2653 2209 2706 1,
2232 2653 2364 2710 cap.
2395 2639 2507 2707 26),
2539 2637 2620 2694 ita
2639 2636 2875 2694 locutus
2905 2639 3010 2692 est:
3033 2635 3266 2706 [Utrum
3294 2633 3440 2690 mali
3470 2636 3680 2690 auctor

2017 2742 2142 2784 non
2174 2727 2265 2783 sit.
2301 2725 2409 2782 Ubi
2435 2723 2767 2782 videndum
2797 2728 2906 2793 est,
2934 2721 3146 2798 inquit,
3178 2737 3256 2780 ne
3280 2721 3438 2780 male
3463 2720 3678 2778 intelli-

2018 2821 2194 2888 gatur
2216 2815 2383 2888 quod
2411 2815 2572 2872 dixi:
2606 2814 2750 2872 mali
2780 2818 2991 2871 auctor
3029 2829 3154 2870 non
3197 2816 3305 2884 est,
3353 2812 3500 2888 quia
3549 2828 3678 2869 om-

2016 2905 2187 2964 nium
2207 2920 2346 2977 quas
2376 2907 2516 2958 sunt
2543 2907 2754 2959 auctor
2777 2906 2887 2968 est,
2907 2901 3051 2974 quia
3080 2901 3142 2957 in
3171 2903 3469 2974 quantum
3511 2904 3674 2965 sunt,

248 3019 578 3078 nunquam
605 3009 660 3060 te
689 3005 764 3061 ad
791 3005 900 3061 has
927 2986 1296 3077 imposturas
1333 2986 1613 3067 verteres,
1647 3007 1712 3058 ut
1738 3001 1907 3075 quod
1948 3006 1990 3062 C
2019 2993 2081 3049 in
2111 2996 2344 3048 tantum
2370 2991 2534 3047 bona
2583 2993 2745 3078 31mi-
2782 2991 2852 3045 Εἴ
2878 3004 2954 3045 ne
2979 2988 3118 3044 hinc
3166 2991 3409 3078 Ριιῐθῑυι·
3440 3002 3566 3078 ξιοῐι
3596 2986 3676 3044 ab

248 3095 349 3152 ille
380 3109 578 3167 neque
603 3093 785 3150 sensit
809 3109 1005 3167 neque
1025 3093 1192 3163 dixit,
1214 3093 1273 3148 in
1300 3093 1431 3164 ejus
1455 3092 1628 3148 dictis
1659 3090 1906 3161 efﬁnge-

247 3199 366 3239 res.
396 3182 784 3240 Transcendit
819 3182 1117 3254 siquidem
1148 3181 1523 3254 praescientia
1566 3180 1718 3236 ﬁnes
1758 3195 1908 3252 prae-

255 3273 686 3343 destinationis,
719 3273 863 3345 quia
890 3273 1291 3346 praesciuntur
1319 3272 1414 3327 vel
1467 3271 1545 3328 ab
1603 3271 1734 3344 ipso
1761 3271 1902 3340 Deo,

255 3361 354 3419 vel
373 3362 823 3420 rationabilibus
847 3362 1152 3426 creaturis,
1177 3377 1248 3418 ea
1275 3363 1456 3418 etiam
1483 3376 1616 3434 quas
1646 3361 1725 3417 ab
1755 3360 1905 3433 ipsis

250 3465 379 3509 non
398 3450 581 3506 ﬁunt:
605 3451 1107 3524 prmdestinantur
1131 3466 1277 3507 vero
1305 3455 1538 3507 tantum
1561 3464 1632 3506 ea
1660 3465 1797 3523 quae
1826 3449 1906 3506 ab

247 3538 398 3614 ipsis
431 3539 523 3596 vel
552 3539 705 3596 ﬁunt
759 3539 856 3596 vel
911 3539 1186 3596 facienda
1234 3540 1657 3613 disponuntur.
1720 3537 1908 3594 Unius

246 3644 517 3704 quoque,
552 3632 617 3686 ut
672 3629 921 3702 desipis,
964 3629 1362 3702 ejusdemque
1388 3628 1607 3685 divina:
1636 3627 1909 3684 videlicet

247 3723 483 3775 natura;
510 3733 635 3773 non
663 3722 820 3785 sunt,
860 3717 1004 3791 quia
1031 3717 1199 3773 nulla
1229 3718 1576 3774 auctoritate
1606 3717 1705 3773 Dei
1732 3721 1909 3773 natu-

244 3822 322 3864 ra
349 3807 724 3880 praescientia
748 3807 844 3863 vel
863 3807 1312 3879 praedestinatio
1351 3811 1908 3880 nuncupatur,prse-

246 3896 455 3952 eertim
477 3913 618 3952 cum
659 3896 774 3952 sint
800 3895 1067 3963 relativa,
1092 3910 1353 3968 quorum
1376 3911 1496 3951 non
1515 3900 1604 3951 est
1623 3895 1904 3951 demons-

243 3992 408 4043 trare
438 3987 1029 4060 substantias,neque
1054 3986 1115 4042 in
1137 3987 1258 4042 Deo
1289 3990 1522 4042 tantum
1549 3985 1705 4041 valet
1727 4001 1908 4058 pres-

244 4077 486 4142 cientia,
517 4081 812 4150 quantum
835 4075 1280 4150 praedestinatio
1313 4075 1585 4142 omnino,
1609 4074 1752 4147 quia
1779 4089 1905 4130 non

239 4181 443 4224 unum
474 4169 644 4222 sunt:
667 4167 900 4239 prsescit
923 4165 1084 4222 enim
1115 4166 1268 4221 Deus
1290 4179 1670 4237 quascunque
1699 4177 1906 4237 pecca-

237 4261 330 4323 ta,
362 4271 500 4328 quae
531 4256 658 4329 ipse
685 4271 807 4312 non
833 4256 1008 4323 facit;
1041 4254 1428 4328 praedestinat
1475 4257 1677 4309 autem
1708 4252 1903 4309 solum

2019 3081 2120 3138 illo
2150 3097 2280 3138 esse
2309 3094 2556 3153 paenam
2587 3077 2910 3146 malorum,
2941 3092 3078 3149 quae
3108 3075 3313 3148 utique
3336 3073 3568 3131 malum
3588 3078 3678 3132 est

2020 3171 2093 3228 iis
2119 3170 2224 3244 qui
2252 3170 2603 3243 puniuntur:
2631 3165 2739 3224 sed
2753 3167 2870 3223 hoc
2897 3165 2979 3223 ita
3005 3165 3129 3222 dixi
3155 3162 3678 3238 quemadmodum

2022 3260 2250 3316 dictum
2279 3263 2388 3326 est,
2415 3260 2572 3314 Deus
2599 3261 2849 3314 mortem
2870 3271 2990 3312 non
3004 3255 3148 3325 fecit
3171 3254 3331 3327 (Sap.
3358 3268 3396 3320 ι,
3426 3251 3677 3326 l3),cum

2020 3351 2160 3409 alibi
2191 3349 2480 3422 scriptum
2504 3348 2614 3405 sit:
2661 3347 2824 3404 Mors
2855 3350 2912 3406 et
2944 3346 3068 3404 vita
3089 3360 3128 3402 a
3151 3344 3403 3401 Domino
3435 3344 3545 3400 Deo
3593 3347 3678 3400 est

2023 3441 2231 3514 (Eccli.
2263 3454 2344 3502 x1,
2372 3439 2478 3507 14).
2501 3437 2787 3494 Malorum
2807 3451 2951 3507 ergo
2978 3449 3162 3510 poma
3191 3449 3327 3507 quae
3359 3449 3395 3490 a
3425 3432 3544 3490 Deo
3565 3434 3672 3497 est,

2020 3529 2253 3586 malum
2279 3530 2369 3584 est
2392 3526 2639 3599 quidem
2664 3523 2973 3598 malis,sed
2997 3524 3058 3581 in
3076 3522 3254 3580 bonis
3281 3521 3381 3580 Dei
3393 3520 3676 3595 operibus

2018 3623 2125 3682 est,
2143 3616 2435 3691 quoniam
2461 3616 2693 3688 justum
2735 3618 2908 3672 estut
2935 3612 3078 3670 mali
3101 3615 3452 3687 puniantur,
3485 3613 3541 3668 et
3561 3609 3675 3668 uti-

2016 3723 2136 3782 que
2165 3707 2399 3768 bonum
2433 3709 2522 3762 est
2549 3719 2730 3762 omne
2751 3703 2919 3778 quod
2933 3703 3168 3775 justum
3191 3701 3325 3774 est]

2087 3798 2122 3863 τ
2144 3797 2308 3852 idem
2339 3796 2400 3851 in
2425 3795 2578 3851 libro
2606 3794 3015 3860 Quaestionum
3053 3791 3336 3847 Judicum
3391 3789 3515 3864 (qu.
3557 3791 3668 3860 l3).

2016 3886 2191 3959 [Quid
2216 3889 2305 3942 est
2333 3888 2533 3940 autem
2559 3883 2728 3956 quod
2751 3881 3003 3952 angelus
3025 3879 3260 3936 Domini
3282 3879 3436 3934 inter
3459 3884 3673 3937 caetera

2014 3975 2236 4034 divinas
2259 3971 2749 4032 comminationis
2778 3970 2955 4027 dicit:
2980 3970 3120 4026 Non
3150 3968 3438 4039 adjiciam
3470 3973 3669 4028 trans-

2014 4066 2282 4136 migrare
2307 4063 2623 4134 papulum,
2665 4076 2838 4133 quem
2869 4060 3006 4118 dixi
3028 4059 3281 4130 ejicere;
3323 4071 3446 4118 non
3491 4059 3663 4131 aufe—

2015 4169 2147 4211 ram
2169 4167 2263 4215 eos
2291 4167 2329 4210 a
2373 4152 2535 4222 facie
2564 4155 2782 4220 vestra,
2818 4155 2874 4210 et
2921 4153 3101 4216 erunt
3143 4148 3306 4210 vobis
3347 4148 3412 4208 in
3439 4162 3668 4220 angus-

2015 4245 2154 4312 tias,
2184 4247 2240 4298 et
2263 4241 2350 4298 dii
2372 4256 2575 4298 eorum
2597 4245 2772 4298 erunt
2812 4239 2973 4304 vobis
2999 4239 3062 4296 in
3104 4237 3464 4300 scandalum
3495 4237 3665 4310 (Jud.

239 4327 711 4420 quaeiipsewt'acit
731 4347 825 4402 vel
853 4347 1136 4416 benigne,
1159 4345 1254 4402 vel
1299 4343 1778 4408 misericorditer,
1810 4343 1906 4400 vel
1934 4364 1976 4417 υ
2012 4349 2072 4396 ιιι
2105 4335 2182 4401 3);
2213 4330 2328 4387 niSi
2366 4333 2431 4386 ut
2459 4329 2867 4400 intelligamus
2898 4327 3400 4420 DQPDUIIQBtiam
3452 4327 3528 4384 de
3575 4327 3666 4385 ira

232 4437 426 4509 juste.
454 4437 747 4510 Quodque
780 4436 996 4492 infers:

828 4559 1064 4602 JOANNES
1104 4559 1330 4602 SCOTUS.

268 4647 274 4652 ’
317 4649 484 4724 (Cap.
522 4655 601 4721 15,
625 4668 792 4708 num.
824 4659 880 4719 7,
912 4655 1057 4708 sect.
1087 4651 1141 4723 5)
1176 4655 1215 4706 Θ
1256 4651 1322 4706 Si
1361 4650 1470 4706 Dei
1520 4647 1901 4719 praescienlza

242 4741 400 4796 Deus
416 4747 520 4812 est,
544 4743 874 4800 necessario
901 4748 953 4798 et
981 4741 1356 4798 veritasJToc
1376 4739 1632 4796 dixerim
1654 4738 1726 4794 de
1739 4753 1898 4807 prce-

241 4829 661 4888 destinatione:
683 4833 736 4888 si
754 4838 806 4890 et
833 4833 964 4900 ipsa
993 4829 1173 4900 Deus,
1197 4827 1418 4899 procul
1437 4826 1616 4883 dubio
1656 4828 1894 4902 veritas.

921 4953 1228 4994 COIBBCTIO

311 5044 357 5114 -ι-
379 5043 437 5101 Si
461 5059 618 5117 puro
647 5048 705 5102 et
724 5043 981 5117 simplici
1011 5045 1226 5103 mentis
1252 5043 1428 5101 oculo
1457 5043 1891 5117 perspexisses,

236 5132 510 5206 profecto
529 5132 784 5189 vidisses
814 5133 958 5206 quia
986 5133 1204 5190 veritas
1233 5132 1630 5190 substantiam
1661 5133 1762 5189 Dei
1791 5131 1893 5190 de-

237 5226 532 5278 monstret
553 5226 678 5279 tam
707 5222 1057 5278 auctoritate
1086 5239 1272 5294 quam
1296 5223 1546 5281 ratione.
1576 5225 1704 5295 ipse
1731 5221 1891 5278 enim

236 5309 427 5366 dixit:
459 5312 591 5382 Ego
620 5326 752 5367 sum
778 5312 997 5368 veritas
1025 5313 1225 5383 (Joan.
1258 5327 1368 5375 xiv,
1423 5313 1479 5381 6)
1509 5328 1524 5379 ;
1557 5311 1723 5382 atqui
1751 5325 1891 5366 nus-

236 5413 429 5472 quam
456 5399 630 5457 dixit:
657 5402 780 5470 Ego
810 5417 945 5458 sum
971 5400 1343 5474 praescientia
1383 5398 1476 5456 vel
1500 5398 1890 5472 praedestina-

240 5487 344 5546 tio.
376 5490 604 5546 Veritas
625 5505 750 5546 non
777 5495 866 5547 est
893 5490 1226 5559 relativum,
1255 5490 1408 5545 sicut
1428 5504 1536 5545 nec
1569 5487 1883 5560 sapientia,

235 5591 354 5634 nec
393 5577 663 5645 scientia,
689 5593 800 5635 nec
850 5579 1103 5651 justitia,
1147 5594 1257 5634 nec
1300 5577 1571 5634 bonitas:
1631 5576 1886 5652 ideoque

234 5665 477 5738 quoties
501 5666 577 5735 de
609 5669 726 5728 Deo
757 5666 992 5732 dicitur,
1041 5665 1430 5738 essentialiter
1486 5665 1880 5740 praedicatur:

2013 4421 2115 4480 Dei
2134 4421 2336 4478 venire
2361 4420 2638 4494 peccata?
2660 4423 2726 4476 Ut
2752 4422 2915 4477 enim
2940 4418 3022 4475 dii
3052 4418 3496 4488 gentium,inter
3512 4433 3667 4492 quas

2011 4526 2136 4574 non
2156 4525 2267 4567 ase
2289 4509 2710 4567 exterminatas
2725 4507 3002 4565 Israelitae
3020 4507 3294 4564 habitare
3322 4506 3663 4575 voluerunt,

2010 4602 2212 4656 essent
2230 4597 2314 4656 eis
2342 4597 2405 4654 in
2431 4595 2808 4667 scandalum,
2835 4595 2899 4652 id
2927 4597 3034 4662 est,
3057 4593 3321 4650 tacerent
3351 4608 3454 4649 eos
3484 4581 3662 4650 scan;

2009 4686 2254 4749 dalizari
2281 4687 2344 4743 in
2371 4685 2628 4742 Domino
2652 4685 2772 4742 Deo
2802 4699 2934 4752 suo,
2961 4697 3153 4755 eoque
3183 4681 3420 4738 offenso
3435 4681 3659 4752 vivere,

2007 4773 2332 4843 indignans
2358 4772 2474 4828 hoc
2519 4771 2924 4831 comminatus
2953 4774 3046 4826 est
3074 4769 3267 4839 Deus;
3309 4759 3661 4844 quod'certe

2006 4860 2394 4928 manifestum
2419 4864 2818 4930 estmagnum
2865 4874 3000 4916 esse
3033 4858 3394 4932 peccatum.)
3417 4862 3454 4926 -ι-
3493 4858 3658 4916 Idem

2005 4952 2069 5010 in
2089 4950 2246 5008 libro
2271 4949 2685 5016 Quaestionum
2720 4947 3160 5006 Deuteronomii
3183 4948 3312 5022 (qu.
3338 4952 3417 5018 2):
3441 4949 3544 5022 [Et
3558 4965 3661 5007 no-

2005 5043 2119 5100 luit
2141 5041 2297 5102 Seon
2329 5054 2440 5098 rex
2468 5040 2702 5097 Ezebon
2721 5041 2984 5097 transire
3001 5054 3108 5095 nos
3133 5054 3248 5110 per
3260 5041 3455 5111 ipsum
3479 5059 3493 5097 :
3517 5056 3658 5114 quo-

2002 5132 2170 5190 niam
2196 5130 2595 5190 induraverat
2623 5130 2913 5186 Dominus
2940 5130 3100 5186 Deus
3138 5135 3340 5187 noster
3374 5131 3654 5202 spiritum

2001 5225 2150 5292 ejus,
2182 5225 2238 5284 et
2269 5220 2469 5291 confer
2486 5220 2636 5277 tavit
2675 5235 2780 5277 cor
2805 5222 2958 5291 ejus,
2979 5225 3048 5278 ut
3073 5220 3422 5278 traderetur
3443 5221 3506 5276 in
3530 5236 3655 5277 ma-

2000 5327 2113 5370 nus
2144 5315 2279 5375 tuas
2303 5311 2456 5370 sicut
2471 5309 2536 5368 in
2563 5308 2678 5368 hac
2706 5309 2803 5367 die
2822 5309 3022 5382 (Deut.
3049 5327 3112 5376 ιι,
3140 5312 3252 5379 30).
3276 5301 3416 5364 Haec
3445 5307 3652 5365 dicens

1999 5405 2249 5473 Moyses,
2306 5400 2456 5460 dum
2516 5399 2810 5474 populum
2856 5399 3197 5474 alloquitur,
3246 5398 3364 5456 tale
3423 5396 3654 5474 aliquid

1997 5494 2436 5548 commemorat
2497 5489 2676 5563 quale
2758 5489 2999 5548 dicebat
3067 5490 3130 5546 in
3191 5489 3452 5547 Exodo:
3518 5489 3650 5562 Ego

1997 5579 2287 5642 induravi
2313 5595 2416 5636 cor
2443 5579 2789 5638 Pharaonis
2835 5579 3056 5652 (Exod.
3098 5594 3158 5644 ι,
3190 5579 3280 5652 t);
3308 5583 3368 5636 et
3384 5577 3555 5653 quod
3585 5579 3649 5634 in

1997 5665 2249 5736 Psalmis
2277 5665 2528 5742 legitur:
2551 5668 2862 5734 Cesserat
2886 5681 2996 5727 cor
3031 5681 3258 5740 eorum,
3293 5673 3361 5732 ut
3386 5667 3645 5726 οάᾱοεηι
