4128 6200
469 162 620 216 1207

1555 171 1611 227 S.
1652 171 2024 229 PRUDENTII
2062 175 2441 237 TRECENSIS
2480 180 2814 238 EPISCOPI.

3753 179 3882 237 1208

459 287 769 376 populum
799 289 931 376 ejus
954 288 1144 359 (Psal.
1175 305 1285 359 CIV,
1317 296 1430 360 25).
1460 298 1574 351 Nec
1605 300 1830 354 tacetur
1851 299 1947 355 hic
1994 317 2129 356 cau-
2159 307 2206 358 A
2236 303 2578 376 deputasse.
2611 308 2860 362 Peccata
2884 304 3052 361 aDeo
3082 319 3208 361 non
3233 320 3362 361 esse
3387 303 3586 360 nullus
3615 303 3890 375 ambigit,

480 389 546 428 sa
572 373 969 430 indurationis
999 377 1178 448 hujus
1215 396 1358 437 cum
1404 383 1637 456 dicitur,
1688 394 1753 442 ut
1788 390 2130 446 traderetur

477 464 540 516 in
566 475 781 517 manus
802 468 956 531 tuas,
998 473 1150 522 sicut
1180 469 1243 523 in
1297 470 1411 527 hac
1450 472 1563 541 (lie,
1593 474 1655 530 id
1684 481 1790 543 est,
1837 481 1899 534 ut
1937 478 2129 536 vince-

464 552 640 604 retur
663 563 698 605 ιι
731 554 803 618 te,
832 553 998 625 quod
1024 570 1146 611 non
1173 557 1340 614 ﬁeret
1366 560 1479 616 nisi
1510 563 1837 622 resisteret:
1863 583 1985 624 non
2024 585 2128 624 au-

477 643 597 730 tem
629 639 948 730 resisteret,
981 643 1097 700 nisi
1127 647 1307 704 corde
1333 649 1653 709 obdurato.
1686 655 1866 727 Cujus
1897 658 1980 714 rei
1995 659 2125 730 jus-

477 727 667 785 titiam
699 728 749 784 si
775 731 1220 802 queesierimus,
1253 739 1673 799 inscrutabilia
1720 752 1860 800 sunt
1888 727 2126 816 jualz’cza

475 817 589 872 Dei
615 817 804 887 (Rom.
832 835 913 884 xu,
945 822 1034 892 33)
1060 837 1086 891 ,'
1130 824 1417 896 iniquitas
1466 837 1660 887 autem
1701 849 1818 890 non
1850 841 1932 891 est
1963 838 2129 906 apud

474 906 665 962 Deum
709 908 900 974 (Rom.
943 925 1022 978 ix,
1060 913 1166 983 14).
1211 916 1365 972 Sane
1407 920 1739 976 notandum
1774 929 1860 980 est
1897 926 2127 982 confor-

477 998 666 1051 tatum
702 1012 804 1052 cor
833 1013 1018 1070 posse
1049 1000 1165 1056 dici
1203 1006 1382 1060 etiam
1423 1006 1486 1061 in
1542 1009 1746 1082 malo]
1787 1013 1820 1078 1‘
1861 1013 2020 1071 Idem
2061 1017 2124 1072 in

477 1085 914 1149 Quaestionibus
942 1089 1125 1145 Exodi
1155 1090 1279 1163 (qu.
1319 1093 1441 1160 143)
1475 1113 1488 1151 :
1522 1099 1623 1168 [Et
1647 1105 2010 1170 propitiatus
2041 1114 2124 1162 est

475 1174 766 1230 Dominus
787 1175 860 1231 de
885 1179 1144 1248 malitia,
1175 1195 1354 1250 quam
1385 1184 1541 1241 dixit
1553 1187 1759 1256 facere
1773 1195 1998 1261 populo
2019 1211 2124 1251 suo

474 1261 718 1353 (Earum,
748 1280 911 1353 xxxi,
959 1265 1063 1336 14).
1113 1268 1389 1327 Malitiam
1436 1273 1533 1330 hic
1580 1291 1826 1348 poenam
1879 1281 2124 1353 intelligi

473 1350 683 1419 voluit,
717 1351 887 1409 sicuti
908 1359 1023 1410 est:
1054 1357 1392 1417 zEstimatu
1413 1368 1495 1418 est
1525 1365 1759 1423 malitia
1790 1350 2127 1428 emitusitlo-

476 1455 611 1496 rum
639 1440 804 1512 (Sap.
827 1458 910 1506 ιιι,
943 1443 1369 1516 2).Secundum
1393 1451 1550 1508 hanc
1566 1454 1780 1512 dicitur
1807 1463 1862 1516 et
1894 1459 2123 1520 bonum

477 1529 790 1622 et_malum
820 1546 856 1586 a
888 1533 1006 1587 Deo
1032 1547 1151 1590 non
1179 1538 1511 1597 secundum
1538 1544 1849 1616 malitiam,
1879 1565 2000 1622 qua
2016 1552 2124 1608 ho-

2237 407 2452 464 pmnas
2478 393 2897 468 peccatoribus
2926 393 3021 449 vel
3052 393 3238 450 factas
3269 393 3348 449 ab
3391 393 3524 466 ipso
3569 393 3666 449 vel
3695 393 3891 450 illatas

2235 481 2434 538 omnis
2491 486 2546 540 et
2576 483 2897 540 auctoritas
2952 486 3009 539 et
3035 483 3187 540 ratio
3231 481 3606 555 comprobat.
3667 485 3754 538 Ac
3786 499 3896 556 per

2234 571 2371 642 hoc,
2402 571 2554 629 sicut
2576 576 2633 629 et
2661 571 2933 645 superius
2965 587 3038 628 ex
3059 571 3252 628 verbis
3270 571 3431 628 beati
3451 571 3770 642 Augustini
3789 587 3897 644 po-

2236 659 2487 733 suimus,
2519 677 2732 718 omnes
2760 665 3142 735 peccatorum
3172 677 3368 735 pcenm
3389 660 3563 717 bonae
3580 662 3896 733 sunt,quia

2230 748 2407 819 justaa
2433 754 2590 807 sunt.
2626 753 2816 808 Omne
2867 750 3026 806 enim
3074 751 3309 822 justum
3361 749 3615 815 bonum,
3649 749 3892 806 nullum

2233 842 2435 895 autem
2459 839 2696 911 justum
2745 855 2870 896 non
2920 839 3173 896 bonum.
3225 839 3476 896 Proinde
3508 838 3814 912 quidquid
3859 855 3899 896 a

2235 944 2470 984 summe
2498 929 2662 986 bono
2685 933 2742 986 et
2765 945 3000 986 summe
3022 929 3188 1001 justo
3211 933 3318 997 est,
3350 928 3581 986 bonum
3615 932 3726 985 est.
3755 928 3898 984 Jus-

2232 1018 2362 1073 tum
2396 1020 2484 1074 est
2505 1023 2706 1074 autem
2735 1017 2979 1073 retribui
3027 1016 3447 1090 peccatoribus
3489 1017 3897 1089 quemadmo-

2233 1103 2381 1160 dum
2420 1109 2476 1162 et
2513 1105 2691 1162 bonis
2719 1105 2887 1178 quod
2916 1110 3240 1162 merentur.
3271 1105 3423 1161 Vere
3470 1105 3782 1162 enimvero
3827 1121 3898 1162 se

2232 1208 2623 1267 nequaquam
2651 1210 2688 1250 a
2712 1193 3010 1250 contrario
3038 1193 3103 1250 id
3131 1193 3226 1250 vel
3271 1193 3629 1251 intellexisse
3659 1193 3753 1250 vel
3780 1211 3900 1268 po-

2233 1283 2426 1339 suisse
2456 1284 2598 1340 satis
2644 1283 2841 1340 lucide
2870 1283 3250 1357 subindeque
3295 1283 3426 1356 ipse
3479 1283 3729 1354 intimat,
3777 1284 3898 1357 qui

2230 1370 2410 1428 tacito
2439 1371 2978 1444 prmdestinationis
3001 1370 3299 1429 vocabulo
3327 1371 3656 1429 identidem
3683 1373 3895 1429 verbis

2233 1460 2364 1517 aliis
2404 1461 2704 1518 evidenter
2721 1461 3000 1518 inculcat.
3036 1462 3211 1533 Quid,
3236 1479 3444 1536 quaeso
3476 1467 3552 1534 te,
3571 1462 3780 1534 majus
3799 1479 3895 1519 es-

2235 1567 2298 1607 se
2353 1567 2564 1608 censes
2620 1551 3045 1625 praedcstinare
3098 1569 3177 1609 an
3224 1552 3465 1610 facere?
3522 1556 3754 1626 Nempe
3797 1553 3891 1609 vel

475 1615 670 1717 mines
697 1619 841 1717 mali
869 1625 1026 1717 sunt.
1041 1621 1223 1717 Malus
1248 1625 1407 1683 enim
1437 1632 1590 1687 Deus
1618 1649 1741 1690 non
1769 1639 1984 1703 est,sed
2004 1657 2124 1698 ma.
2157 1663 2197 1717 Β
2235 1656 2476 1713 semper
2495 1640 2589 1696 vel
2621 1615 2790 1714 .pene
2819 1657 3060 1714 semper
3087 1641 3275 1698 verba
3316 1641 3582 1715 Apostoli
3640 1615 3894 1698 interse-

473 1708 1000 1804 lis‘i‘nge-rit-mala,
1031 1712 1178 1804 quia
1197 1714 1396 1785 justus
1422 1721 1554 1791 est.]
1588 1723 1630 1792 -ί-
1657 1726 1720 1779 In
1745 1727 1958 1784 eodem
1997 1732 2123 1804 (qu-

481 1796 872 1886 li8):[Me_rito
901 1799 1188 1886 quaeritur
1215 1817 1355 1858 cum
1379 1808 1652 1879 superius
1681 1815 1976 1886 populum
2004 1796 2126 1875 dis-

477 1884 707 1956 sipasse
727 1884 922 1940 dictus
945 1885 1018 1942 sit
1045 1891 1264 1960 Aaron,
1289 1908 1396 1948 cur
1415 1895 1475 1950 in
1499 1897 1697 1969 ipsum
1718 1884 1978 1963 vindicta
1994 1908 2127 1964 nul-

473 1973 534 2031 la
558 1974 935 2067 processerit,
966 1991 1164 2067 neque
1216 1995 1356 2038 cum
1410 1986 1639 2058 Moyses
1669 1989 1917 2050 interﬁci
1953 1997 2132 2067 jussit

476 2078 719 2120 omnem
759 2062 865 2136 qui
895 2065 1107 2122 Levitis
1136 2070 1417 2129 euntibus
1467 2075 1546 2130 ad
1582 2082 1820 2150 portam
1875 2089 1932 2141 et
1954 2062 2130 2144 rede-

475 2151 723 2247 untibus
748 2153 1105 2212 occurrisset
1149 2161 1433 2232 armatis;
1485 2180 1681 2238 neque
1733 2186 1872 2227 cum
1920 2180 2130 2247 postea

474 2239 699 2300 factum
729 2245 818 2298 est
854 2242 1022 2315 quod
1053 2245 1356 2320 Scriptura
1385 2251 1559 2310 dicit:
1591 2256 1670 2312 Et
1689 2239 1985 2326 percussit
2012 2266 2128 2321 Do-

474 2331 680 2423 minus
692 2333 1035 2402 populum‘
1071 2343 1326 2407 propter
1372 2342 1680 2411 facturam
1735 2350 1916 2406 vituli
1957 2368 2129 2423 quem

469 2422 616 2493 fecit
645 2422 876 2490 Aaron,
906 2424 1171 2482 maxime
1199 2429 1344 2500 quia
1373 2434 1432 2487 et
1475 2431 1572 2490 hic
1611 2435 1726 2493 hoc
1757 2438 1919 2496 idem
1966 2422 2132 2516 repe-

473 2511 658 2570 tendo
678 2511 1046 2570 inculcatum
1071 2519 1180 2573 est.
1232 2520 1364 2576 Non
1406 2521 1565 2580 enim
1597 2525 1824 2584 dictum
1873 2535 1997 2588 cst:
2035 2511 2132 2591 Ἐι

468 2603 768 2672 percussit
792 2604 1072 2659 Dominus
1090 2608 1385 2676 populum
1423 2620 1680 2682 propter
1702 2618 2012 2686 facturam
2043 2624 2130 2678 vi-

475 2691 594 2747 tuli
612 2705 782 2762 quem
797 2691 1096 2762 fecerunt,
1111 2695 1216 2751 sed
1237 2712 1407 2768 quem
1427 2701 1573 2770 fecit
1592 2705 1820 2762 Aaron:
1854 2713 1912 2764 et
1931 2714 2132 2768 tamen

474 2794 598 2872 non
630 2783 720 2835 est
746 2795 1074 2872 percussus
1099 2793 1298 2842 Aaron
1325 2802 1340 2854 ;
1385 2789 1534 2860 quin
1585 2793 1763 2851 etiam
1794 2795 1942 2854 illud
1967 2800 2134 2872 quod

475 2864 550 2958 de
577 2863 1072 2958 sacerdotioejus
1095 2872 1232 2924 ante
1262 2878 1578 2943 peccatum
1607 2877 1737 2949 ejus
1783 2882 1938 2938 Deus
1976 2863 2129 2958 prae-

473 2953 735 3028 cipiebat
786 2954 1103 3029 impletum
1154 2963 1260 3015 est.
1295 2961 1409 3018 Sed
1451 2963 1630 3035 jussit
1657 2972 1714 3026 et
1743 2969 1941 3043 ipsum
1977 2953 2038 3032 et
2064 2976 2130 3032 ﬁ-

472 3043 587 3100 lios
615 3043 801 3113 ablui,
845 3048 904 3101 et
933 3045 1016 3101 sic
1058 3046 1316 3106 ordinati
1371 3059 1510 3112 sunt
1564 3056 1626 3112 in
1657 3062 2010 3120 sacerdotio.
2044 3066 2132 3123 Ita

475 3133 640 3189 novit
669 3132 765 3189 ille
793 3132 887 3189 cui
913 3139 1124 3207 parcat
1148 3152 1340 3211 usque
1370 3140 1450 3197 ad
1488 3149 2020 3210 commutationem
2067 3154 2129 3210 in

474 3219 692 3281 melius
720 3227 812 3291 ;et
841 3223 938 3280 cui
990 3231 1198 3298 parcat
1243 3227 1322 3284 ad
1379 3235 1636 3306 tempus,
1667 3241 1948 3310 quamvis
1990 3259 2129 3301 eum

475 3312 798 3386 praescierit
821 3313 884 3369 in
913 3315 1126 3373 melius
1156 3333 1280 3375 non
1300 3323 1547 3379 mutari:
1581 3330 1638 3382 et
1662 3328 1757 3383 cui
1781 3345 1904 3386 non
1923 3339 2131 3405 parcat

477 3403 544 3455 ut
569 3404 832 3455 mutetur
859 3401 922 3456 in
946 3403 1182 3472 melius,
1217 3409 1273 3462 et
1301 3409 1398 3464 cui
1424 3426 1546 3468 non
1580 3421 1806 3486 parcat,
1838 3401 1940 3476 ita-
1958 3426 2022 3478 ut
2047 3423 2129 3479 vi-

476 3491 553 3543 tae
591 3487 989 3544 mutationem
1019 3492 1150 3561 ejus
1188 3501 1522 3568 exspectet;
1557 3507 1614 3556 et
1658 3503 1774 3560 hoc
1833 3511 2021 3566 totum
2048 3511 2128 3568 ad

475 3573 540 3665 id
560 3574 712 3630 redit
739 3576 905 3665 quod
952 3579 1275 3650 Apostolus
1320 3584 1462 3640 dicit
1511 3589 1886 3652 exclamans:
1939 3597 2126 3665 Quam

478 3663 898 3758 inscrutabilia
927 3672 1067 3723 sunt
1107 3670 1348 3739 judicia
1403 3677 1532 3746 ejus
1577 3684 1631 3735 et
1689 3663 2130 3758 investigabiles

479 3754 592 3811 vice
620 3754 748 3824 eius
771 3757 792 3810 ,ν
820 3753 1009 3827 (Rom.
1042 3772 1124 3826 Xl,
1159 3759 1268 3830 33).

1046 3881 1296 3925 JOANNES
1336 3885 1567 3931 SCOTUS.

548 3969 716 4042 (Cap.
755 3969 838 4038 l5,
870 3985 1042 4028 num.
1079 3977 1164 4043 tO,
1193 3980 1333 4034 sect.
1367 3979 1441 4053 6).
1485 3986 1524 4036 Θ
1571 3983 1697 4042 Aut
1720 4003 1832 4058 per
1858 3991 2134 4050 similitu-

478 4060 1147 4156 dinemprwttestinatio
1159 4081 1276 4136 pro
1295 4074 1679 4139 praescientia
1696 4082 1990 4156 ponitur;
2025 4090 2134 4142 aut

473 4163 590 4218 per
617 4149 792 4204 illum
849 4154 1107 4244 tropum,
1142 4159 1247 4227 qui
1276 4159 1503 4217 dicitur
1550 4165 1900 4241 hypallage,
1956 4149 2126 4244 quem

479 4253 790 4308 possumus
817 4243 1131 4301 nominare
1156 4247 1754 4326 subalternationem,
1780 4263 1889 4317 etc.

1118 4389 1448 4434 CORRICTIO.

480 4559 630 4630 ﬁeri,
662 4566 730 4662 ut
756 4563 1038 4662 destinati
1067 4569 1164 4627 vel
1191 4541 1598 4646 praedestinati
1642 4541 2134 4662 ad'pcnna.m,.vel

480 4656 870 4746 acontrario,
926 4658 984 4715 id
1018 4664 1111 4718 est
1160 4678 1269 4735 per
1317 4668 1560 4741 tropum
1600 4674 1707 4746 qui
1745 4656 1962 4735 dicitur
1987 4656 2136 4737 anti-

479 4739 742 4852 ξξτξλῗίῗυ
755 4745 875 4852 :91.
887 4763 995 4820 P9P
1029 4749 1324 4852 illum‘qui
1344 4739 1593 4817 vocatur
1611 4739 1933 4840 hypallage
1951 4769 2134 4828 debe-

475 5180 605 5281 fieri
623 5186 790 5281 nulla
815 5191 967 5250 ratio
978 5197 1264 5274 nullaque
1287 5180 2132 5281 ειηὶιάυοιοτίιεεᾶειιὲηᾶιῖἑιῖ

477 5278 567 5372 est
595 5281 651 5372 et
677 5276 917 5353 eloquia
941 5283 1148 5346 divina
1184 5295 1242 5349 et
1289 5296 1656 5356 orthodoxos
1681 5276 2028 5360 tractatores
2059 5319 2132 5362 ea

474 5365 558 5463 ita
579 5368 651 5463 ut.
671 5377 957 5430 resonant
985 5375 1372 5456 intellexisse,
1414 5387 1656 5460 Deique,
1686 5389 1917 5463 absque
1962 5393 2130 5451 nubi-

472 5449 533 5508 lo
559 5455 923 5532 cujusquam
950 5449 1469 5542 interpretationis,
1507 5449 1855 5546 iustissimis
1881 5481 2126 5554 judiciis

542 5567 576 5650 ζ
722 5568 981 5650 scissum
1009 5572 1219 5650 folium
1239 5575 1536 5650 integrum
1559 5583 1724 5644 deest
1744 5586 1806 5645 in
1827 5606 1940 5647 ms.
1960 5591 2094 5649 cod.

472 5630 581 5690 sed
619 5635 930 5698 residuum
955 5630 1724 5728 sententieis—ZOA‘ug-u‘sti‘n’i
1744 5630 2120 5738 ‘i‘e‘ﬁ‘ééi‘iiiﬁ‘ci,’

2233 1746 2370 1786 rens
2392 1730 2580 1801 (Rom.
2611 1736 2694 1800 ix,
2721 1731 2835 1802 22),
2867 1730 2941 1786 de
2968 1731 3126 1787 vasis
3157 1731 3279 1798 irm,
3301 1731 3660 1805 praeparatis
3679 1730 3777 1788 vel
3791 1747 3895 1805 ap-

2236 1819 2307 1876 tis
2337 1819 2415 1875 ad
2439 1819 3041 1891 interitum,perfecti
3077 1837 3185 1876 seu
3237 1822 3397 1892 facti
3442 1821 3752 1877 vocabulo
3783 1821 3896 1877 uti-

2235 1911 2348 1975 tur,
2376 1912 2441 1964 ut
2470 1907 2744 1965 innuerct
2769 1924 2831 1964 se
2879 1925 3197 1983 nunquam
3237 1909 3792 1982 praedestinationis
3819 1910 3897 1966 si-

2237 1997 2685 2068 gniﬁcationem
2715 2014 2752 2055 a
2770 1999 3068 2056 contrario
3095 1998 3349 2056 sensisse
3377 2000 3499 2055 sive
3529 1999 3892 2073 protulisse:

2239 2087 2395 2143 unde
2417 2093 2471 2143 et
2505 2087 2566 2144 in
2591 2086 2746 2144 libro
2774 2088 2850 2144 de
2881 2088 3122 2145 Civitate
3153 2089 3252 2144 Dei
3281 2089 3491 2162 quinto
3521 2089 3790 2158 decimo,
3817 2089 3896 2145 ita

2233 2175 2468 2231 locutus
2498 2180 2584 2232 est
2611 2176 2978 2248 Augustinus
3007 2177 3159 2250 (cap.
3191 2178 3272 2246 l):
3295 2177 3479 2250 [Sicut
3499 2177 3664 2234 enim
3693 2178 3897 2234 inuno

2235 2263 2502 2331 homine,
2550 2265 2716 2337 quod
2755 2263 2902 2320 dixit
2955 2265 3298 2337 Apostolus,
3350 2265 3698 2339 experimur
3751 2265 3900 2339 quia

2238 2368 2357 2407 non
2380 2353 2648 2422 primum
2687 2353 2848 2426 quod
2864 2356 3141 2424 spiritale
3165 2360 3270 2422 est,
3297 2356 3401 2410 sed
3421 2355 3581 2427 quod
3602 2356 3894 2423 animate,

2231 2446 2441 2511 postea
2468 2443 2748 2512 spiritale
2795 2443 2855 2510 (Ι
2879 2442 3014 2499 Cor.
3061 2459 3160 2498 xv.
3192 2446 3315 2512 46);
3351 2443 3509 2499 unde
3566 2444 3901 2516 unusquis-

2237 2546 2376 2604 que,
2419 2531 2710 2603 quoniam
2762 2547 2836 2588 ex
2883 2532 3177 2589 damnata
3222 2533 3557 2607 propagine
3603 2533 3887 2596 exoritur,

2239 2618 2436 2692 primo
2461 2620 2533 2676 sit
2560 2636 2802 2677 necesse
2825 2625 2913 2678 est
2941 2638 3013 2678 ex
3043 2621 3240 2678 Adam
3293 2622 3493 2678 malus
3537 2627 3703 2695 atque
3739 2635 3885 2676 car-

2241 2707 2393 2763 nalis
2419 2725 2432 2776 ;
2463 2709 2631 2781 quod
2661 2709 2712 2766 si
2755 2709 2819 2766 in
2851 2709 3084 2767 Christo
3129 2711 3502 2768 renascendo
3552 2709 3896 2783 profecerit,

2241 2797 2457 2870 poterit
2509 2813 2637 2854 esse
2667 2798 2773 2869 [at.
2825 2803 3034 2871 postea
3063 2799 3190 2872 erit]
3236 2799 3436 2856 bonus
3475 2803 3528 2855 et
3553 2797 3844 2870 spiritalis
3882 2817 3899 2854 :

2244 2886 2327 2943 sic
2355 2885 2418 2942 in
2444 2887 2718 2944 universo
2749 2902 2966 2957 genere
2994 2889 3265 2945 humano
3298 2905 3437 2945 cum
3462 2886 3723 2961 primum
3745 2886 3905 2944 dum

2161 3020 2203 3074 Β
2243 2975 2367 3032 ἰδίω
2414 2980 2724 3050 cmperunt
2748 2977 3053 3034 nascendo
3101 2982 3281 3052 atque
3308 2977 3619 3035 moriendo
3645 2992 3907 3050 procur-

2243 3080 2371 3122 rere
2401 3064 2687 3136 civitates,
2719 3065 2886 3138 prius
2911 3070 3000 3122 est
3041 3070 3219 3124 natus
3248 3066 3388 3123 civis
3440 3066 3622 3138 hujus
3672 3065 3900 3134 saeculi,

2242 3154 2538 3226 poaterius
2569 3155 2700 3226 [at.,
2727 3155 3042 3228 posterior]
3069 3160 3271 3212 autem
3309 3156 3419 3212 isto
3445 3155 3810 3228 peregrinus
3838 3156 3899 3212 in

2242 3243 2482 3315 saeculo,
2510 3249 2567 3301 et
2594 3245 2899 3317 pertinens
2932 3244 3012 3300 ad
3040 3245 3339 3302 civitatem
3369 3245 3489 3312 Dei,
3523 3245 3720 3316 gratia
3739 3261 3901 3317 prm-

2239 3333 2596 3405 destinatus,
2628 3334 2821 3406 gratia
2849 3332 3090 3406 electus,
3123 3334 3315 3404 gratia
3337 3334 3694 3407 peregrinus
3719 3333 3899 3390 deor—

2239 3439 2396 3491 sum,
2426 3423 2616 3494 gratia
2641 3423 2782 3480 civis
2805 3439 3068 3480 sursum.
3096 3427 3244 3480 Nam
3265 3428 3564 3497 quantum
3593 3423 3675 3480 ad
3694 3423 3901 3496 ipsum

2239 3512 2464 3580 attinet,
2497 3528 2571 3570 ex
2601 3511 2816 3569 eadem
2848 3527 3053 3569 massa
3108 3516 3299 3583 ortus,
3329 3527 3468 3585 quae
3522 3511 3903 3581 originaliter

2240 3606 2330 3657 est
2361 3604 2484 3658 tota
2513 3601 2803 3658 damnata
2828 3619 2840 3658 :
2872 3600 2977 3658 sed
3004 3606 3204 3658 tamen
3237 3601 3370 3673 [at.,
3401 3598 3720 3674 tanquam]
3742 3600 3899 3671 ﬁgu-

2237 3689 2331 3747 lus
2361 3692 2516 3746 Deus
2544 3691 2725 3762 (hanc
2745 3691 2904 3748 enim
2935 3690 3406 3757 similitudinem,
3435 3706 3562 3746 non
3581 3689 3901 3762 impuden-

2239 3783 2344 3848 ter,
2379 3779 2484 3836 sed
2505 3781 2830 3853 prudenter
2857 3780 3190 3838 introducit
3213 3779 3566 3853 Apostolus)
3587 3796 3659 3835 ex
3681 3779 3899 3834 eadem

2238 3886 2442 3927 massa
2469 3869 2603 3928 fecit
2632 3870 2798 3928 aliud
2821 3886 2929 3928 vas
2980 3869 3042 3926 in
3091 3870 3408 3936 honorem,
3469 3868 3635 3925 aliud
3663 3869 3721 3924 in
3745 3883 3900 3924 con-

2240 3958 2551 4016 tumeliam
2580 3960 2769 4031 (Rom.
2800 3977 2881 4028 ix,
2917 3961 3028 4032 2t).
3063 3959 3230 4016 Prius
3277 3964 3481 4015 autem
3528 3957 3755 4014 factum
3812 3962 3903 4013 est

2241 4064 2345 4106 vas
2371 4049 2432 4105 in
2462 4049 2912 4119 contumeliam,
2944 4052 3153 4122 postea
3182 4063 3324 4104 vero
3372 4047 3629 4104 alterum
3681 4047 3740 4103 in
3787 4047 3903 4102 ho-

2241 4153 2452 4194 norem
2477 4157 2490 4193 :
2527 4137 2670 4211 quia
2699 4144 2756 4195 et
2785 4137 2844 4194 in
2873 4137 3006 4210 ipso
3027 4153 3174 4204 uno,
3201 4136 3353 4193 sicut
3370 4136 3500 4208 jam
3531 4135 3678 4202 dixi,
3707 4135 3905 4191 homi-

2242 4242 2317 4283 ne
2346 4227 2512 4300 prius
2543 4231 2632 4284 est
2674 4226 3027 4301 reprobum,
3063 4225 3225 4300 unde
3260 4239 3507 4282 necesse
3537 4230 3628 4281 est
3653 4225 3902 4298 incipia-

2243 4331 2400 4385 mus,
2429 4320 2487 4374 et
2517 4315 2620 4373 ubi
2641 4331 2766 4373 non
2796 4320 2885 4374 est
2912 4331 3157 4372 necesse
3195 4318 3263 4371 ut
3283 4329 3732 4371 remaneamus.
3765 4316 3904 4369 Pos-

2245 4404 2423 4461 terius
2451 4421 2587 4462 vero
2613 4405 2896 4478 probum,
2928 4421 3053 4478 quo
3078 4403 3454 4477 proﬁcientes
3477 4403 3819 4469 veniamus,
3848 4407 3905 4458 et

2241 4510 2364 4569 quo
2384 4494 2797 4568 pervenientes
2826 4493 3230 4568 maneamus.]

2311 4583 2348 4651 Ἰ·
2376 4583 2538 4640 ldem
2569 4583 2631 4639 in
2654 4582 2808 4640 libro
2835 4582 2909 4639 de
2927 4581 3154 4656 Nuptiis
3167 4587 3224 4638 et
3250 4579 3748 4654 Concupiscentia
3770 4579 3897 4650 (lib.

2241 4691 2301 4740 ιι,
2333 4690 2468 4748 cap.
2502 4677 2593 4740 28,
2639 4675 2762 4747 29):
2798 4672 2980 4746 [Quid
3034 4687 3177 4742 ergo
3236 4675 3327 4727 est
3378 4669 3547 4744 quod
3608 4669 3774 4726 dicit:
3829 4667 3902 4725 Si

2242 4770 2470 4823 natura
2525 4780 2671 4836 opus
2703 4772 2788 4821 est
2818 4764 2950 4835 Dei,
2975 4777 3090 4833 per
3129 4777 3276 4832 opus
3317 4761 3432 4817 Dei
3483 4776 3634 4830 opus
3675 4758 3914 4815 diaboli

2245 4858 2506 4914 transire
2535 4871 2657 4911 non
2687 4855 2926 4910 sinitur.
2962 4855 3169 4908 Nonne
3199 4866 3357 4923 opus
3380 4849 3632 4920 diaboli,
3654 4849 3912 4922 quando

2243 4946 2507 5019 primum
2528 4945 2591 5000 in
2639 4942 2876 5014 angelo,
2909 4941 3014 5014 qui
3043 4939 3323 4996 diabolus
3353 4939 3545 4995 factus
3589 4944 3680 4995 est
3708 4945 3909 4994 ortum

2111 5069 2136 5081 -
2244 5039 2353 5100 est,
2386 5033 2448 5089 in
2467 5048 2649 5105 opere
2671 5032 2771 5088 Dei
2801 5036 3003 5088 ortum
3020 5030 3550 5101 ertTQuapropter
3576 5029 3628 5083 si
3650 5027 3911 5092 malum,

2241 5123 2411 5199 quod
2430 5121 2681 5179 omnino
2707 5135 3014 5193 nusquam
3061 5121 3207 5183 erat,
3267 5118 3327 5172 in
3378 5117 3480 5172 Dei
3525 5131 3713 5188 opere
3773 5115 3914 5172 oriri

2241 5211 2454 5288 potuit,
2487 5226 2594 5268 cur
2619 5208 2897 5288 malum,
2927 5205 3097 5280 quod
3146 5204 3370 5262 alicubi
3425 5205 3554 5275 jam
3608 5211 3760 5275 erat,
3807 5220 3913 5278 per

2240 5318 2396 5376 opus
2428 5299 2530 5356 Dei
2559 5297 2816 5356 transire
2847 5311 2972 5352 non
3001 5294 3217 5367 potuit,
3250 5293 3576 5366 przesertim
3607 5311 3756 5351 cum
3782 5297 3912 5368 ipso

2239 5393 2427 5448 verbo
2487 5393 2686 5447 utatur
2731 5384 3055 5460 Apostolus
3095 5384 3339 5440 dicens:
3391 5385 3470 5439 Et
3525 5386 3613 5441 ita
3669 5387 3738 5441 in
3796 5401 3912 5441 om-

2239 5497 2342 5538 nes
2393 5480 2654 5537 homines
2703 5475 3064 5548 pertransiit
3103 5475 3292 5540 (Rom.
3352 5489 3408 5542 v,
3467 5472 3569 5544 l2).
3627 5471 3913 5548 Nunquid

2245 5603 2384 5643 cum
2416 5586 2697 5668 pericope
2724 5584 2970 5656 Joannis
3014 5578 3174 5641 Scoti
3218 5595 3356 5652 quas
3405 5579 3466 5635 in
3513 5580 3913 5654 sequentibus

2233 5663 2571 5729 corrigitur,
2642 5671 2651 5678 '
