  <div class='ocr_page' id='page_1' title='image "/cluster/home/n/w/nwhite01/storage/ocr_20150623/115/hvd.32044054759790/610.png"; bbox 0 0 4128 6200; ppageno 0'>
   <div class='ocr_carea' id='block_1_1' title="bbox 271 135 412 190">
    <p class='ocr_par' dir='ltr' id='par_1_1' title="bbox 271 135 412 190">
     <span class='ocr_line' id='line_1_1' title="bbox 271 135 412 190; baseline 0.007 -1"><span class='ocrx_word' id='word_1_1' title='bbox 271 135 412 190; x_wconf 79' lang='lat' dir='ltr'><strong>i209</strong></span> 
     </span>
    </p>
   </div>
   <div class='ocr_carea' id='block_1_2' title="bbox 1198 131 2758 198">
    <p class='ocr_par' dir='ltr' id='par_1_2' title="bbox 1198 131 2758 198">
     <span class='ocr_line' id='line_1_2' title="bbox 1198 131 2758 198; baseline 0.003 -8"><span class='ocrx_word' id='word_1_2' title='bbox 1198 136 1287 190; x_wconf 87' lang='lat' dir='ltr'><strong>DE</strong></span> <span class='ocrx_word' id='word_1_3' title='bbox 1325 131 2015 192; x_wconf 65' lang='lat' dir='ltr'><strong>PRAEDESTINATIONE</strong></span> <span class='ocrx_word' id='word_1_4' title='bbox 2053 135 2330 195; x_wconf 79' lang='lat' dir='ltr'><strong>CONTRA</strong></span> <span class='ocrx_word' id='word_1_5' title='bbox 2368 140 2415 196; x_wconf 81' lang='lat' dir='ltr'><strong>J.</strong></span> <span class='ocrx_word' id='word_1_6' title='bbox 2456 138 2758 198; x_wconf 80' lang='lat' dir='ltr'><strong>SCOTUM.</strong></span> 
     </span>
    </p>
   </div>
   <div class='ocr_carea' id='block_1_3' title="bbox 3551 144 3690 202">
    <p class='ocr_par' dir='ltr' id='par_1_3' title="bbox 3551 144 3690 202">
     <span class='ocr_line' id='line_1_3' title="bbox 3551 144 3690 202; baseline 0.029 -4"><span class='ocrx_word' id='word_1_7' title='bbox 3551 144 3690 202; x_wconf 80' lang='lat' dir='ltr'><strong>mo</strong></span> 
     </span>
    </p>
   </div>
   <div class='ocr_carea' id='block_1_4' title="bbox 262 255 3689 338">
    <p class='ocr_par' dir='ltr' id='par_1_4' title="bbox 262 255 3689 338">
     <span class='ocr_line' id='line_1_4' title="bbox 262 255 3689 338; baseline 0.004 -26"><span class='ocrx_word' id='word_1_8' title='bbox 262 255 544 312; x_wconf 87' lang='lat' dir='ltr'><strong>homines</strong></span> <span class='ocrx_word' id='word_1_9' title='bbox 563 270 689 310; x_wconf 87' lang='lat' dir='ltr'><strong>non</strong></span> <span class='ocrx_word' id='word_1_10' title='bbox 720 262 860 313; x_wconf 90' lang='lat' dir='ltr'><strong>sunt</strong></span> <span class='ocrx_word' id='word_1_11' title='bbox 889 273 1044 330; x_wconf 89' lang='lat' dir='ltr'><strong>opus</strong></span> <span class='ocrx_word' id='word_1_12' title='bbox 1071 259 1169 314; x_wconf 90' lang='lat' dir='ltr'><strong>Dei</strong></span> <span class='ocrx_word' id='word_1_13' title='bbox 1194 260 1223 315; x_wconf 65' lang='grc' dir='ltr'><strong><em>Ἰ</em></strong></span> <span class='ocrx_word' id='word_1_14' title='bbox 1252 260 1590 317; x_wconf 88' lang='lat' dir='ltr'><strong>Pcrtransiit</strong></span> <span class='ocrx_word' id='word_1_15' title='bbox 1617 277 1758 332; x_wconf 87' lang='lat' dir='ltr'><strong>ergo</strong></span> <span class='ocrx_word' id='word_1_16' title='bbox 1789 277 1922 334; x_wconf 89' lang='lat' dir='ltr'><strong>pec-</strong></span> <span class='ocrx_word' id='word_1_17' title='bbox 1952 261 2001 315; x_wconf 85' lang='grc' dir='ltr'><strong>Α</strong></span> <span class='ocrx_word' id='word_1_18' title='bbox 2029 277 2218 319; x_wconf 88' lang='lat' dir='ltr'><strong>manu</strong></span> <span class='ocrx_word' id='word_1_19' title='bbox 2247 264 2595 336; x_wconf 86' lang='lat' dir='ltr'><strong>gubernatae</strong></span> <span class='ocrx_word' id='word_1_20' title='bbox 2617 267 2775 331; x_wconf 91' lang='lat' dir='ltr'><strong>sunt,</strong></span> <span class='ocrx_word' id='word_1_21' title='bbox 2809 265 2914 338; x_wconf 89' lang='lat' dir='ltr'><strong>qui</strong></span> <span class='ocrx_word' id='word_1_22' title='bbox 2937 265 3232 336; x_wconf 81' lang='lat' dir='ltr'><strong>gubernat</strong></span> <span class='ocrx_word' id='word_1_23' title='bbox 3257 281 3504 338; x_wconf 89' lang='lat' dir='ltr'><strong>aquam,</strong></span> <span class='ocrx_word' id='word_1_24' title='bbox 3537 267 3689 325; x_wconf 87' lang='lat' dir='ltr'>sicut</span> 
     </span>
    </p>
   </div>
   <div class='ocr_carea' id='block_1_5' title="bbox 260 343 1921 424">
    <p class='ocr_par' dir='ltr' id='par_1_5' title="bbox 260 343 1921 424">
     <span class='ocr_line' id='line_1_5' title="bbox 260 343 1921 424; baseline 0.002 -23"><span class='ocrx_word' id='word_1_25' title='bbox 260 347 466 401; x_wconf 90' lang='lat' dir='ltr'><strong>catum</strong></span> <span class='ocrx_word' id='word_1_26' title='bbox 491 359 599 416; x_wconf 91' lang='lat' dir='ltr'><strong>per</strong></span> <span class='ocrx_word' id='word_1_27' title='bbox 622 343 922 413; x_wconf 84' lang='lat' dir='ltr'><strong>homines,</strong></span> <span class='ocrx_word' id='word_1_28' title='bbox 946 347 1060 402; x_wconf 90' lang='lat' dir='ltr'><strong>hoc</strong></span> <span class='ocrx_word' id='word_1_29' title='bbox 1090 352 1181 403; x_wconf 90' lang='lat' dir='ltr'><strong>est</strong></span> <span class='ocrx_word' id='word_1_30' title='bbox 1201 363 1354 421; x_wconf 92' lang='lat' dir='ltr'><strong>opus</strong></span> <span class='ocrx_word' id='word_1_31' title='bbox 1385 349 1607 406; x_wconf 89' lang='lat' dir='ltr'><strong>diaboli</strong></span> <span class='ocrx_word' id='word_1_32' title='bbox 1632 366 1740 424; x_wconf 88' lang='lat' dir='ltr'><strong>per</strong></span> <span class='ocrx_word' id='word_1_33' title='bbox 1767 365 1921 422; x_wconf 92' lang='lat' dir='ltr'><strong>opus</strong></span> 
     </span>
    </p>
   </div>
   <div class='ocr_carea' id='block_1_6' title="bbox 259 433 1922 512">
    <p class='ocr_par' dir='ltr' id='par_1_6' title="bbox 259 433 1922 512">
     <span class='ocr_line' id='line_1_6' title="bbox 259 433 1922 512; baseline 0.004 -22"><span class='ocrx_word' id='word_1_34' title='bbox 259 433 361 490; x_wconf 89' lang='lat' dir='ltr'><strong>Dei</strong></span> <span class='ocrx_word' id='word_1_35' title='bbox 389 451 402 502; x_wconf 91' lang='lat'><strong>;</strong></span> <span class='ocrx_word' id='word_1_36' title='bbox 436 436 618 505; x_wconf 86' lang='lat' dir='ltr'><strong>atque</strong></span> <span class='ocrx_word' id='word_1_37' title='bbox 642 438 707 489; x_wconf 91' lang='lat' dir='ltr'><strong>ut</strong></span> <span class='ocrx_word' id='word_1_38' title='bbox 726 433 843 490; x_wconf 92' lang='lat' dir='ltr'><strong>alio</strong></span> <span class='ocrx_word' id='word_1_39' title='bbox 868 435 1052 492; x_wconf 92' lang='lat' dir='ltr'><strong>modo</strong></span> <span class='ocrx_word' id='word_1_40' title='bbox 1071 436 1134 492; x_wconf 90' lang='lat' dir='ltr'><strong>id</strong></span> <span class='ocrx_word' id='word_1_41' title='bbox 1163 436 1365 510; x_wconf 90' lang='lat' dir='ltr'><strong>ipsum</strong></span> <span class='ocrx_word' id='word_1_42' title='bbox 1388 438 1588 496; x_wconf 90' lang='lat' dir='ltr'><strong>dicam</strong></span> <span class='ocrx_word' id='word_1_43' title='bbox 1610 439 1780 512; x_wconf 91' lang='lat' dir='ltr'><strong>(quia</strong></span> <span class='ocrx_word' id='word_1_44' title='bbox 1799 439 1922 496; x_wconf 89' lang='lat' dir='ltr'><strong>dia-</strong></span> 
     </span>
    </p>
   </div>
   <div class='ocr_carea' id='block_1_7' title="bbox 256 521 1920 599">
    <p class='ocr_par' dir='ltr' id='par_1_7' title="bbox 256 521 1920 599">
     <span class='ocr_line' id='line_1_7' title="bbox 256 521 1920 599; baseline 0.002 -20"><span class='ocrx_word' id='word_1_45' title='bbox 256 522 383 579; x_wconf 89' lang='lat' dir='ltr'><strong>boli</strong></span> <span class='ocrx_word' id='word_1_46' title='bbox 416 537 591 594; x_wconf 91' lang='lat' dir='ltr'><strong>opus,</strong></span> <span class='ocrx_word' id='word_1_47' title='bbox 624 521 686 576; x_wconf 92' lang='lat' dir='ltr'><strong>id</strong></span> <span class='ocrx_word' id='word_1_48' title='bbox 715 527 804 578; x_wconf 89' lang='lat' dir='ltr'><strong>est</strong></span> <span class='ocrx_word' id='word_1_49' title='bbox 841 529 1179 596; x_wconf 86' lang='lat' dir='ltr'><strong>peccatum,</strong></span> <span class='ocrx_word' id='word_1_50' title='bbox 1221 541 1329 599; x_wconf 90' lang='lat' dir='ltr'><strong>per</strong></span> <span class='ocrx_word' id='word_1_51' title='bbox 1363 527 1562 599; x_wconf 91' lang='lat' dir='ltr'><strong>ipsum</strong></span> <span class='ocrx_word' id='word_1_52' title='bbox 1607 527 1920 584; x_wconf 82' lang='lat' dir='ltr'><strong>diabolum</strong></span> 
     </span>
    </p>
   </div>
   <div class='ocr_carea' id='block_1_8' title="bbox 229 610 1920 690">
    <p class='ocr_par' dir='ltr' id='par_1_8' title="bbox 229 610 1920 690">
     <span class='ocr_line' id='line_1_8' title="bbox 229 610 1920 690; baseline 0.001 -20"><span class='ocrx_word' id='word_1_53' title='bbox 229 615 554 675; x_wconf 84' lang='lat' dir='ltr'><strong>’exortum,</strong></span> <span class='ocrx_word' id='word_1_54' title='bbox 594 610 700 683; x_wconf 89' lang='lat' dir='ltr'><strong>qui</strong></span> <span class='ocrx_word' id='word_1_55' title='bbox 742 611 972 668; x_wconf 86' lang='lat' dir='ltr'><strong>factura</strong></span> <span class='ocrx_word' id='word_1_56' title='bbox 1011 614 1105 670; x_wconf 90' lang='lat' dir='ltr'><strong>vel</strong></span> <span class='ocrx_word' id='word_1_57' title='bbox 1146 631 1301 687; x_wconf 88' lang='lat' dir='ltr'><strong>opus</strong></span> <span class='ocrx_word' id='word_1_58' title='bbox 1345 621 1434 672; x_wconf 91' lang='lat' dir='ltr'><strong>est</strong></span> <span class='ocrx_word' id='word_1_59' title='bbox 1463 617 1584 683; x_wconf 91' lang='lat' dir='ltr'><strong>Dei,</strong></span> <span class='ocrx_word' id='word_1_60' title='bbox 1625 633 1734 690; x_wconf 89' lang='lat' dir='ltr'><strong>per</strong></span> <span class='ocrx_word' id='word_1_61' title='bbox 1758 616 1920 672; x_wconf 87' lang='lat' dir='ltr'>aliud</span> 
     </span>
    </p>
   </div>
   <div class='ocr_carea' id='block_1_9' title="bbox 254 699 1921 778">
    <p class='ocr_par' dir='ltr' id='par_1_9' title="bbox 254 699 1921 778">
     <span class='ocr_line' id='line_1_9' title="bbox 254 699 1921 778; baseline 0 -21"><span class='ocrx_word' id='word_1_62' title='bbox 254 718 411 774; x_wconf 90' lang='lat' dir='ltr'><strong>opus</strong></span> <span class='ocrx_word' id='word_1_63' title='bbox 435 699 558 772; x_wconf 85' lang='lat' dir='ltr'><strong>Dei,</strong></span> <span class='ocrx_word' id='word_1_64' title='bbox 584 699 648 755; x_wconf 89' lang='lat' dir='ltr'><strong>id</strong></span> <span class='ocrx_word' id='word_1_65' title='bbox 675 705 763 756; x_wconf 89' lang='lat' dir='ltr'><strong>est</strong></span> <span class='ocrx_word' id='word_1_66' title='bbox 793 701 1123 766; x_wconf 90' lang='lat' dir='ltr'><strong>hominem,</strong></span> <span class='ocrx_word' id='word_1_67' title='bbox 1142 704 1504 776; x_wconf 77' lang='lat' dir='ltr'><strong>pertransit),</strong></span> <span class='ocrx_word' id='word_1_68' title='bbox 1537 721 1692 778; x_wconf 90' lang='lat' dir='ltr'><strong>opus</strong></span> <span class='ocrx_word' id='word_1_69' title='bbox 1723 702 1921 776; x_wconf 89' lang='lat' dir='ltr'><strong>operis</strong></span> 
     </span>
    </p>
   </div>
   <div class='ocr_carea' id='block_1_10' title="bbox 253 789 1922 862">
    <p class='ocr_par' dir='ltr' id='par_1_10' title="bbox 253 789 1922 862">
     <span class='ocr_line' id='line_1_10' title="bbox 253 789 1922 862; baseline 0.002 -16"><span class='ocrx_word' id='word_1_70' title='bbox 253 790 356 846; x_wconf 89' lang='lat' dir='ltr'><strong>Dei</strong></span> <span class='ocrx_word' id='word_1_71' title='bbox 389 805 499 862; x_wconf 90' lang='lat' dir='ltr'><strong>per</strong></span> <span class='ocrx_word' id='word_1_72' title='bbox 528 805 683 862; x_wconf 91' lang='lat' dir='ltr'><strong>opus</strong></span> <span class='ocrx_word' id='word_1_73' title='bbox 715 789 835 845; x_wconf 91' lang='lat' dir='ltr'><strong>Dei.</strong></span> <span class='ocrx_word' id='word_1_74' title='bbox 879 793 945 847; x_wconf 87' lang='lat' dir='ltr'><strong>Et</strong></span> <span class='ocrx_word' id='word_1_75' title='bbox 971 791 1107 848; x_wconf 92' lang='lat' dir='ltr'><strong>ideo</strong></span> <span class='ocrx_word' id='word_1_76' title='bbox 1143 797 1292 849; x_wconf 90' lang='lat' dir='ltr'><strong>Deus</strong></span> <span class='ocrx_word' id='word_1_77' title='bbox 1335 799 1424 850; x_wconf 91' lang='lat' dir='ltr'><strong>est</strong></span> <span class='ocrx_word' id='word_1_78' title='bbox 1451 794 1612 850; x_wconf 89' lang='lat' dir='ltr'><strong>solus</strong></span> <span class='ocrx_word' id='word_1_79' title='bbox 1644 795 1922 850; x_wconf 85' lang='lat' dir='ltr'><strong>immuta&quot;</strong></span> 
     </span>
    </p>
   </div>
   <div class='ocr_carea' id='block_1_11' title="bbox 249 879 1920 956">
    <p class='ocr_par' dir='ltr' id='par_1_11' title="bbox 249 879 1920 956">
     <span class='ocr_line' id='line_1_11' title="bbox 249 879 1920 956; baseline 0.001 -20"><span class='ocrx_word' id='word_1_80' title='bbox 249 879 408 946; x_wconf 86' lang='lat' dir='ltr'><strong>bilis,</strong></span> <span class='ocrx_word' id='word_1_81' title='bbox 461 882 518 934; x_wconf 89' lang='lat' dir='ltr'><strong>et</strong></span> <span class='ocrx_word' id='word_1_82' title='bbox 559 879 991 951; x_wconf 71' lang='lat' dir='ltr'><strong>potentissimae</strong></span> <span class='ocrx_word' id='word_1_83' title='bbox 1035 881 1340 947; x_wconf 87' lang='lat' dir='ltr'><strong>bonitatis,</strong></span> <span class='ocrx_word' id='word_1_84' title='bbox 1374 883 1478 956; x_wconf 86' lang='lat' dir='ltr'>qui</span> <span class='ocrx_word' id='word_1_85' title='bbox 1507 887 1564 940; x_wconf 87' lang='lat' dir='ltr'><strong>ct</strong></span> <span class='ocrx_word' id='word_1_86' title='bbox 1592 888 1920 956; x_wconf 83' lang='lat' dir='ltr'><strong>antequam</strong></span> 
     </span>
    </p>
   </div>
   <div class='ocr_carea' id='block_1_12' title="bbox 251 966 1918 1044">
    <p class='ocr_par' dir='ltr' id='par_1_12' title="bbox 251 966 1918 1044">
     <span class='ocr_line' id='line_1_12' title="bbox 251 966 1918 1044; baseline 0.002 -20"><span class='ocrx_word' id='word_1_87' title='bbox 251 971 406 1024; x_wconf 88' lang='lat' dir='ltr'><strong>esset</strong></span> <span class='ocrx_word' id='word_1_88' title='bbox 435 966 623 1022; x_wconf 91' lang='lat' dir='ltr'><strong>ullum</strong></span> <span class='ocrx_word' id='word_1_89' title='bbox 651 967 903 1036; x_wconf 91' lang='lat' dir='ltr'><strong>malum,</strong></span> <span class='ocrx_word' id='word_1_90' title='bbox 934 969 1096 1026; x_wconf 90' lang='lat' dir='ltr'><strong>bona</strong></span> <span class='ocrx_word' id='word_1_91' title='bbox 1125 986 1310 1044; x_wconf 82' lang='lat' dir='ltr'><strong>opera</strong></span> <span class='ocrx_word' id='word_1_92' title='bbox 1335 971 1472 1028; x_wconf 83' lang='lat' dir='ltr'><strong>fecit</strong></span> <span class='ocrx_word' id='word_1_93' title='bbox 1499 972 1724 1039; x_wconf 89' lang='lat' dir='ltr'><strong>omnia,</strong></span> <span class='ocrx_word' id='word_1_94' title='bbox 1757 975 1814 1027; x_wconf 91' lang='lat' dir='ltr'><strong>et</strong></span> <span class='ocrx_word' id='word_1_95' title='bbox 1842 971 1918 1027; x_wconf 91' lang='lat' dir='ltr'><strong>de</strong></span> 
     </span>
    </p>
   </div>
   <div class='ocr_carea' id='block_1_13' title="bbox 246 1056 1916 1130">
    <p class='ocr_par' dir='ltr' id='par_1_13' title="bbox 246 1056 1916 1130">
     <span class='ocr_line' id='line_1_13' title="bbox 246 1056 1916 1130; baseline 0.001 -15"><span class='ocrx_word' id='word_1_96' title='bbox 246 1058 426 1115; x_wconf 88' lang='lat' dir='ltr'><strong>malis</strong></span> <span class='ocrx_word' id='word_1_97' title='bbox 473 1072 611 1130; x_wconf 72' lang='lat' dir='ltr'><strong>quaa</strong></span> <span class='ocrx_word' id='word_1_98' title='bbox 641 1057 702 1113; x_wconf 92' lang='lat' dir='ltr'><strong>in</strong></span> <span class='ocrx_word' id='word_1_99' title='bbox 731 1056 908 1114; x_wconf 89' lang='lat' dir='ltr'><strong>bonis</strong></span> <span class='ocrx_word' id='word_1_100' title='bbox 953 1058 1032 1115; x_wconf 89' lang='lat' dir='ltr'><strong>ab</strong></span> <span class='ocrx_word' id='word_1_101' title='bbox 1075 1075 1146 1116; x_wconf 91' lang='lat' dir='ltr'><strong>eo</strong></span> <span class='ocrx_word' id='word_1_102' title='bbox 1190 1060 1362 1117; x_wconf 86' lang='lat' dir='ltr'><strong>factis</strong></span> <span class='ocrx_word' id='word_1_103' title='bbox 1401 1067 1531 1118; x_wconf 89' lang='lat' dir='ltr'><strong>orta</strong></span> <span class='ocrx_word' id='word_1_104' title='bbox 1574 1065 1730 1127; x_wconf 91' lang='lat' dir='ltr'><strong>sunt,</strong></span> <span class='ocrx_word' id='word_1_105' title='bbox 1762 1060 1916 1117; x_wconf 88' lang='lat' dir='ltr'><strong>bene</strong></span> 
     </span>
    </p>
   </div>
   <div class='ocr_carea' id='block_1_14' title="bbox 249 1147 918 1222">
    <p class='ocr_par' dir='ltr' id='par_1_14' title="bbox 249 1147 918 1222">
     <span class='ocr_line' id='line_1_14' title="bbox 249 1147 918 1222; baseline 0 -18"><span class='ocrx_word' id='word_1_106' title='bbox 249 1152 532 1222; x_wconf 84' lang='lat' dir='ltr'><strong>operatur</strong></span> <span class='ocrx_word' id='word_1_107' title='bbox 561 1162 667 1219; x_wconf 89' lang='lat' dir='ltr'><strong>per</strong></span> <span class='ocrx_word' id='word_1_108' title='bbox 691 1147 918 1204; x_wconf 90' lang='lat' dir='ltr'><strong>omnia.</strong></span> 
     </span>
    </p>
   </div>
   <div class='ocr_carea' id='block_1_15' title="bbox 321 1236 1912 1313">
    <p class='ocr_par' dir='ltr' id='par_1_15' title="bbox 321 1236 1912 1313">
     <span class='ocr_line' id='line_1_15' title="bbox 321 1236 1912 1313; baseline 0.002 -19"><span class='ocrx_word' id='word_1_109' title='bbox 321 1242 386 1294; x_wconf 92' lang='lat' dir='ltr'><strong>ln</strong></span> <span class='ocrx_word' id='word_1_110' title='bbox 414 1253 557 1301; x_wconf 89' lang='lat' dir='ltr'><strong>uno,</strong></span> <span class='ocrx_word' id='word_1_111' title='bbox 590 1236 806 1310; x_wconf 86' lang='lat' dir='ltr'><strong>inquit,</strong></span> <span class='ocrx_word' id='word_1_112' title='bbox 834 1236 1078 1294; x_wconf 88' lang='lat' dir='ltr'><strong>homine</strong></span> <span class='ocrx_word' id='word_1_113' title='bbox 1099 1238 1232 1310; x_wconf 91' lang='lat' dir='ltr'><strong>jure</strong></span> <span class='ocrx_word' id='word_1_114' title='bbox 1254 1239 1622 1313; x_wconf 82' lang='lat' dir='ltr'><strong>vituperatur</strong></span> <span class='ocrx_word' id='word_1_115' title='bbox 1645 1241 1912 1310; x_wconf 88' lang='lat' dir='ltr'><strong>intentio,</strong></span> 
     </span>
    </p>
   </div>
   <div class='ocr_carea' id='block_1_16' title="bbox 247 1327 1916 1405">
    <p class='ocr_par' dir='ltr' id='par_1_16' title="bbox 247 1327 1916 1405">
     <span class='ocr_line' id='line_1_16' title="bbox 247 1327 1916 1405; baseline 0.002 -20"><span class='ocrx_word' id='word_1_116' title='bbox 247 1334 303 1385; x_wconf 92' lang='lat' dir='ltr'><strong>et</strong></span> <span class='ocrx_word' id='word_1_117' title='bbox 331 1328 498 1399; x_wconf 82' lang='lat' dir='ltr'><strong>origo</strong></span> <span class='ocrx_word' id='word_1_118' title='bbox 526 1327 824 1395; x_wconf 86' lang='lat' dir='ltr'><strong>laudatur,</strong></span> <span class='ocrx_word' id='word_1_119' title='bbox 849 1327 995 1401; x_wconf 86' lang='lat' dir='ltr'><strong>quia</strong></span> <span class='ocrx_word' id='word_1_120' title='bbox 1011 1329 1132 1385; x_wconf 93' lang='lat' dir='ltr'><strong>duo</strong></span> <span class='ocrx_word' id='word_1_121' title='bbox 1157 1335 1452 1404; x_wconf 71' lang='lat' dir='ltr'><strong>suntquae</strong></span> <span class='ocrx_word' id='word_1_122' title='bbox 1480 1331 1792 1388; x_wconf 89' lang='lat' dir='ltr'><strong>contrariis</strong></span> <span class='ocrx_word' id='word_1_123' title='bbox 1812 1348 1916 1405; x_wconf 86' lang='lat' dir='ltr'><strong>ap-</strong></span> 
     </span>
    </p>
   </div>
   <div class='ocr_carea' id='block_1_17' title="bbox 241 1416 1914 1492">
    <p class='ocr_par' dir='ltr' id='par_1_17' title="bbox 241 1416 1914 1492">
     <span class='ocr_line' id='line_1_17' title="bbox 241 1416 1914 1492; baseline 0.002 -18"><span class='ocrx_word' id='word_1_124' title='bbox 241 1417 537 1492; x_wconf 89' lang='lat' dir='ltr'><strong>plicentur</strong></span> <span class='ocrx_word' id='word_1_125' title='bbox 561 1434 574 1472; x_wconf 88' lang='lat'><strong>:</strong></span> <span class='ocrx_word' id='word_1_126' title='bbox 602 1416 662 1472; x_wconf 92' lang='lat' dir='ltr'><strong>in</strong></span> <span class='ocrx_word' id='word_1_127' title='bbox 686 1416 938 1489; x_wconf 90' lang='lat' dir='ltr'><strong>parvulo</strong></span> <span class='ocrx_word' id='word_1_128' title='bbox 963 1421 1164 1474; x_wconf 89' lang='lat' dir='ltr'><strong>autem</strong></span> <span class='ocrx_word' id='word_1_129' title='bbox 1187 1435 1377 1475; x_wconf 91' lang='lat' dir='ltr'><strong>unum</strong></span> <span class='ocrx_word' id='word_1_130' title='bbox 1407 1425 1514 1490; x_wconf 92' lang='lat' dir='ltr'><strong>est,</strong></span> <span class='ocrx_word' id='word_1_131' title='bbox 1539 1423 1759 1477; x_wconf 88' lang='lat' dir='ltr'><strong>natura</strong></span> <span class='ocrx_word' id='word_1_132' title='bbox 1784 1426 1914 1478; x_wconf 88' lang='lat' dir='ltr'><strong>tan-</strong></span> 
     </span>
    </p>
   </div>
   <div class='ocr_carea' id='block_1_18' title="bbox 241 1503 1913 1579">
    <p class='ocr_par' dir='ltr' id='par_1_18' title="bbox 241 1503 1913 1579">
     <span class='ocr_line' id='line_1_18' title="bbox 241 1503 1913 1579; baseline -0.001 -17"><span class='ocrx_word' id='word_1_133' title='bbox 241 1517 391 1574; x_wconf 87' lang='lat' dir='ltr'><strong>tum,</strong></span> <span class='ocrx_word' id='word_1_134' title='bbox 423 1505 568 1579; x_wconf 89' lang='lat' dir='ltr'><strong>quia</strong></span> <span class='ocrx_word' id='word_1_135' title='bbox 596 1503 875 1561; x_wconf 86' lang='lat' dir='ltr'><strong>voluntas</strong></span> <span class='ocrx_word' id='word_1_136' title='bbox 904 1520 1028 1562; x_wconf 91' lang='lat' dir='ltr'><strong>non</strong></span> <span class='ocrx_word' id='word_1_137' title='bbox 1055 1509 1164 1562; x_wconf 88' lang='lat' dir='ltr'><strong>est.</strong></span> <span class='ocrx_word' id='word_1_138' title='bbox 1210 1507 1357 1562; x_wconf 89' lang='lat' dir='ltr'><strong>Illud</strong></span> <span class='ocrx_word' id='word_1_139' title='bbox 1390 1524 1533 1578; x_wconf 88' lang='lat' dir='ltr'><strong>ergo</strong></span> <span class='ocrx_word' id='word_1_140' title='bbox 1566 1525 1776 1579; x_wconf 89' lang='lat' dir='ltr'><strong>unum,</strong></span> <span class='ocrx_word' id='word_1_141' title='bbox 1819 1509 1913 1564; x_wconf 90' lang='lat' dir='ltr'><strong>in-</strong></span> 
     </span>
    </p>
   </div>
   <div class='ocr_carea' id='block_1_19' title="bbox 2030 352 3688 428">
    <p class='ocr_par' dir='ltr' id='par_1_19' title="bbox 2030 352 3688 428">
     <span class='ocr_line' id='line_1_19' title="bbox 2030 352 3688 428; baseline 0.004 -22"><span class='ocrx_word' id='word_1_142' title='bbox 2030 352 2318 425; x_wconf 89' lang='lat' dir='ltr'><strong>scriptum</strong></span> <span class='ocrx_word' id='word_1_143' title='bbox 2360 359 2451 410; x_wconf 90' lang='lat' dir='ltr'><strong>est</strong></span> <span class='ocrx_word' id='word_1_144' title='bbox 2491 355 2660 426; x_wconf 67' lang='lat' dir='ltr'><strong>(Luc‘.</strong></span> <span class='ocrx_word' id='word_1_145' title='bbox 2705 371 2828 420; x_wconf 87' lang='lat' dir='ltr'><strong>vm,</strong></span> <span class='ocrx_word' id='word_1_146' title='bbox 2858 357 2948 420; x_wconf 64' lang='lat'><strong>24,</strong></span> <span class='ocrx_word' id='word_1_147' title='bbox 2989 354 3102 426; x_wconf 77' lang='lat'><strong>25),</strong></span> <span class='ocrx_word' id='word_1_148' title='bbox 3149 353 3403 426; x_wconf 87' lang='lat' dir='ltr'><strong>qualiter</strong></span> <span class='ocrx_word' id='word_1_149' title='bbox 3450 354 3530 410; x_wconf 90' lang='lat' dir='ltr'><strong>illi</strong></span> <span class='ocrx_word' id='word_1_150' title='bbox 3561 356 3688 428; x_wconf 91' lang='lat' dir='ltr'><strong>pla-</strong></span> 
     </span>
    </p>
   </div>
   <div class='ocr_carea' id='block_1_20' title="bbox 2027 441 3685 515">
    <p class='ocr_par' dir='ltr' id='par_1_20' title="bbox 2027 441 3685 515">
     <span class='ocr_line' id='line_1_20' title="bbox 2027 441 3685 515; baseline 0.004 -19"><span class='ocrx_word' id='word_1_151' title='bbox 2027 441 2230 498; x_wconf 90' lang='lat' dir='ltr'><strong>cuerit.</strong></span> <span class='ocrx_word' id='word_1_152' title='bbox 2274 442 2484 500; x_wconf 86' lang='lat' dir='ltr'><strong>Fluitat</strong></span> <span class='ocrx_word' id='word_1_153' title='bbox 2521 443 2683 499; x_wconf 91' lang='lat' dir='ltr'><strong>enim</strong></span> <span class='ocrx_word' id='word_1_154' title='bbox 2724 443 2996 500; x_wconf 92' lang='lat' dir='ltr'><strong>humana</strong></span> <span class='ocrx_word' id='word_1_155' title='bbox 3034 442 3328 499; x_wconf 89' lang='lat' dir='ltr'><strong>memoria</strong></span> <span class='ocrx_word' id='word_1_156' title='bbox 3357 459 3463 515; x_wconf 89' lang='lat' dir='ltr'><strong>per</strong></span> <span class='ocrx_word' id='word_1_157' title='bbox 3486 444 3685 502; x_wconf 88' lang='lat' dir='ltr'><strong>varias</strong></span> 
     </span>
    </p>
   </div>
   <div class='ocr_carea' id='block_1_21' title="bbox 2027 530 3684 605">
    <p class='ocr_par' dir='ltr' id='par_1_21' title="bbox 2027 530 3684 605">
     <span class='ocr_line' id='line_1_21' title="bbox 2027 530 3684 605; baseline 0.004 -21"><span class='ocrx_word' id='word_1_158' title='bbox 2027 530 2436 601; x_wconf 87' lang='lat' dir='ltr'><strong>cogitationes,</strong></span> <span class='ocrx_word' id='word_1_159' title='bbox 2469 549 2578 589; x_wconf 91' lang='lat' dir='ltr'><strong>nec</strong></span> <span class='ocrx_word' id='word_1_160' title='bbox 2617 532 2679 588; x_wconf 93' lang='lat' dir='ltr'><strong>in</strong></span> <span class='ocrx_word' id='word_1_161' title='bbox 2716 534 3079 605; x_wconf 87' lang='lat' dir='ltr'><strong>cujusquam</strong></span> <span class='ocrx_word' id='word_1_162' title='bbox 3108 536 3398 604; x_wconf 89' lang='lat' dir='ltr'><strong>potestate</strong></span> <span class='ocrx_word' id='word_1_163' title='bbox 3425 532 3684 605; x_wconf 87' lang='lat' dir='ltr'><strong>estquid</strong></span> 
     </span>
    </p>
   </div>
   <div class='ocr_carea' id='block_1_22' title="bbox 2026 620 3686 691">
    <p class='ocr_par' dir='ltr' id='par_1_22' title="bbox 2026 620 3686 691">
     <span class='ocr_line' id='line_1_22' title="bbox 2026 620 3686 691; baseline 0.001 -16"><span class='ocrx_word' id='word_1_164' title='bbox 2026 621 2086 675; x_wconf 87' lang='lat' dir='ltr'><strong>et</strong></span> <span class='ocrx_word' id='word_1_165' title='bbox 2118 620 2366 691; x_wconf 84' lang='lat' dir='ltr'><strong>quando</strong></span> <span class='ocrx_word' id='word_1_166' title='bbox 2396 621 2449 676; x_wconf 92' lang='lat' dir='ltr'><strong>ei</strong></span> <span class='ocrx_word' id='word_1_167' title='bbox 2479 621 2678 678; x_wconf 87' lang='lat' dir='ltr'><strong>veniat</strong></span> <span class='ocrx_word' id='word_1_168' title='bbox 2704 622 2766 677; x_wconf 90' lang='lat' dir='ltr'><strong>in</strong></span> <span class='ocrx_word' id='word_1_169' title='bbox 2795 625 3077 678; x_wconf 89' lang='lat' dir='ltr'><strong>mentem.</strong></span> <span class='ocrx_word' id='word_1_170' title='bbox 3110 623 3258 676; x_wconf 93' lang='lat' dir='ltr'><strong>Cum</strong></span> <span class='ocrx_word' id='word_1_171' title='bbox 3289 637 3431 691; x_wconf 90' lang='lat' dir='ltr'><strong>ergo</strong></span> <span class='ocrx_word' id='word_1_172' title='bbox 3459 621 3512 676; x_wconf 92' lang='lat' dir='ltr'><strong>ei</strong></span> <span class='ocrx_word' id='word_1_173' title='bbox 3537 620 3686 678; x_wconf 87' lang='lat' dir='ltr'><strong>scili-</strong></span> 
     </span>
    </p>
   </div>
   <div class='ocr_carea' id='block_1_23' title="bbox 2027 710 3682 783">
    <p class='ocr_par' dir='ltr' id='par_1_23' title="bbox 2027 710 3682 783">
     <span class='ocr_line' id='line_1_23' title="bbox 2027 710 3682 783; baseline 0.001 -19"><span class='ocrx_word' id='word_1_174' title='bbox 2027 713 2119 764; x_wconf 91' lang='lat' dir='ltr'><strong>cet</strong></span> <span class='ocrx_word' id='word_1_175' title='bbox 2143 710 2274 780; x_wconf 89' lang='lat' dir='ltr'><strong>[al.,</strong></span> <span class='ocrx_word' id='word_1_176' title='bbox 2309 710 2498 767; x_wconf 88' lang='lat' dir='ltr'><strong>sancti</strong></span> <span class='ocrx_word' id='word_1_177' title='bbox 2520 711 2597 781; x_wconf 89' lang='lat' dir='ltr'><strong>et]</strong></span> <span class='ocrx_word' id='word_1_178' title='bbox 2617 727 2857 767; x_wconf 83' lang='lat' dir='ltr'><strong>veraces</strong></span> <span class='ocrx_word' id='word_1_179' title='bbox 2881 711 2990 766; x_wconf 91' lang='lat' dir='ltr'><strong>viri</strong></span> <span class='ocrx_word' id='word_1_180' title='bbox 3019 711 3195 783; x_wconf 91' lang='lat' dir='ltr'><strong>quasi</strong></span> <span class='ocrx_word' id='word_1_181' title='bbox 3219 711 3458 767; x_wconf 86' lang='lat' dir='ltr'><strong>fortuita</strong></span> <span class='ocrx_word' id='word_1_182' title='bbox 3485 727 3682 767; x_wconf 92' lang='lat' dir='ltr'><strong>recor-</strong></span> 
     </span>
    </p>
   </div>
   <div class='ocr_carea' id='block_1_24' title="bbox 2025 796 3684 872">
    <p class='ocr_par' dir='ltr' id='par_1_24' title="bbox 2025 796 3684 872">
     <span class='ocr_line' id='line_1_24' title="bbox 2025 796 3684 872; baseline 0.002 -19"><span class='ocrx_word' id='word_1_183' title='bbox 2025 796 2342 854; x_wconf 91' lang='lat' dir='ltr'><strong>dationum</strong></span> <span class='ocrx_word' id='word_1_184' title='bbox 2392 815 2639 855; x_wconf 90' lang='lat' dir='ltr'><strong>suarum</strong></span> <span class='ocrx_word' id='word_1_185' title='bbox 2695 803 2940 872; x_wconf 88' lang='lat' dir='ltr'><strong>propter</strong></span> <span class='ocrx_word' id='word_1_186' title='bbox 2984 799 3342 856; x_wconf 86' lang='lat' dir='ltr'><strong>narrationis</strong></span> <span class='ocrx_word' id='word_1_187' title='bbox 3408 799 3684 856; x_wconf 88' lang='lat' dir='ltr'><strong>ordinem</strong></span> 
     </span>
    </p>
   </div>
   <div class='ocr_carea' id='block_1_25' title="bbox 2025 887 3684 960">
    <p class='ocr_par' dir='ltr' id='par_1_25' title="bbox 2025 887 3684 960">
     <span class='ocr_line' id='line_1_25' title="bbox 2025 887 3684 960; baseline 0.002 -17"><span class='ocrx_word' id='word_1_188' title='bbox 2025 887 2272 944; x_wconf 73' lang='lat' dir='ltr'><strong>occultae</strong></span> <span class='ocrx_word' id='word_1_189' title='bbox 2297 888 2399 944; x_wconf 89' lang='lat' dir='ltr'><strong>Dei</strong></span> <span class='ocrx_word' id='word_1_190' title='bbox 2428 889 2723 960; x_wconf 89' lang='lat' dir='ltr'><strong>potestati,</strong></span> <span class='ocrx_word' id='word_1_191' title='bbox 2757 889 2852 945; x_wconf 93' lang='lat' dir='ltr'><strong>cui</strong></span> <span class='ocrx_word' id='word_1_192' title='bbox 2879 890 3028 946; x_wconf 88' lang='lat' dir='ltr'><strong>nihil</strong></span> <span class='ocrx_word' id='word_1_193' title='bbox 3048 889 3354 946; x_wconf 90' lang='lat' dir='ltr'><strong>fortuitum</strong></span> <span class='ocrx_word' id='word_1_194' title='bbox 3384 893 3490 960; x_wconf 89' lang='lat' dir='ltr'><strong>est,</strong></span> <span class='ocrx_word' id='word_1_195' title='bbox 3524 905 3684 946; x_wconf 90' lang='lat' dir='ltr'><strong>com-</strong></span> 
     </span>
    </p>
   </div>
   <div class='ocr_carea' id='block_1_26' title="bbox 2026 975 3681 1051">
    <p class='ocr_par' dir='ltr' id='par_1_26' title="bbox 2026 975 3681 1051">
     <span class='ocr_line' id='line_1_26' title="bbox 2026 975 3681 1051; baseline 0.002 -20"><span class='ocrx_word' id='word_1_196' title='bbox 2026 975 2348 1044; x_wconf 89' lang='lat' dir='ltr'><strong>misissent,</strong></span> <span class='ocrx_word' id='word_1_197' title='bbox 2367 992 2490 1032; x_wconf 91' lang='lat' dir='ltr'><strong>non</strong></span> <span class='ocrx_word' id='word_1_198' title='bbox 2511 981 2744 1050; x_wconf 88' lang='lat' dir='ltr'><strong>oportet</strong></span> <span class='ocrx_word' id='word_1_199' title='bbox 2767 994 3138 1051; x_wconf 88' lang='lat' dir='ltr'><strong>quemquam</strong></span> <span class='ocrx_word' id='word_1_200' title='bbox 3153 979 3470 1035; x_wconf 91' lang='lat' dir='ltr'><strong>hominum</strong></span> <span class='ocrx_word' id='word_1_201' title='bbox 3485 979 3681 1036; x_wconf 88' lang='lat' dir='ltr'><strong>dicere</strong></span> 
     </span>
    </p>
   </div>
   <div class='ocr_carea' id='block_1_27' title="bbox 2021 1065 3683 1142">
    <p class='ocr_par' dir='ltr' id='par_1_27' title="bbox 2021 1065 3683 1142">
     <span class='ocr_line' id='line_1_27' title="bbox 2021 1065 3683 1142; baseline 0.002 -20"><span class='ocrx_word' id='word_1_202' title='bbox 2021 1065 2200 1136; x_wconf 91' lang='lat' dir='ltr'><strong>longe</strong></span> <span class='ocrx_word' id='word_1_203' title='bbox 2232 1066 2537 1138; x_wconf 89' lang='lat' dir='ltr'><strong>abjectum</strong></span> <span class='ocrx_word' id='word_1_204' title='bbox 2567 1067 2644 1122; x_wconf 90' lang='lat' dir='ltr'><strong>ab</strong></span> <span class='ocrx_word' id='word_1_205' title='bbox 2671 1067 2860 1123; x_wconf 91' lang='lat' dir='ltr'><strong>oculis</strong></span> <span class='ocrx_word' id='word_1_206' title='bbox 2884 1069 2984 1123; x_wconf 90' lang='lat' dir='ltr'><strong>Dei</strong></span> <span class='ocrx_word' id='word_1_207' title='bbox 3013 1073 3070 1124; x_wconf 88' lang='lat' dir='ltr'><strong>et</strong></span> <span class='ocrx_word' id='word_1_208' title='bbox 3094 1068 3270 1138; x_wconf 88' lang='lat' dir='ltr'><strong>longe</strong></span> <span class='ocrx_word' id='word_1_209' title='bbox 3299 1069 3683 1142; x_wconf 86' lang='lat' dir='ltr'><strong>peregrinan-</strong></span> 
     </span>
    </p>
   </div>
   <div class='ocr_carea' id='block_1_28' title="bbox 2025 1155 3682 1229">
    <p class='ocr_par' dir='ltr' id='par_1_28' title="bbox 2025 1155 3682 1229">
     <span class='ocr_line' id='line_1_28' title="bbox 2025 1155 3682 1229; baseline 0.002 -19"><span class='ocrx_word' id='word_1_210' title='bbox 2025 1159 2164 1211; x_wconf 90' lang='lat' dir='ltr'><strong>tem.</strong></span> <span class='ocrx_word' id='word_1_211' title='bbox 2197 1158 2316 1212; x_wconf 85' lang='lat' dir='ltr'><strong>Hoc</strong></span> <span class='ocrx_word' id='word_1_212' title='bbox 2343 1155 2477 1211; x_wconf 93' lang='lat' dir='ltr'><strong>loco</strong></span> <span class='ocrx_word' id='word_1_213' title='bbox 2507 1155 2650 1228; x_wconf 91' lang='lat' dir='ltr'><strong>poni</strong></span> <span class='ocrx_word' id='word_1_214' title='bbox 2673 1155 2900 1226; x_wconf 87' lang='lat' dir='ltr'><strong>debuit,</strong></span> <span class='ocrx_word' id='word_1_215' title='bbox 2919 1157 3084 1229; x_wconf 90' lang='lat' dir='ltr'><strong>quod</strong></span> <span class='ocrx_word' id='word_1_216' title='bbox 3108 1158 3283 1214; x_wconf 87' lang='lat' dir='ltr'><strong>valde</strong></span> <span class='ocrx_word' id='word_1_217' title='bbox 3311 1157 3548 1228; x_wconf 84' lang='lat' dir='ltr'><strong>ignorat</strong></span> <span class='ocrx_word' id='word_1_218' title='bbox 3575 1173 3682 1214; x_wconf 92' lang='lat' dir='ltr'><strong>cur</strong></span> 
     </span>
    </p>
   </div>
   <div class='ocr_carea' id='block_1_29' title="bbox 2022 1243 3682 1317">
    <p class='ocr_par' dir='ltr' id='par_1_29' title="bbox 2022 1243 3682 1317">
     <span class='ocr_line' id='line_1_29' title="bbox 2022 1243 3682 1317; baseline 0.001 -17"><span class='ocrx_word' id='word_1_219' title='bbox 2022 1259 2094 1300; x_wconf 89' lang='lat' dir='ltr'><strong>eo</strong></span> <span class='ocrx_word' id='word_1_220' title='bbox 2119 1243 2252 1300; x_wconf 89' lang='lat' dir='ltr'><strong>loco</strong></span> <span class='ocrx_word' id='word_1_221' title='bbox 2274 1247 2427 1300; x_wconf 90' lang='lat' dir='ltr'><strong>Deus</strong></span> <span class='ocrx_word' id='word_1_222' title='bbox 2456 1245 2602 1317; x_wconf 91' lang='lat' dir='ltr'><strong>poni</strong></span> <span class='ocrx_word' id='word_1_223' title='bbox 2625 1244 2894 1300; x_wconf 92' lang='lat' dir='ltr'><strong>voluerit.</strong></span> <span class='ocrx_word' id='word_1_224' title='bbox 2923 1245 3073 1313; x_wconf 80' lang='lat' dir='ltr'><strong>Quia</strong></span> <span class='ocrx_word' id='word_1_225' title='bbox 3101 1247 3211 1302; x_wconf 84' lang='lat' dir='ltr'><strong>etsi</strong></span> <span class='ocrx_word' id='word_1_226' title='bbox 3233 1247 3568 1303; x_wconf 85' lang='lat' dir='ltr'><strong>obvelatum</strong></span> <span class='ocrx_word' id='word_1_227' title='bbox 3595 1252 3682 1303; x_wconf 85' lang='lat' dir='ltr'><strong>est</strong></span> 
     </span>
    </p>
   </div>
   <div class='ocr_carea' id='block_1_30' title="bbox 2020 1333 3682 1406">
    <p class='ocr_par' dir='ltr' id='par_1_30' title="bbox 2020 1333 3682 1406">
     <span class='ocr_line' id='line_1_30' title="bbox 2020 1333 3682 1406; baseline 0.001 -18"><span class='ocrx_word' id='word_1_228' title='bbox 2020 1333 2420 1402; x_wconf 86' lang='lat' dir='ltr'><strong>Evangelium</strong></span> <span class='ocrx_word' id='word_1_229' title='bbox 2449 1340 2742 1401; x_wconf 85' lang='lat' dir='ltr'><strong>nostrum,</strong></span> <span class='ocrx_word' id='word_1_230' title='bbox 2775 1339 2840 1389; x_wconf 90' lang='lat' dir='ltr'><strong>ut</strong></span> <span class='ocrx_word' id='word_1_231' title='bbox 2869 1335 2951 1390; x_wconf 91' lang='lat' dir='ltr'><strong>ait</strong></span> <span class='ocrx_word' id='word_1_232' title='bbox 2979 1333 3298 1406; x_wconf 84' lang='lat' dir='ltr'><strong>Apostolus</strong></span> <span class='ocrx_word' id='word_1_233' title='bbox 3335 1336 3400 1391; x_wconf 88' lang='lat' dir='ltr'><strong>in</strong></span> <span class='ocrx_word' id='word_1_234' title='bbox 3441 1336 3532 1391; x_wconf 83' lang='lat' dir='ltr'><strong>his</strong></span> <span class='ocrx_word' id='word_1_235' title='bbox 3576 1336 3682 1406; x_wconf 88' lang='lat' dir='ltr'><strong>qui</strong></span> 
     </span>
    </p>
   </div>
   <div class='ocr_carea' id='block_1_31' title="bbox 2013 1422 3680 1494">
    <p class='ocr_par' dir='ltr' id='par_1_31' title="bbox 2013 1422 3680 1494">
     <span class='ocr_line' id='line_1_31' title="bbox 2013 1422 3680 1494; baseline 0.003 -19"><span class='ocrx_word' id='word_1_236' title='bbox 2013 1427 2272 1488; x_wconf 88' lang='lat' dir='ltr'><strong>pereunt</strong></span> <span class='ocrx_word' id='word_1_237' title='bbox 2326 1422 2662 1478; x_wconf 87' lang='lat' dir='ltr'><strong>obvelatum</strong></span> <span class='ocrx_word' id='word_1_238' title='bbox 2723 1427 2807 1478; x_wconf 89' lang='lat' dir='ltr'><strong>est</strong></span> <span class='ocrx_word' id='word_1_239' title='bbox 2858 1424 2962 1494; x_wconf 89' lang='grc' dir='ltr'><strong>(ΙΙ.</strong></span> <span class='ocrx_word' id='word_1_240' title='bbox 3016 1425 3152 1479; x_wconf 84' lang='lat' dir='ltr'><strong>Cor.</strong></span> <span class='ocrx_word' id='word_1_241' title='bbox 3205 1439 3282 1491; x_wconf 85' lang='lat' dir='ltr'><strong>IV,</strong></span> <span class='ocrx_word' id='word_1_242' title='bbox 3333 1425 3407 1494; x_wconf 88' lang='lat'><strong>3).</strong></span> <span class='ocrx_word' id='word_1_243' title='bbox 3450 1427 3680 1480; x_wconf 91' lang='lat' dir='ltr'><strong>Etcum</strong></span> 
     </span>
    </p>
   </div>
   <div class='ocr_carea' id='block_1_32' title="bbox 2021 1507 3678 1582">
    <p class='ocr_par' dir='ltr' id='par_1_32' title="bbox 2021 1507 3678 1582">
     <span class='ocr_line' id='line_1_32' title="bbox 2021 1507 3678 1582; baseline 0.003 -19"><span class='ocrx_word' id='word_1_244' title='bbox 2021 1507 2266 1565; x_wconf 83' lang='lat' dir='ltr'><strong>dixisset</strong></span> <span class='ocrx_word' id='word_1_245' title='bbox 2297 1527 2310 1565; x_wconf 88' lang='lat'><strong>:</strong></span> <span class='ocrx_word' id='word_1_246' title='bbox 2341 1510 2497 1566; x_wconf 87' lang='lat' dir='ltr'><strong>Aliis</strong></span> <span class='ocrx_word' id='word_1_247' title='bbox 2518 1511 2755 1582; x_wconf 83' lang='lat' dir='ltr'><strong>quidem</strong></span> <span class='ocrx_word' id='word_1_248' title='bbox 2787 1526 2991 1567; x_wconf 86' lang='lat' dir='ltr'><strong>sumus</strong></span> <span class='ocrx_word' id='word_1_249' title='bbox 3021 1512 3169 1567; x_wconf 88' lang='lat' dir='ltr'><strong>odor</strong></span> <span class='ocrx_word' id='word_1_250' title='bbox 3199 1513 3331 1568; x_wconf 78' lang='lat' dir='ltr'><strong>vitae</strong></span> <span class='ocrx_word' id='word_1_251' title='bbox 3366 1514 3431 1568; x_wconf 89' lang='lat' dir='ltr'><strong>in</strong></span> <span class='ocrx_word' id='word_1_252' title='bbox 3471 1514 3678 1582; x_wconf 90' lang='lat' dir='ltr'><strong>vitam,</strong></span> 
     </span>
    </p>
   </div>
   <div class='ocr_carea' id='block_1_33' title="bbox 238 1594 3680 1672">
    <p class='ocr_par' dir='ltr' id='par_1_33' title="bbox 238 1594 3680 1672">
     <span class='ocr_line' id='line_1_33' title="bbox 238 1594 3680 1672; baseline 0.001 -22"><span class='ocrx_word' id='word_1_253' title='bbox 238 1595 388 1668; x_wconf 89' lang='lat' dir='ltr'><strong>quit,</strong></span> <span class='ocrx_word' id='word_1_254' title='bbox 435 1599 537 1650; x_wconf 89' lang='lat' dir='ltr'><strong>aut</strong></span> <span class='ocrx_word' id='word_1_255' title='bbox 576 1595 695 1650; x_wconf 91' lang='lat' dir='ltr'><strong>Deo</strong></span> <span class='ocrx_word' id='word_1_256' title='bbox 739 1594 1075 1662; x_wconf 91' lang='lat' dir='ltr'><strong>ascribitur,</strong></span> <span class='ocrx_word' id='word_1_257' title='bbox 1115 1601 1218 1651; x_wconf 87' lang='lat' dir='ltr'><strong>aut</strong></span> <span class='ocrx_word' id='word_1_258' title='bbox 1250 1595 1529 1652; x_wconf 85' lang='lat' dir='ltr'><strong>daemoni.</strong></span> <span class='ocrx_word' id='word_1_259' title='bbox 1567 1597 1625 1653; x_wconf 90' lang='lat' dir='ltr'><strong>Si</strong></span> <span class='ocrx_word' id='word_1_260' title='bbox 1668 1603 1907 1672; x_wconf 81' lang='lat' dir='ltr'><strong>natura,</strong></span> <span class='ocrx_word' id='word_1_261' title='bbox 1942 1613 1982 1665; x_wconf 83' lang='grc' dir='ltr'><strong>Β</strong></span> <span class='ocrx_word' id='word_1_262' title='bbox 2020 1598 2157 1653; x_wconf 78' lang='lat' dir='ltr'><strong>aliis</strong></span> <span class='ocrx_word' id='word_1_263' title='bbox 2179 1598 2327 1654; x_wconf 88' lang='lat' dir='ltr'><strong>odor</strong></span> <span class='ocrx_word' id='word_1_264' title='bbox 2353 1599 2562 1654; x_wconf 86' lang='lat' dir='ltr'><strong>mortis</strong></span> <span class='ocrx_word' id='word_1_265' title='bbox 2589 1600 2656 1654; x_wconf 86' lang='lat' dir='ltr'><strong>in</strong></span> <span class='ocrx_word' id='word_1_266' title='bbox 2675 1606 2920 1656; x_wconf 86' lang='lat' dir='ltr'><strong>mortem</strong></span> <span class='ocrx_word' id='word_1_267' title='bbox 2945 1600 3049 1654; x_wconf 81' lang='grc' dir='ltr'><strong>(ΙΙ.</strong></span> <span class='ocrx_word' id='word_1_268' title='bbox 3086 1599 3214 1656; x_wconf 88' lang='lat' dir='ltr'><strong>Cor.</strong></span> <span class='ocrx_word' id='word_1_269' title='bbox 3248 1616 3306 1669; x_wconf 88' lang='grc' dir='ltr'><strong>ιι,</strong></span> <span class='ocrx_word' id='word_1_270' title='bbox 3344 1601 3449 1668; x_wconf 87' lang='grc'><strong>16),</strong></span> <span class='ocrx_word' id='word_1_271' title='bbox 3483 1599 3680 1670; x_wconf 87' lang='lat' dir='ltr'><strong>subje-</strong></span> 
     </span>
    </p>
   </div>
   <div class='ocr_carea' id='block_1_34' title="bbox 236 1684 1910 1757">
    <p class='ocr_par' dir='ltr' id='par_1_34' title="bbox 236 1684 1910 1757">
     <span class='ocr_line' id='line_1_34' title="bbox 236 1684 1910 1757; baseline 0.001 -17"><span class='ocrx_word' id='word_1_272' title='bbox 236 1684 452 1757; x_wconf 90' lang='lat' dir='ltr'><strong>inquit,</strong></span> <span class='ocrx_word' id='word_1_273' title='bbox 492 1698 599 1755; x_wconf 90' lang='lat' dir='ltr'><strong>per</strong></span> <span class='ocrx_word' id='word_1_274' title='bbox 635 1684 823 1739; x_wconf 88' lang='lat' dir='ltr'><strong>Deum</strong></span> <span class='ocrx_word' id='word_1_275' title='bbox 854 1688 962 1750; x_wconf 89' lang='lat' dir='ltr'><strong>est,</strong></span> <span class='ocrx_word' id='word_1_276' title='bbox 995 1688 1191 1756; x_wconf 86' lang='lat' dir='ltr'><strong>potest</strong></span> <span class='ocrx_word' id='word_1_277' title='bbox 1219 1684 1279 1740; x_wconf 93' lang='lat' dir='ltr'><strong>in</strong></span> <span class='ocrx_word' id='word_1_278' title='bbox 1327 1701 1399 1741; x_wconf 91' lang='lat' dir='ltr'><strong>ea</strong></span> <span class='ocrx_word' id='word_1_279' title='bbox 1447 1702 1577 1741; x_wconf 91' lang='lat' dir='ltr'><strong>esse</strong></span> <span class='ocrx_word' id='word_1_280' title='bbox 1623 1686 1910 1757; x_wconf 83' lang='lat' dir='ltr'><strong>originale</strong></span> 
     </span>
    </p>
   </div>
   <div class='ocr_carea' id='block_1_35' title="bbox 237 1770 1910 1846">
    <p class='ocr_par' dir='ltr' id='par_1_35' title="bbox 237 1770 1910 1846">
     <span class='ocr_line' id='line_1_35' title="bbox 237 1770 1910 1846; baseline -0.002 -18"><span class='ocrx_word' id='word_1_281' title='bbox 237 1771 492 1828; x_wconf 88' lang='lat' dir='ltr'><strong>malum.</strong></span> <span class='ocrx_word' id='word_1_282' title='bbox 517 1770 574 1827; x_wconf 91' lang='lat' dir='ltr'><strong>Si</strong></span> <span class='ocrx_word' id='word_1_283' title='bbox 603 1786 640 1828; x_wconf 92' lang='lat' dir='ltr'><strong>a</strong></span> <span class='ocrx_word' id='word_1_284' title='bbox 669 1770 932 1839; x_wconf 90' lang='lat' dir='ltr'><strong>diabolo,</strong></span> <span class='ocrx_word' id='word_1_285' title='bbox 962 1771 1111 1827; x_wconf 91' lang='lat' dir='ltr'><strong>nihil</strong></span> <span class='ocrx_word' id='word_1_286' title='bbox 1141 1771 1253 1828; x_wconf 88' lang='lat' dir='ltr'><strong>erit</strong></span> <span class='ocrx_word' id='word_1_287' title='bbox 1285 1788 1392 1845; x_wconf 90' lang='lat' dir='ltr'><strong>per</strong></span> <span class='ocrx_word' id='word_1_288' title='bbox 1421 1774 1587 1846; x_wconf 89' lang='lat' dir='ltr'><strong>quod</strong></span> <span class='ocrx_word' id='word_1_289' title='bbox 1618 1775 1804 1830; x_wconf 93' lang='lat' dir='ltr'><strong>homo</strong></span> <span class='ocrx_word' id='word_1_290' title='bbox 1825 1774 1910 1830; x_wconf 90' lang='lat' dir='ltr'><strong>di-</strong></span> 
     </span>
    </p>
   </div>
   <div class='ocr_carea' id='block_1_36' title="bbox 237 1859 1906 1941">
    <p class='ocr_par' dir='ltr' id='par_1_36' title="bbox 237 1859 1906 1941">
     <span class='ocr_line' id='line_1_36' title="bbox 237 1859 1906 1941; baseline 0.002 -26"><span class='ocrx_word' id='word_1_291' title='bbox 237 1860 375 1916; x_wconf 89' lang='lat' dir='ltr'><strong>vino</strong></span> <span class='ocrx_word' id='word_1_292' title='bbox 401 1860 568 1934; x_wconf 90' lang='lat' dir='ltr'><strong>operi</strong></span> <span class='ocrx_word' id='word_1_293' title='bbox 597 1859 952 1916; x_wconf 88' lang='lat' dir='ltr'><strong>vindicetur.</strong></span> <span class='ocrx_word' id='word_1_294' title='bbox 987 1860 1242 1917; x_wconf 85' lang='lat' dir='ltr'><strong>Perfecte</strong></span> <span class='ocrx_word' id='word_1_295' title='bbox 1270 1861 1473 1934; x_wconf 90' lang='lat' dir='ltr'><strong>itaque</strong></span> <span class='ocrx_word' id='word_1_296' title='bbox 1504 1862 1634 1934; x_wconf 89' lang='lat' dir='ltr'><strong>[al.,</strong></span> <span class='ocrx_word' id='word_1_297' title='bbox 1677 1865 1906 1941; x_wconf 82' lang='lat' dir='ltr'><strong>autem]</strong></span> 
     </span>
    </p>
   </div>
   <div class='ocr_carea' id='block_1_37' title="bbox 234 1949 1903 2022">
    <p class='ocr_par' dir='ltr' id='par_1_37' title="bbox 234 1949 1903 2022">
     <span class='ocr_line' id='line_1_37' title="bbox 234 1949 1903 2022; baseline 0.001 -16"><span class='ocrx_word' id='word_1_298' title='bbox 234 1949 600 2006; x_wconf 68' lang='lat' dir='ltr'><strong>Manichaaus</strong></span> <span class='ocrx_word' id='word_1_299' title='bbox 660 1953 770 2016; x_wconf 89' lang='lat' dir='ltr'><strong>est,</strong></span> <span class='ocrx_word' id='word_1_300' title='bbox 819 1950 924 2022; x_wconf 91' lang='lat' dir='ltr'><strong>qui</strong></span> <span class='ocrx_word' id='word_1_301' title='bbox 968 1950 1198 2006; x_wconf 90' lang='lat' dir='ltr'><strong>malum</strong></span> <span class='ocrx_word' id='word_1_302' title='bbox 1249 1951 1537 2022; x_wconf 85' lang='lat' dir='ltr'><strong>originale</strong></span> <span class='ocrx_word' id='word_1_303' title='bbox 1594 1951 1903 2008; x_wconf 63' lang='lat' dir='ltr'><strong>defendit:</strong></span> 
     </span>
    </p>
   </div>
   <div class='ocr_carea' id='block_1_38' title="bbox 235 2036 1905 2111">
    <p class='ocr_par' dir='ltr' id='par_1_38' title="bbox 235 2036 1905 2111">
     <span class='ocr_line' id='line_1_38' title="bbox 235 2036 1905 2111; baseline 0.002 -18"><span class='ocrx_word' id='word_1_304' title='bbox 235 2037 442 2094; x_wconf 88' lang='lat' dir='ltr'><strong>audiat</strong></span> <span class='ocrx_word' id='word_1_305' title='bbox 482 2037 684 2109; x_wconf 88' lang='lat' dir='ltr'><strong>potius</strong></span> <span class='ocrx_word' id='word_1_306' title='bbox 762 2036 1084 2093; x_wconf 88' lang='lat' dir='ltr'><strong>adversum</strong></span> <span class='ocrx_word' id='word_1_307' title='bbox 1122 2038 1234 2095; x_wconf 89' lang='lat' dir='ltr'><strong>ista</strong></span> <span class='ocrx_word' id='word_1_308' title='bbox 1262 2038 1430 2111; x_wconf 91' lang='lat' dir='ltr'><strong>quod</strong></span> <span class='ocrx_word' id='word_1_309' title='bbox 1458 2056 1668 2096; x_wconf 88' lang='lat' dir='ltr'><strong>verum</strong></span> <span class='ocrx_word' id='word_1_310' title='bbox 1701 2045 1808 2096; x_wconf 89' lang='lat' dir='ltr'><strong>est.</strong></span> <span class='ocrx_word' id='word_1_311' title='bbox 1840 2042 1905 2096; x_wconf 93' lang='lat' dir='ltr'><strong>In</strong></span> 
     </span>
    </p>
   </div>
   <div class='ocr_carea' id='block_1_39' title="bbox 237 2127 1906 2200">
    <p class='ocr_par' dir='ltr' id='par_1_39' title="bbox 237 2127 1906 2200">
     <span class='ocr_line' id='line_1_39' title="bbox 237 2127 1906 2200; baseline 0.002 -18"><span class='ocrx_word' id='word_1_312' title='bbox 237 2143 358 2182; x_wconf 91' lang='lat' dir='ltr'><strong>uno</strong></span> <span class='ocrx_word' id='word_1_313' title='bbox 402 2127 647 2184; x_wconf 90' lang='lat' dir='ltr'><strong>homine</strong></span> <span class='ocrx_word' id='word_1_314' title='bbox 686 2127 820 2199; x_wconf 89' lang='lat' dir='ltr'><strong>jure</strong></span> <span class='ocrx_word' id='word_1_315' title='bbox 858 2127 1232 2200; x_wconf 89' lang='lat' dir='ltr'><strong>vituperatur</strong></span> <span class='ocrx_word' id='word_1_316' title='bbox 1277 2129 1547 2197; x_wconf 89' lang='lat' dir='ltr'><strong>intentio,</strong></span> <span class='ocrx_word' id='word_1_317' title='bbox 1596 2136 1650 2186; x_wconf 90' lang='lat' dir='ltr'><strong>et</strong></span> <span class='ocrx_word' id='word_1_318' title='bbox 1690 2137 1906 2187; x_wconf 88' lang='lat' dir='ltr'><strong>natura</strong></span> 
     </span>
    </p>
   </div>
   <div class='ocr_carea' id='block_1_40' title="bbox 233 2215 1904 2292">
    <p class='ocr_par' dir='ltr' id='par_1_40' title="bbox 233 2215 1904 2292">
     <span class='ocr_line' id='line_1_40' title="bbox 233 2215 1904 2292; baseline 0.003 -21"><span class='ocrx_word' id='word_1_319' title='bbox 233 2215 534 2285; x_wconf 89' lang='lat' dir='ltr'><strong>laudatur,</strong></span> <span class='ocrx_word' id='word_1_320' title='bbox 576 2217 722 2289; x_wconf 90' lang='lat' dir='ltr'><strong>quia</strong></span> <span class='ocrx_word' id='word_1_321' title='bbox 765 2216 888 2272; x_wconf 92' lang='lat' dir='ltr'><strong>duo</strong></span> <span class='ocrx_word' id='word_1_322' title='bbox 918 2220 1058 2273; x_wconf 88' lang='lat' dir='ltr'><strong>sunt</strong></span> <span class='ocrx_word' id='word_1_323' title='bbox 1087 2234 1222 2290; x_wconf 72' lang='lat' dir='ltr'><strong>quae</strong></span> <span class='ocrx_word' id='word_1_324' title='bbox 1253 2219 1562 2274; x_wconf 88' lang='lat' dir='ltr'><strong>contrariis</strong></span> <span class='ocrx_word' id='word_1_325' title='bbox 1603 2219 1904 2292; x_wconf 70' lang='lat' dir='ltr'><strong>applicen-</strong></span> 
     </span>
    </p>
   </div>
   <div class='ocr_carea' id='block_1_41' title="bbox 235 2305 1899 2381">
    <p class='ocr_par' dir='ltr' id='par_1_41' title="bbox 235 2305 1899 2381">
     <span class='ocr_line' id='line_1_41' title="bbox 235 2305 1899 2381; baseline 0.002 -19"><span class='ocrx_word' id='word_1_326' title='bbox 235 2309 331 2362; x_wconf 89' lang='lat' dir='ltr'><strong>tur</strong></span> <span class='ocrx_word' id='word_1_327' title='bbox 363 2324 376 2359; x_wconf 92' lang='lat'>:</span> <span class='ocrx_word' id='word_1_328' title='bbox 411 2305 517 2362; x_wconf 91' lang='lat' dir='ltr'><strong>sed</strong></span> <span class='ocrx_word' id='word_1_329' title='bbox 548 2307 726 2363; x_wconf 90' lang='lat' dir='ltr'><strong>etiam</strong></span> <span class='ocrx_word' id='word_1_330' title='bbox 757 2307 818 2362; x_wconf 90' lang='lat' dir='ltr'><strong>in</strong></span> <span class='ocrx_word' id='word_1_331' title='bbox 848 2307 1098 2379; x_wconf 87' lang='lat' dir='ltr'><strong>parvulo</strong></span> <span class='ocrx_word' id='word_1_332' title='bbox 1129 2323 1253 2364; x_wconf 93' lang='lat' dir='ltr'><strong>non</strong></span> <span class='ocrx_word' id='word_1_333' title='bbox 1290 2324 1484 2365; x_wconf 92' lang='lat' dir='ltr'><strong>unum</strong></span> <span class='ocrx_word' id='word_1_334' title='bbox 1527 2314 1616 2366; x_wconf 91' lang='lat' dir='ltr'><strong>est</strong></span> <span class='ocrx_word' id='word_1_335' title='bbox 1645 2314 1899 2381; x_wconf 89' lang='lat' dir='ltr'><strong>tantum,</strong></span> 
     </span>
    </p>
   </div>
   <div class='ocr_carea' id='block_1_42' title="bbox 233 2393 1898 2469">
    <p class='ocr_par' dir='ltr' id='par_1_42' title="bbox 233 2393 1898 2469">
     <span class='ocr_line' id='line_1_42' title="bbox 233 2393 1898 2469; baseline 0.002 -18"><span class='ocrx_word' id='word_1_336' title='bbox 233 2393 296 2451; x_wconf 93' lang='lat' dir='ltr'><strong>id</strong></span> <span class='ocrx_word' id='word_1_337' title='bbox 326 2401 416 2451; x_wconf 92' lang='lat' dir='ltr'><strong>est</strong></span> <span class='ocrx_word' id='word_1_338' title='bbox 443 2400 682 2466; x_wconf 90' lang='lat' dir='ltr'><strong>natura,</strong></span> <span class='ocrx_word' id='word_1_339' title='bbox 700 2395 760 2451; x_wconf 90' lang='lat' dir='ltr'><strong>in</strong></span> <span class='ocrx_word' id='word_1_340' title='bbox 792 2412 916 2469; x_wconf 92' lang='lat' dir='ltr'><strong>qua</strong></span> <span class='ocrx_word' id='word_1_341' title='bbox 943 2401 1176 2452; x_wconf 91' lang='lat' dir='ltr'><strong>creatus</strong></span> <span class='ocrx_word' id='word_1_342' title='bbox 1203 2401 1291 2453; x_wconf 90' lang='lat' dir='ltr'><strong>est</strong></span> <span class='ocrx_word' id='word_1_343' title='bbox 1309 2398 1493 2454; x_wconf 79' lang='lat' dir='ltr'><strong>homo</strong></span> <span class='ocrx_word' id='word_1_344' title='bbox 1517 2414 1552 2454; x_wconf 93' lang='lat' dir='ltr'><strong>a</strong></span> <span class='ocrx_word' id='word_1_345' title='bbox 1574 2399 1692 2454; x_wconf 92' lang='lat' dir='ltr'><strong>Deo</strong></span> <span class='ocrx_word' id='word_1_346' title='bbox 1712 2399 1898 2469; x_wconf 91' lang='lat' dir='ltr'><strong>bono,</strong></span> 
     </span>
    </p>
   </div>
   <div class='ocr_carea' id='block_1_43' title="bbox 233 2483 1899 2559">
    <p class='ocr_par' dir='ltr' id='par_1_43' title="bbox 233 2483 1899 2559">
     <span class='ocr_line' id='line_1_43' title="bbox 233 2483 1899 2559; baseline 0.002 -19"><span class='ocrx_word' id='word_1_347' title='bbox 233 2483 418 2540; x_wconf 88' lang='lat' dir='ltr'><strong>habet</strong></span> <span class='ocrx_word' id='word_1_348' title='bbox 456 2483 616 2540; x_wconf 91' lang='lat' dir='ltr'><strong>enim</strong></span> <span class='ocrx_word' id='word_1_349' title='bbox 653 2489 710 2541; x_wconf 91' lang='lat' dir='ltr'><strong>et</strong></span> <span class='ocrx_word' id='word_1_350' title='bbox 754 2484 966 2541; x_wconf 91' lang='lat' dir='ltr'><strong>vitium</strong></span> <span class='ocrx_word' id='word_1_351' title='bbox 996 2485 1161 2558; x_wconf 87' lang='lat' dir='ltr'><strong>quod</strong></span> <span class='ocrx_word' id='word_1_352' title='bbox 1204 2501 1311 2559; x_wconf 90' lang='lat' dir='ltr'><strong>per</strong></span> <span class='ocrx_word' id='word_1_353' title='bbox 1347 2503 1538 2544; x_wconf 92' lang='lat' dir='ltr'><strong>unum</strong></span> <span class='ocrx_word' id='word_1_354' title='bbox 1581 2488 1642 2543; x_wconf 90' lang='lat' dir='ltr'><strong>in</strong></span> <span class='ocrx_word' id='word_1_355' title='bbox 1689 2504 1899 2545; x_wconf 89' lang='lat' dir='ltr'><strong>omnes</strong></span> 
     </span>
    </p>
   </div>
   <div class='ocr_carea' id='block_1_44' title="bbox 234 2572 1900 2650">
    <p class='ocr_par' dir='ltr' id='par_1_44' title="bbox 234 2572 1900 2650">
     <span class='ocr_line' id='line_1_44' title="bbox 234 2572 1900 2650; baseline 0.003 -22"><span class='ocrx_word' id='word_1_356' title='bbox 234 2572 512 2629; x_wconf 91' lang='lat' dir='ltr'><strong>homines</strong></span> <span class='ocrx_word' id='word_1_357' title='bbox 539 2573 880 2647; x_wconf 86' lang='lat' dir='ltr'><strong>pertransiit</strong></span> <span class='ocrx_word' id='word_1_358' title='bbox 909 2574 1098 2645; x_wconf 84' lang='lat' dir='ltr'><strong>(Rom.</strong></span> <span class='ocrx_word' id='word_1_359' title='bbox 1132 2591 1186 2644; x_wconf 80' lang='grc' dir='ltr'><strong>γ,</strong></span> <span class='ocrx_word' id='word_1_360' title='bbox 1219 2576 1327 2647; x_wconf 77' lang='grc'><strong>12),</strong></span> <span class='ocrx_word' id='word_1_361' title='bbox 1361 2575 1513 2632; x_wconf 89' lang='lat' dir='ltr'><strong>sicut</strong></span> <span class='ocrx_word' id='word_1_362' title='bbox 1531 2577 1690 2649; x_wconf 88' lang='lat' dir='ltr'><strong>sapit</strong></span> <span class='ocrx_word' id='word_1_363' title='bbox 1716 2583 1900 2650; x_wconf 84' lang='lat' dir='ltr'><strong>Apos.</strong></span> 
     </span>
    </p>
   </div>
   <div class='ocr_carea' id='block_1_45' title="bbox 245 2663 1899 2736">
    <p class='ocr_par' dir='ltr' id='par_1_45' title="bbox 245 2663 1899 2736">
     <span class='ocr_line' id='line_1_45' title="bbox 245 2663 1899 2736; baseline 0.004 -18"><span class='ocrx_word' id='word_1_364' title='bbox 245 2665 424 2728; x_wconf 89' lang='lat' dir='ltr'><strong>tolus,</strong></span> <span class='ocrx_word' id='word_1_365' title='bbox 453 2679 575 2719; x_wconf 92' lang='lat' dir='ltr'><strong>non</strong></span> <span class='ocrx_word' id='word_1_366' title='bbox 605 2664 756 2720; x_wconf 86' lang='lat' dir='ltr'><strong>sicut</strong></span> <span class='ocrx_word' id='word_1_367' title='bbox 782 2663 1000 2736; x_wconf 88' lang='lat' dir='ltr'><strong>desipit</strong></span> <span class='ocrx_word' id='word_1_368' title='bbox 1027 2664 1318 2734; x_wconf 89' lang='lat' dir='ltr'><strong>Pelagius,</strong></span> <span class='ocrx_word' id='word_1_369' title='bbox 1350 2665 1441 2720; x_wconf 89' lang='lat' dir='ltr'><strong>vel</strong></span> <span class='ocrx_word' id='word_1_370' title='bbox 1471 2666 1899 2734; x_wconf 73' lang='lat' dir='ltr'><strong>leestius,vel</strong></span> 
     </span>
    </p>
   </div>
   <div class='ocr_carea' id='block_1_46' title="bbox 239 2751 1896 2828">
    <p class='ocr_par' dir='ltr' id='par_1_46' title="bbox 239 2751 1896 2828">
     <span class='ocr_line' id='line_1_46' title="bbox 239 2751 1896 2828; baseline 0.002 -22"><span class='ocrx_word' id='word_1_371' title='bbox 239 2765 450 2806; x_wconf 91' lang='lat' dir='ltr'><strong>eorum</strong></span> <span class='ocrx_word' id='word_1_372' title='bbox 489 2751 833 2826; x_wconf 90' lang='lat' dir='ltr'><strong>quicunque</strong></span> <span class='ocrx_word' id='word_1_373' title='bbox 871 2753 1222 2826; x_wconf 90' lang='lat' dir='ltr'><strong>discipulus.</strong></span> <span class='ocrx_word' id='word_1_374' title='bbox 1257 2757 1481 2810; x_wconf 84' lang='lat' dir='ltr'><strong>Horum</strong></span> <span class='ocrx_word' id='word_1_375' title='bbox 1511 2754 1713 2828; x_wconf 85' lang='lat' dir='ltr'><strong>itaque</strong></span> <span class='ocrx_word' id='word_1_376' title='bbox 1743 2754 1896 2810; x_wconf 91' lang='lat' dir='ltr'><strong>duo-</strong></span> 
     </span>
    </p>
   </div>
   <div class='ocr_carea' id='block_1_47' title="bbox 234 2839 1896 2913">
    <p class='ocr_par' dir='ltr' id='par_1_47' title="bbox 234 2839 1896 2913">
     <span class='ocr_line' id='line_1_47' title="bbox 234 2839 1896 2913; baseline 0.003 -21"><span class='ocrx_word' id='word_1_377' title='bbox 234 2853 397 2908; x_wconf 90' lang='lat' dir='ltr'><strong>rum,</strong></span> <span class='ocrx_word' id='word_1_378' title='bbox 426 2855 563 2912; x_wconf 69' lang='lat' dir='ltr'><strong>qute</strong></span> <span class='ocrx_word' id='word_1_379' title='bbox 605 2839 667 2895; x_wconf 91' lang='lat' dir='ltr'><strong>in</strong></span> <span class='ocrx_word' id='word_1_380' title='bbox 708 2841 964 2913; x_wconf 90' lang='lat' dir='ltr'><strong>parvulo</strong></span> <span class='ocrx_word' id='word_1_381' title='bbox 1009 2857 1140 2896; x_wconf 91' lang='lat' dir='ltr'><strong>esse</strong></span> <span class='ocrx_word' id='word_1_382' title='bbox 1170 2841 1454 2910; x_wconf 85' lang='lat' dir='ltr'><strong>diximus,</strong></span> <span class='ocrx_word' id='word_1_383' title='bbox 1496 2857 1685 2897; x_wconf 86' lang='lat' dir='ltr'><strong>unum</strong></span> <span class='ocrx_word' id='word_1_384' title='bbox 1715 2843 1896 2898; x_wconf 90' lang='lat' dir='ltr'><strong>ascri-</strong></span> 
     </span>
    </p>
   </div>
   <div class='ocr_carea' id='block_1_48' title="bbox 235 2924 1967 3018">
    <p class='ocr_par' dir='ltr' id='par_1_48' title="bbox 235 2924 1967 3018">
     <span class='ocr_line' id='line_1_48' title="bbox 235 2924 1967 3018; baseline 0.003 -38"><span class='ocrx_word' id='word_1_385' title='bbox 235 2924 400 2981; x_wconf 88' lang='lat' dir='ltr'><strong>bitur</strong></span> <span class='ocrx_word' id='word_1_386' title='bbox 449 2928 589 2996; x_wconf 90' lang='lat' dir='ltr'><strong>Deo,</strong></span> <span class='ocrx_word' id='word_1_387' title='bbox 637 2927 885 2984; x_wconf 89' lang='lat' dir='ltr'><strong>alterum</strong></span> <span class='ocrx_word' id='word_1_388' title='bbox 933 2927 1195 3018; x_wconf 81' lang='lat' dir='ltr'><strong>diabolo.</strong></span> <span class='ocrx_word' id='word_1_389' title='bbox 1244 2931 1310 2985; x_wconf 86' lang='lat' dir='ltr'><strong>Et</strong></span> <span class='ocrx_word' id='word_1_390' title='bbox 1366 2929 1534 3001; x_wconf 92' lang='lat' dir='ltr'><strong>quod</strong></span> <span class='ocrx_word' id='word_1_391' title='bbox 1575 2935 1896 3002; x_wconf 88' lang='lat' dir='ltr'><strong>utrumque</strong></span> <span class='ocrx_word' id='word_1_392' title='bbox 1926 2964 1967 3018; x_wconf 74' lang='grc' dir='ltr'>ο</span> 
     </span>
    </p>
   </div>
   <div class='ocr_carea' id='block_1_49' title="bbox 233 3017 1898 3090">
    <p class='ocr_par' dir='ltr' id='par_1_49' title="bbox 233 3017 1898 3090">
     <span class='ocr_line' id='line_1_49' title="bbox 233 3017 1898 3090; baseline 0.004 -21"><span class='ocrx_word' id='word_1_393' title='bbox 233 3019 484 3086; x_wconf 89' lang='lat' dir='ltr'><strong>propter</strong></span> <span class='ocrx_word' id='word_1_394' title='bbox 513 3031 700 3072; x_wconf 91' lang='lat' dir='ltr'><strong>unum</strong></span> <span class='ocrx_word' id='word_1_395' title='bbox 731 3018 968 3085; x_wconf 90' lang='lat' dir='ltr'><strong>horum,</strong></span> <span class='ocrx_word' id='word_1_396' title='bbox 1007 3017 1071 3089; x_wconf 90' lang='lat' dir='ltr'><strong>id</strong></span> <span class='ocrx_word' id='word_1_397' title='bbox 1108 3022 1197 3074; x_wconf 90' lang='lat' dir='ltr'><strong>est</strong></span> <span class='ocrx_word' id='word_1_398' title='bbox 1229 3024 1473 3090; x_wconf 90' lang='lat' dir='ltr'><strong>propter</strong></span> <span class='ocrx_word' id='word_1_399' title='bbox 1499 3018 1732 3090; x_wconf 90' lang='lat' dir='ltr'><strong>vitium,</strong></span> <span class='ocrx_word' id='word_1_400' title='bbox 1760 3020 1898 3075; x_wconf 85' lang='lat' dir='ltr'><strong>sub-</strong></span> 
     </span>
    </p>
   </div>
   <div class='ocr_carea' id='block_1_50' title="bbox 230 3104 1894 3178">
    <p class='ocr_par' dir='ltr' id='par_1_50' title="bbox 230 3104 1894 3178">
     <span class='ocr_line' id='line_1_50' title="bbox 230 3104 1894 3178; baseline 0.004 -20"><span class='ocrx_word' id='word_1_401' title='bbox 230 3104 432 3174; x_wconf 88' lang='lat' dir='ltr'><strong>jicitur</strong></span> <span class='ocrx_word' id='word_1_402' title='bbox 455 3107 734 3178; x_wconf 88' lang='lat' dir='ltr'><strong>potestati</strong></span> <span class='ocrx_word' id='word_1_403' title='bbox 766 3107 1012 3174; x_wconf 90' lang='lat' dir='ltr'><strong>diaboli,</strong></span> <span class='ocrx_word' id='word_1_404' title='bbox 1039 3107 1175 3164; x_wconf 92' lang='lat' dir='ltr'><strong>ideo</strong></span> <span class='ocrx_word' id='word_1_405' title='bbox 1200 3123 1325 3164; x_wconf 92' lang='lat' dir='ltr'><strong>non</strong></span> <span class='ocrx_word' id='word_1_406' title='bbox 1354 3111 1444 3163; x_wconf 80' lang='lat' dir='ltr'><strong>est</strong></span> <span class='ocrx_word' id='word_1_407' title='bbox 1470 3107 1894 3178; x_wconf 89' lang='lat' dir='ltr'><strong>incongruum,</strong></span> 
     </span>
    </p>
   </div>
   <div class='ocr_carea' id='block_1_51' title="bbox 240 3193 1894 3269">
    <p class='ocr_par' dir='ltr' id='par_1_51' title="bbox 240 3193 1894 3269">
     <span class='ocr_line' id='line_1_51' title="bbox 240 3193 1894 3269; baseline 0.004 -22"><span class='ocrx_word' id='word_1_408' title='bbox 240 3193 385 3264; x_wconf 89' lang='lat' dir='ltr'><strong>quia</strong></span> <span class='ocrx_word' id='word_1_409' title='bbox 436 3209 559 3250; x_wconf 93' lang='lat' dir='ltr'><strong>non</strong></span> <span class='ocrx_word' id='word_1_410' title='bbox 610 3193 676 3251; x_wconf 89' lang='lat' dir='ltr'><strong>ﬁt</strong></span> <span class='ocrx_word' id='word_1_411' title='bbox 731 3196 924 3268; x_wconf 90' lang='lat' dir='ltr'><strong>ipsius</strong></span> <span class='ocrx_word' id='word_1_412' title='bbox 981 3196 1206 3252; x_wconf 91' lang='lat' dir='ltr'><strong>diaboli</strong></span> <span class='ocrx_word' id='word_1_413' title='bbox 1255 3200 1568 3269; x_wconf 86' lang='lat' dir='ltr'><strong>potestate,</strong></span> <span class='ocrx_word' id='word_1_414' title='bbox 1620 3197 1723 3252; x_wconf 91' lang='lat' dir='ltr'><strong>sed</strong></span> <span class='ocrx_word' id='word_1_415' title='bbox 1773 3198 1894 3254; x_wconf 88' lang='lat' dir='ltr'><strong>Dei.</strong></span> 
     </span>
    </p>
   </div>
   <div class='ocr_carea' id='block_1_52' title="bbox 245 3281 1899 3359">
    <p class='ocr_par' dir='ltr' id='par_1_52' title="bbox 245 3281 1899 3359">
     <span class='ocr_line' id='line_1_52' title="bbox 245 3281 1899 3359; baseline 0.005 -23"><span class='ocrx_word' id='word_1_416' title='bbox 245 3281 560 3352; x_wconf 89' lang='lat' dir='ltr'><strong>Subjicitur</strong></span> <span class='ocrx_word' id='word_1_417' title='bbox 599 3289 804 3341; x_wconf 88' lang='lat' dir='ltr'><strong>autem</strong></span> <span class='ocrx_word' id='word_1_418' title='bbox 832 3286 974 3342; x_wconf 84' lang='lat' dir='ltr'><strong>vitio</strong></span> <span class='ocrx_word' id='word_1_419' title='bbox 1005 3289 1222 3342; x_wconf 90' lang='lat' dir='ltr'><strong>natura</strong></span> <span class='ocrx_word' id='word_1_420' title='bbox 1263 3290 1513 3351; x_wconf 67' lang='lat' dir='ltr'><strong>naturae,</strong></span> <span class='ocrx_word' id='word_1_421' title='bbox 1561 3285 1707 3359; x_wconf 92' lang='lat' dir='ltr'><strong>quia</strong></span> <span class='ocrx_word' id='word_1_422' title='bbox 1744 3291 1801 3343; x_wconf 91' lang='lat' dir='ltr'><strong>et</strong></span> <span class='ocrx_word' id='word_1_423' title='bbox 1836 3287 1899 3344; x_wconf 92' lang='lat' dir='ltr'><strong>in</strong></span> 
     </span>
    </p>
   </div>
   <div class='ocr_carea' id='block_1_53' title="bbox 239 3368 1901 3446">
    <p class='ocr_par' dir='ltr' id='par_1_53' title="bbox 239 3368 1901 3446">
     <span class='ocr_line' id='line_1_53' title="bbox 239 3368 1901 3446; baseline 0.005 -22"><span class='ocrx_word' id='word_1_424' title='bbox 239 3368 481 3427; x_wconf 88' lang='lat' dir='ltr'><strong>diabolo</strong></span> <span class='ocrx_word' id='word_1_425' title='bbox 525 3377 848 3446; x_wconf 90' lang='lat' dir='ltr'><strong>utrumque</strong></span> <span class='ocrx_word' id='word_1_426' title='bbox 893 3378 998 3441; x_wconf 90' lang='lat' dir='ltr'><strong>est,</strong></span> <span class='ocrx_word' id='word_1_427' title='bbox 1043 3379 1100 3430; x_wconf 89' lang='lat' dir='ltr'><strong>et</strong></span> <span class='ocrx_word' id='word_1_428' title='bbox 1146 3375 1278 3445; x_wconf 91' lang='lat' dir='ltr'><strong>[al,,</strong></span> <span class='ocrx_word' id='word_1_429' title='bbox 1310 3375 1396 3445; x_wconf 90' lang='lat' dir='ltr'><strong>ut]</strong></span> <span class='ocrx_word' id='word_1_430' title='bbox 1428 3391 1566 3430; x_wconf 91' lang='lat' dir='ltr'><strong>cum</strong></span> <span class='ocrx_word' id='word_1_431' title='bbox 1607 3375 1804 3432; x_wconf 89' lang='lat' dir='ltr'><strong>dilecti</strong></span> <span class='ocrx_word' id='word_1_432' title='bbox 1843 3381 1901 3433; x_wconf 88' lang='lat' dir='ltr'><strong>et</strong></span> 
     </span>
    </p>
   </div>
   <div class='ocr_carea' id='block_1_54' title="bbox 236 3459 1899 3536">
    <p class='ocr_par' dir='ltr' id='par_1_54' title="bbox 236 3459 1899 3536">
     <span class='ocr_line' id='line_1_54' title="bbox 236 3459 1899 3536; baseline 0.004 -21"><span class='ocrx_word' id='word_1_433' title='bbox 236 3459 405 3516; x_wconf 90' lang='lat' dir='ltr'><strong>electi</strong></span> <span class='ocrx_word' id='word_1_434' title='bbox 434 3460 509 3516; x_wconf 89' lang='lat' dir='ltr'><strong>de</strong></span> <span class='ocrx_word' id='word_1_435' title='bbox 539 3466 828 3534; x_wconf 88' lang='lat' dir='ltr'><strong>potestate</strong></span> <span class='ocrx_word' id='word_1_436' title='bbox 859 3463 1243 3520; x_wconf 90' lang='lat' dir='ltr'><strong>tenebrarum</strong></span> <span class='ocrx_word' id='word_1_437' title='bbox 1285 3469 1594 3535; x_wconf 89' lang='lat' dir='ltr'><strong>eruuntur,</strong></span> <span class='ocrx_word' id='word_1_438' title='bbox 1644 3465 1739 3520; x_wconf 91' lang='lat' dir='ltr'><strong>cui</strong></span> <span class='ocrx_word' id='word_1_439' title='bbox 1765 3466 1899 3536; x_wconf 91' lang='lat' dir='ltr'><strong>jure</strong></span> 
     </span>
    </p>
   </div>
   <div class='ocr_carea' id='block_1_55' title="bbox 234 3548 1901 3625">
    <p class='ocr_par' dir='ltr' id='par_1_55' title="bbox 234 3548 1901 3625">
     <span class='ocr_line' id='line_1_55' title="bbox 234 3548 1901 3625; baseline 0.004 -22"><span class='ocrx_word' id='word_1_440' title='bbox 234 3548 598 3617; x_wconf 83' lang='lat' dir='ltr'><strong>subdantur,</strong></span> <span class='ocrx_word' id='word_1_441' title='bbox 676 3556 967 3625; x_wconf 88' lang='lat' dir='ltr'><strong>appareat</strong></span> <span class='ocrx_word' id='word_1_442' title='bbox 1029 3551 1172 3624; x_wconf 84' lang='lat' dir='ltr'><strong>quid</strong></span> <span class='ocrx_word' id='word_1_443' title='bbox 1243 3552 1500 3609; x_wconf 91' lang='lat' dir='ltr'><strong>donetur</strong></span> <span class='ocrx_word' id='word_1_444' title='bbox 1558 3553 1901 3624; x_wconf 86' lang='lat' dir='ltr'><strong>justiﬁcatis</strong></span> 
     </span>
    </p>
   </div>
   <div class='ocr_carea' id='block_1_56' title="bbox 229 3638 1900 3714">
    <p class='ocr_par' dir='ltr' id='par_1_56' title="bbox 229 3638 1900 3714">
     <span class='ocr_line' id='line_1_56' title="bbox 229 3638 1900 3714; baseline 0.002 -19"><span class='ocrx_word' id='word_1_445' title='bbox 229 3638 411 3695; x_wconf 89' lang='lat' dir='ltr'><strong>bonis</strong></span> <span class='ocrx_word' id='word_1_446' title='bbox 439 3655 476 3696; x_wconf 89' lang='lat' dir='ltr'><strong>a</strong></span> <span class='ocrx_word' id='word_1_447' title='bbox 507 3639 628 3696; x_wconf 93' lang='lat' dir='ltr'><strong>Deo</strong></span> <span class='ocrx_word' id='word_1_448' title='bbox 652 3640 836 3709; x_wconf 92' lang='lat' dir='ltr'><strong>bono,</strong></span> <span class='ocrx_word' id='word_1_449' title='bbox 882 3640 1037 3697; x_wconf 89' lang='lat' dir='ltr'><strong>bene</strong></span> <span class='ocrx_word' id='word_1_450' title='bbox 1064 3647 1349 3714; x_wconf 88' lang='lat' dir='ltr'><strong>operante</strong></span> <span class='ocrx_word' id='word_1_451' title='bbox 1377 3641 1452 3697; x_wconf 89' lang='lat' dir='ltr'><strong>de</strong></span> <span class='ocrx_word' id='word_1_452' title='bbox 1493 3642 1690 3698; x_wconf 88' lang='lat' dir='ltr'><strong>malis.</strong></span> <span class='ocrx_word' id='word_1_453' title='bbox 1727 3644 1900 3709; x_wconf 86' lang='lat' dir='ltr'><strong>Quod</strong></span> 
     </span>
    </p>
   </div>
   <div class='ocr_carea' id='block_1_57' title="bbox 231 3728 1898 3803">
    <p class='ocr_par' dir='ltr' id='par_1_57' title="bbox 231 3728 1898 3803">
     <span class='ocr_line' id='line_1_57' title="bbox 231 3728 1898 3803; baseline 0.003 -19"><span class='ocrx_word' id='word_1_454' title='bbox 231 3732 438 3784; x_wconf 90' lang='lat' dir='ltr'><strong>autem</strong></span> <span class='ocrx_word' id='word_1_455' title='bbox 479 3728 587 3784; x_wconf 90' lang='lat' dir='ltr'><strong>iste</strong></span> <span class='ocrx_word' id='word_1_456' title='bbox 637 3729 747 3785; x_wconf 92' lang='lat' dir='ltr'><strong>sibi</strong></span> <span class='ocrx_word' id='word_1_457' title='bbox 789 3730 962 3803; x_wconf 90' lang='lat' dir='ltr'><strong>quasi</strong></span> <span class='ocrx_word' id='word_1_458' title='bbox 1005 3730 1279 3800; x_wconf 87' lang='lat' dir='ltr'><strong>religiose</strong></span> <span class='ocrx_word' id='word_1_459' title='bbox 1317 3729 1512 3787; x_wconf 87' lang='lat' dir='ltr'><strong>dicere</strong></span> <span class='ocrx_word' id='word_1_460' title='bbox 1558 3732 1724 3787; x_wconf 90' lang='lat' dir='ltr'><strong>visus</strong></span> <span class='ocrx_word' id='word_1_461' title='bbox 1763 3739 1898 3790; x_wconf 71' lang='lat' dir='ltr'><strong>est:</strong></span> 
     </span>
    </p>
   </div>
   <div class='ocr_carea' id='block_1_58' title="bbox 228 3816 1903 3888">
    <p class='ocr_par' dir='ltr' id='par_1_58' title="bbox 228 3816 1903 3888">
     <span class='ocr_line' id='line_1_58' title="bbox 228 3816 1903 3888; baseline 0.004 -17"><span class='ocrx_word' id='word_1_462' title='bbox 228 3816 303 3872; x_wconf 88' lang='lat' dir='ltr'><strong>Si</strong></span> <span class='ocrx_word' id='word_1_463' title='bbox 327 3822 553 3873; x_wconf 87' lang='lat' dir='ltr'><strong>natura</strong></span> <span class='ocrx_word' id='word_1_464' title='bbox 582 3833 693 3886; x_wconf 87' lang='lat' dir='ltr'><strong>per</strong></span> <span class='ocrx_word' id='word_1_465' title='bbox 719 3819 908 3875; x_wconf 87' lang='lat' dir='ltr'><strong>Deum</strong></span> <span class='ocrx_word' id='word_1_466' title='bbox 943 3824 1049 3886; x_wconf 87' lang='lat' dir='ltr'><strong>est,</strong></span> <span class='ocrx_word' id='word_1_467' title='bbox 1088 3835 1208 3874; x_wconf 85' lang='lat' dir='ltr'><strong>non</strong></span> <span class='ocrx_word' id='word_1_468' title='bbox 1229 3824 1422 3888; x_wconf 82' lang='lat' dir='ltr'><strong>potest</strong></span> <span class='ocrx_word' id='word_1_469' title='bbox 1453 3820 1512 3874; x_wconf 88' lang='lat' dir='ltr'><strong>in</strong></span> <span class='ocrx_word' id='word_1_470' title='bbox 1543 3834 1606 3876; x_wconf 91' lang='lat' dir='ltr'><strong>eo</strong></span> <span class='ocrx_word' id='word_1_471' title='bbox 1637 3835 1760 3878; x_wconf 87' lang='lat' dir='ltr'><strong>esse</strong></span> <span class='ocrx_word' id='word_1_472' title='bbox 1789 3824 1903 3878; x_wconf 91' lang='lat' dir='ltr'><strong>ori-</strong></span> 
     </span>
    </p>
   </div>
   <div class='ocr_carea' id='block_1_59' title="bbox 228 3905 1901 3977">
    <p class='ocr_par' dir='ltr' id='par_1_59' title="bbox 228 3905 1901 3977">
     <span class='ocr_line' id='line_1_59' title="bbox 228 3905 1901 3977; baseline 0.003 -17"><span class='ocrx_word' id='word_1_473' title='bbox 228 3905 440 3975; x_wconf 88' lang='lat' dir='ltr'><strong>ginale</strong></span> <span class='ocrx_word' id='word_1_474' title='bbox 477 3907 727 3974; x_wconf 87' lang='lat' dir='ltr'><strong>malum,</strong></span> <span class='ocrx_word' id='word_1_475' title='bbox 768 3923 970 3963; x_wconf 90' lang='lat' dir='ltr'><strong>nonne</strong></span> <span class='ocrx_word' id='word_1_476' title='bbox 1000 3906 1314 3977; x_wconf 88' lang='lat' dir='ltr'><strong>religiosus</strong></span> <span class='ocrx_word' id='word_1_477' title='bbox 1344 3906 1455 3962; x_wconf 91' lang='lat' dir='ltr'><strong>sibi</strong></span> <span class='ocrx_word' id='word_1_478' title='bbox 1480 3907 1631 3964; x_wconf 89' lang='lat' dir='ltr'><strong>alius</strong></span> <span class='ocrx_word' id='word_1_479' title='bbox 1672 3909 1901 3965; x_wconf 85' lang='lat' dir='ltr'><strong>videre-</strong></span> 
     </span>
    </p>
   </div>
   <div class='ocr_carea' id='block_1_60' title="bbox 231 3994 1904 4070">
    <p class='ocr_par' dir='ltr' id='par_1_60' title="bbox 231 3994 1904 4070">
     <span class='ocr_line' id='line_1_60' title="bbox 231 3994 1904 4070; baseline 0.003 -22"><span class='ocrx_word' id='word_1_480' title='bbox 231 3999 332 4049; x_wconf 89' lang='lat' dir='ltr'><strong>tur</strong></span> <span class='ocrx_word' id='word_1_481' title='bbox 359 3994 599 4051; x_wconf 90' lang='lat' dir='ltr'><strong>dicere:</strong></span> <span class='ocrx_word' id='word_1_482' title='bbox 632 3995 689 4051; x_wconf 92' lang='lat' dir='ltr'><strong>Si</strong></span> <span class='ocrx_word' id='word_1_483' title='bbox 728 4001 945 4053; x_wconf 89' lang='lat' dir='ltr'><strong>natura</strong></span> <span class='ocrx_word' id='word_1_484' title='bbox 988 4012 1097 4070; x_wconf 92' lang='lat' dir='ltr'><strong>per</strong></span> <span class='ocrx_word' id='word_1_485' title='bbox 1145 4000 1330 4052; x_wconf 92' lang='lat' dir='ltr'><strong>Deum</strong></span> <span class='ocrx_word' id='word_1_486' title='bbox 1381 4001 1489 4061; x_wconf 91' lang='lat' dir='ltr'><strong>est,</strong></span> <span class='ocrx_word' id='word_1_487' title='bbox 1542 4012 1665 4052; x_wconf 89' lang='lat' dir='ltr'><strong>non</strong></span> <span class='ocrx_word' id='word_1_488' title='bbox 1709 3999 1904 4069; x_wconf 88' lang='lat' dir='ltr'><strong>potest</strong></span> 
     </span>
    </p>
   </div>
   <div class='ocr_carea' id='block_1_61' title="bbox 230 4083 1899 4156">
    <p class='ocr_par' dir='ltr' id='par_1_61' title="bbox 230 4083 1899 4156">
     <span class='ocr_line' id='line_1_61' title="bbox 230 4083 1899 4156; baseline 0.001 -17"><span class='ocrx_word' id='word_1_489' title='bbox 230 4083 295 4139; x_wconf 91' lang='lat' dir='ltr'><strong>in</strong></span> <span class='ocrx_word' id='word_1_490' title='bbox 325 4098 398 4140; x_wconf 88' lang='lat' dir='ltr'><strong>ea</strong></span> <span class='ocrx_word' id='word_1_491' title='bbox 440 4083 581 4139; x_wconf 90' lang='lat' dir='ltr'><strong>oriri</strong></span> <span class='ocrx_word' id='word_1_492' title='bbox 612 4083 801 4140; x_wconf 91' lang='lat' dir='ltr'><strong>ullum</strong></span> <span class='ocrx_word' id='word_1_493' title='bbox 833 4085 1062 4142; x_wconf 91' lang='lat' dir='ltr'><strong>malum</strong></span> <span class='ocrx_word' id='word_1_494' title='bbox 1090 4086 1118 4140; x_wconf 85' lang='lat'><strong><em>?</em></strong></span> <span class='ocrx_word' id='word_1_495' title='bbox 1147 4088 1213 4140; x_wconf 89' lang='lat' dir='ltr'><strong>Et</strong></span> <span class='ocrx_word' id='word_1_496' title='bbox 1254 4088 1455 4140; x_wconf 86' lang='lat' dir='ltr'><strong>tamen</strong></span> <span class='ocrx_word' id='word_1_497' title='bbox 1498 4084 1718 4142; x_wconf 83' lang='lat' dir='ltr'><strong>falsum</strong></span> <span class='ocrx_word' id='word_1_498' title='bbox 1764 4093 1854 4141; x_wconf 88' lang='lat' dir='ltr'><strong>est</strong></span> <span class='ocrx_word' id='word_1_499' title='bbox 1887 4117 1899 4156; x_wconf 72' lang='grc' dir='ltr'>ε</span> 
     </span>
    </p>
   </div>
   <div class='ocr_carea' id='block_1_62' title="bbox 231 4171 1900 4237">
    <p class='ocr_par' dir='ltr' id='par_1_62' title="bbox 231 4171 1900 4237">
     <span class='ocr_line' id='line_1_62' title="bbox 231 4171 1900 4237; baseline 0.003 -10"><span class='ocrx_word' id='word_1_500' title='bbox 231 4173 353 4228; x_wconf 92' lang='lat' dir='ltr'><strong>hoc</strong></span> <span class='ocrx_word' id='word_1_501' title='bbox 404 4171 565 4228; x_wconf 90' lang='lat' dir='ltr'><strong>enim</strong></span> <span class='ocrx_word' id='word_1_502' title='bbox 613 4173 919 4230; x_wconf 82' lang='lat' dir='ltr'><strong>Manichaei</strong></span> <span class='ocrx_word' id='word_1_503' title='bbox 966 4189 1233 4230; x_wconf 88' lang='lat' dir='ltr'><strong>asserere</strong></span> <span class='ocrx_word' id='word_1_504' title='bbox 1288 4173 1624 4237; x_wconf 88' lang='lat' dir='ltr'><strong>voluerunt,</strong></span> <span class='ocrx_word' id='word_1_505' title='bbox 1668 4178 1724 4230; x_wconf 90' lang='lat' dir='ltr'><strong>et</strong></span> <span class='ocrx_word' id='word_1_506' title='bbox 1776 4191 1900 4232; x_wconf 91' lang='lat' dir='ltr'><strong>non</strong></span> 
     </span>
    </p>
   </div>
   <div class='ocr_carea' id='block_1_63' title="bbox 234 4260 1902 4336">
    <p class='ocr_par' dir='ltr' id='par_1_63' title="bbox 234 4260 1902 4336">
     <span class='ocr_line' id='line_1_63' title="bbox 234 4260 1902 4336; baseline 0.002 -20"><span class='ocrx_word' id='word_1_507' title='bbox 234 4263 576 4316; x_wconf 88' lang='lat' dir='ltr'><strong>creaturam</strong></span> <span class='ocrx_word' id='word_1_508' title='bbox 605 4261 705 4317; x_wconf 92' lang='lat' dir='ltr'><strong>Dei</strong></span> <span class='ocrx_word' id='word_1_509' title='bbox 736 4260 957 4318; x_wconf 88' lang='lat' dir='ltr'><strong>factam</strong></span> <span class='ocrx_word' id='word_1_510' title='bbox 999 4261 1075 4317; x_wconf 92' lang='lat' dir='ltr'><strong>de</strong></span> <span class='ocrx_word' id='word_1_511' title='bbox 1104 4261 1312 4328; x_wconf 90' lang='lat' dir='ltr'><strong>nihilo,</strong></span> <span class='ocrx_word' id='word_1_512' title='bbox 1358 4262 1464 4318; x_wconf 91' lang='lat' dir='ltr'><strong>sed</strong></span> <span class='ocrx_word' id='word_1_513' title='bbox 1500 4262 1702 4336; x_wconf 88' lang='lat' dir='ltr'><strong>ipsam</strong></span> <span class='ocrx_word' id='word_1_514' title='bbox 1733 4270 1902 4321; x_wconf 89' lang='lat' dir='ltr'><strong>natu-</strong></span> 
     </span>
    </p>
   </div>
   <div class='ocr_carea' id='block_1_64' title="bbox 2018 1685 3679 1760">
    <p class='ocr_par' dir='ltr' id='par_1_64' title="bbox 2018 1685 3679 1760">
     <span class='ocr_line' id='line_1_64' title="bbox 2018 1685 3679 1760; baseline 0.002 -20"><span class='ocrx_word' id='word_1_515' title='bbox 2018 1685 2096 1740; x_wconf 90' lang='lat' dir='ltr'><strong>cit</strong></span> <span class='ocrx_word' id='word_1_516' title='bbox 2121 1686 2321 1742; x_wconf 89' lang='lat' dir='ltr'><strong>statim</strong></span> <span class='ocrx_word' id='word_1_517' title='bbox 2352 1704 2365 1742; x_wconf 91' lang='lat'><strong>:</strong></span> <span class='ocrx_word' id='word_1_518' title='bbox 2398 1688 2480 1742; x_wconf 86' lang='lat' dir='ltr'><strong>Et</strong></span> <span class='ocrx_word' id='word_1_519' title='bbox 2500 1688 2580 1743; x_wconf 86' lang='lat' dir='ltr'><strong>ad</strong></span> <span class='ocrx_word' id='word_1_520' title='bbox 2617 1687 2742 1744; x_wconf 72' lang='lat' dir='ltr'><strong>haec</strong></span> <span class='ocrx_word' id='word_1_521' title='bbox 2776 1690 2908 1759; x_wconf 87' lang='lat' dir='ltr'><strong>quis</strong></span> <span class='ocrx_word' id='word_1_522' title='bbox 2937 1689 3182 1744; x_wconf 86' lang='lat' dir='ltr'><strong>idoneus</strong></span> <span class='ocrx_word' id='word_1_523' title='bbox 3210 1690 3238 1745; x_wconf 84' lang='lat'><strong>‘?</strong></span> <span class='ocrx_word' id='word_1_524' title='bbox 3268 1689 3439 1760; x_wconf 83' lang='lat' dir='ltr'><strong>(Ibid.</strong></span> <span class='ocrx_word' id='word_1_525' title='bbox 3477 1689 3582 1760; x_wconf 87' lang='lat'><strong>16.)</strong></span> <span class='ocrx_word' id='word_1_526' title='bbox 3616 1689 3679 1744; x_wconf 89' lang='lat' dir='ltr'><strong>Id</strong></span> 
     </span>
    </p>
   </div>
   <div class='ocr_carea' id='block_1_65' title="bbox 2016 1774 3678 1848">
    <p class='ocr_par' dir='ltr' id='par_1_65' title="bbox 2016 1774 3678 1848">
     <span class='ocr_line' id='line_1_65' title="bbox 2016 1774 3678 1848; baseline 0.003 -19"><span class='ocrx_word' id='word_1_527' title='bbox 2016 1777 2125 1843; x_wconf 91' lang='lat' dir='ltr'><strong>est,</strong></span> <span class='ocrx_word' id='word_1_528' title='bbox 2155 1774 2262 1846; x_wconf 91' lang='lat' dir='ltr'><strong>qui</strong></span> <span class='ocrx_word' id='word_1_529' title='bbox 2304 1774 2558 1830; x_wconf 92' lang='lat' dir='ltr'><strong>idoneus</strong></span> <span class='ocrx_word' id='word_1_530' title='bbox 2597 1780 2686 1831; x_wconf 90' lang='lat' dir='ltr'><strong>est</strong></span> <span class='ocrx_word' id='word_1_531' title='bbox 2731 1776 3054 1845; x_wconf 90' lang='lat' dir='ltr'><strong>intelligere</strong></span> <span class='ocrx_word' id='word_1_532' title='bbox 3095 1792 3282 1848; x_wconf 89' lang='lat' dir='ltr'><strong>quam</strong></span> <span class='ocrx_word' id='word_1_533' title='bbox 3321 1777 3479 1848; x_wconf 89' lang='lat' dir='ltr'><strong>juste</strong></span> <span class='ocrx_word' id='word_1_534' title='bbox 3516 1778 3622 1835; x_wconf 83' lang='lat' dir='ltr'><strong>ﬁat</strong></span> <span class='ocrx_word' id='word_1_535' title='bbox 3649 1778 3678 1834; x_wconf 84' lang='lat' dir='ltr'><strong>‘l</strong></span> 
     </span>
    </p>
   </div>
   <div class='ocr_carea' id='block_1_66' title="bbox 2017 1862 3676 1936">
    <p class='ocr_par' dir='ltr' id='par_1_66' title="bbox 2017 1862 3676 1936">
     <span class='ocr_line' id='line_1_66' title="bbox 2017 1862 3676 1936; baseline 0.002 -18"><span class='ocrx_word' id='word_1_536' title='bbox 2017 1862 2190 1928; x_wconf 86' lang='lat' dir='ltr'><strong>Quod</strong></span> <span class='ocrx_word' id='word_1_537' title='bbox 2219 1863 2381 1918; x_wconf 90' lang='lat' dir='ltr'><strong>idem</strong></span> <span class='ocrx_word' id='word_1_538' title='bbox 2412 1863 2702 1920; x_wconf 89' lang='lat' dir='ltr'><strong>Dominus</strong></span> <span class='ocrx_word' id='word_1_539' title='bbox 2739 1865 2881 1920; x_wconf 91' lang='lat' dir='ltr'><strong>dicit</strong></span> <span class='ocrx_word' id='word_1_540' title='bbox 2911 1882 2923 1919; x_wconf 92' lang='lat'><strong>:</strong></span> <span class='ocrx_word' id='word_1_541' title='bbox 2959 1867 3080 1935; x_wconf 86' lang='lat' dir='ltr'><strong>Ego</strong></span> <span class='ocrx_word' id='word_1_542' title='bbox 3112 1866 3262 1931; x_wconf 86' lang='lat' dir='ltr'><strong>veni,</strong></span> <span class='ocrx_word' id='word_1_543' title='bbox 3306 1872 3370 1920; x_wconf 90' lang='lat' dir='ltr'><strong>ut</strong></span> <span class='ocrx_word' id='word_1_544' title='bbox 3409 1867 3515 1936; x_wconf 88' lang='lat' dir='ltr'><strong>qui</strong></span> <span class='ocrx_word' id='word_1_545' title='bbox 3554 1883 3676 1922; x_wconf 88' lang='lat' dir='ltr'><strong>non</strong></span> 
     </span>
    </p>
   </div>
   <div class='ocr_carea' id='block_1_67' title="bbox 2017 1951 3674 2025">
    <p class='ocr_par' dir='ltr' id='par_1_67' title="bbox 2017 1951 3674 2025">
     <span class='ocr_line' id='line_1_67' title="bbox 2017 1951 3674 2025; baseline 0.002 -19"><span class='ocrx_word' id='word_1_546' title='bbox 2017 1951 2217 2007; x_wconf 78' lang='lat' dir='ltr'><strong>vident</strong></span> <span class='ocrx_word' id='word_1_547' title='bbox 2243 1952 2506 2019; x_wconf 79' lang='lat' dir='ltr'><strong>videant,</strong></span> <span class='ocrx_word' id='word_1_548' title='bbox 2547 1959 2602 2009; x_wconf 92' lang='lat' dir='ltr'><strong>et</strong></span> <span class='ocrx_word' id='word_1_549' title='bbox 2633 1954 2740 2025; x_wconf 86' lang='lat' dir='ltr'><strong>qui</strong></span> <span class='ocrx_word' id='word_1_550' title='bbox 2766 1953 2968 2009; x_wconf 90' lang='lat' dir='ltr'><strong>vident</strong></span> <span class='ocrx_word' id='word_1_551' title='bbox 3008 1954 3154 2009; x_wconf 64' lang='lat' dir='ltr'><strong>caeci</strong></span> <span class='ocrx_word' id='word_1_552' title='bbox 3172 1954 3327 2021; x_wconf 84' lang='lat' dir='ltr'><strong>ﬁant</strong></span> <span class='ocrx_word' id='word_1_553' title='bbox 3368 1954 3561 2024; x_wconf 88' lang='lat' dir='ltr'><strong>(Joan,</strong></span> <span class='ocrx_word' id='word_1_554' title='bbox 3592 1970 3674 2023; x_wconf 82' lang='lat' dir='ltr'><strong>1x,</strong></span> 
     </span>
    </p>
   </div>
   <div class='ocr_carea' id='block_1_68' title="bbox 2012 2039 3676 2113">
    <p class='ocr_par' dir='ltr' id='par_1_68' title="bbox 2012 2039 3676 2113">
     <span class='ocr_line' id='line_1_68' title="bbox 2012 2039 3676 2113; baseline 0.003 -19"><span class='ocrx_word' id='word_1_555' title='bbox 2012 2039 2125 2112; x_wconf 89' lang='lat'><strong>39).</strong></span> <span class='ocrx_word' id='word_1_556' title='bbox 2183 2043 2320 2113; x_wconf 91' lang='lat' dir='ltr'><strong>Ipsa</strong></span> <span class='ocrx_word' id='word_1_557' title='bbox 2357 2045 2449 2097; x_wconf 91' lang='lat' dir='ltr'><strong>est</strong></span> <span class='ocrx_word' id='word_1_558' title='bbox 2504 2040 2666 2097; x_wconf 91' lang='lat' dir='ltr'><strong>enim</strong></span> <span class='ocrx_word' id='word_1_559' title='bbox 2715 2041 2973 2097; x_wconf 82' lang='lat' dir='ltr'><strong>altitudo</strong></span> <span class='ocrx_word' id='word_1_560' title='bbox 3019 2042 3369 2098; x_wconf 74' lang='lat' dir='ltr'><strong>divitiarum</strong></span> <span class='ocrx_word' id='word_1_561' title='bbox 3415 2044 3676 2100; x_wconf 68' lang='lat' dir='ltr'><strong>scientiae</strong></span> 
     </span>
    </p>
   </div>
   <div class='ocr_carea' id='block_1_69' title="bbox 2013 2129 3678 2203">
    <p class='ocr_par' dir='ltr' id='par_1_69' title="bbox 2013 2129 3678 2203">
     <span class='ocr_line' id='line_1_69' title="bbox 2013 2129 3678 2203; baseline 0.001 -19"><span class='ocrx_word' id='word_1_562' title='bbox 2013 2134 2066 2184; x_wconf 90' lang='lat' dir='ltr'><strong>et</strong></span> <span class='ocrx_word' id='word_1_563' title='bbox 2097 2131 2406 2198; x_wconf 69' lang='lat' dir='ltr'><strong>sapientiae</strong></span> <span class='ocrx_word' id='word_1_564' title='bbox 2442 2131 2573 2193; x_wconf 83' lang='lat' dir='ltr'><strong>Dei,</strong></span> <span class='ocrx_word' id='word_1_565' title='bbox 2625 2145 2748 2203; x_wconf 91' lang='lat' dir='ltr'><strong>qua</strong></span> <span class='ocrx_word' id='word_1_566' title='bbox 2790 2129 2858 2185; x_wconf 87' lang='lat' dir='ltr'><strong>ﬁt</strong></span> <span class='ocrx_word' id='word_1_567' title='bbox 2900 2145 2977 2186; x_wconf 77' lang='lat' dir='ltr'><strong>ea:</strong></span> <span class='ocrx_word' id='word_1_568' title='bbox 3020 2131 3221 2186; x_wconf 85' lang='lat' dir='ltr'><strong>eadem</strong></span> <span class='ocrx_word' id='word_1_569' title='bbox 3269 2147 3466 2188; x_wconf 88' lang='lat' dir='ltr'><strong>massa</strong></span> <span class='ocrx_word' id='word_1_570' title='bbox 3504 2132 3678 2188; x_wconf 82' lang='lat' dir='ltr'><strong>aliud</strong></span> 
     </span>
    </p>
   </div>
   <div class='ocr_carea' id='block_1_70' title="bbox 2013 2219 3674 2292">
    <p class='ocr_par' dir='ltr' id='par_1_70' title="bbox 2013 2219 3674 2292">
     <span class='ocr_line' id='line_1_70' title="bbox 2013 2219 3674 2292; baseline 0.002 -19"><span class='ocrx_word' id='word_1_571' title='bbox 2013 2233 2117 2274; x_wconf 88' lang='lat' dir='ltr'><strong>vas</strong></span> <span class='ocrx_word' id='word_1_572' title='bbox 2148 2219 2210 2274; x_wconf 88' lang='lat' dir='ltr'><strong>in</strong></span> <span class='ocrx_word' id='word_1_573' title='bbox 2257 2219 2560 2284; x_wconf 82' lang='lat' dir='ltr'><strong>honorem,</strong></span> <span class='ocrx_word' id='word_1_574' title='bbox 2594 2219 2767 2275; x_wconf 90' lang='lat' dir='ltr'><strong>aliud</strong></span> <span class='ocrx_word' id='word_1_575' title='bbox 2807 2220 2872 2275; x_wconf 87' lang='lat' dir='ltr'><strong>in</strong></span> <span class='ocrx_word' id='word_1_576' title='bbox 2904 2221 3322 2276; x_wconf 85' lang='lat' dir='ltr'><strong>contumeliam</strong></span> <span class='ocrx_word' id='word_1_577' title='bbox 3365 2221 3552 2290; x_wconf 79' lang='lat' dir='ltr'><strong>(Rom.</strong></span> <span class='ocrx_word' id='word_1_578' title='bbox 3591 2237 3674 2292; x_wconf 78' lang='lat' dir='ltr'><strong>x1,</strong></span> 
     </span>
    </p>
   </div>
   <div class='ocr_carea' id='block_1_71' title="bbox 2011 2309 3674 2380">
    <p class='ocr_par' dir='ltr' id='par_1_71' title="bbox 2011 2309 3674 2380">
     <span class='ocr_line' id='line_1_71' title="bbox 2011 2309 3674 2380; baseline 0.002 -16"><span class='ocrx_word' id='word_1_579' title='bbox 2011 2312 2135 2380; x_wconf 85' lang='lat'><strong>33);</strong></span> <span class='ocrx_word' id='word_1_580' title='bbox 2168 2313 2226 2364; x_wconf 92' lang='lat' dir='ltr'><strong>et</strong></span> <span class='ocrx_word' id='word_1_581' title='bbox 2279 2309 2494 2366; x_wconf 89' lang='lat' dir='ltr'><strong>dicitur</strong></span> <span class='ocrx_word' id='word_1_582' title='bbox 2548 2309 2712 2366; x_wconf 90' lang='lat' dir='ltr'><strong>carni</strong></span> <span class='ocrx_word' id='word_1_583' title='bbox 2774 2315 2830 2366; x_wconf 92' lang='lat' dir='ltr'><strong>et</strong></span> <span class='ocrx_word' id='word_1_584' title='bbox 2881 2310 3161 2380; x_wconf 90' lang='lat' dir='ltr'><strong>sanguini</strong></span> <span class='ocrx_word' id='word_1_585' title='bbox 3207 2328 3220 2367; x_wconf 91' lang='lat'>:</span> <span class='ocrx_word' id='word_1_586' title='bbox 3265 2311 3312 2366; x_wconf 92' lang='grc' dir='ltr'><em>Ο</em></span> <span class='ocrx_word' id='word_1_587' title='bbox 3360 2311 3551 2380; x_wconf 81' lang='lat' dir='ltr'><strong>homo,</strong></span> <span class='ocrx_word' id='word_1_588' title='bbox 3608 2317 3674 2368; x_wconf 88' lang='lat' dir='ltr'><strong>tu</strong></span> 
     </span>
    </p>
   </div>
   <div class='ocr_carea' id='block_1_72' title="bbox 2011 2398 3673 2472">
    <p class='ocr_par' dir='ltr' id='par_1_72' title="bbox 2011 2398 3673 2472">
     <span class='ocr_line' id='line_1_72' title="bbox 2011 2398 3673 2472; baseline 0.002 -20"><span class='ocrx_word' id='word_1_589' title='bbox 2011 2398 2141 2468; x_wconf 88' lang='lat' dir='ltr'><strong>quis</strong></span> <span class='ocrx_word' id='word_1_590' title='bbox 2172 2413 2230 2454; x_wconf 89' lang='lat' dir='ltr'><strong>es</strong></span> <span class='ocrx_word' id='word_1_591' title='bbox 2251 2400 2358 2471; x_wconf 85' lang='lat' dir='ltr'><strong>qui</strong></span> <span class='ocrx_word' id='word_1_592' title='bbox 2383 2400 2743 2469; x_wconf 81' lang='lat' dir='ltr'><strong>respondeas</strong></span> <span class='ocrx_word' id='word_1_593' title='bbox 2785 2401 2905 2456; x_wconf 89' lang='lat' dir='ltr'><strong>Deo</strong></span> <span class='ocrx_word' id='word_1_594' title='bbox 2937 2403 2965 2454; x_wconf 85' lang='lat'><strong><em>?</em></strong></span> <span class='ocrx_word' id='word_1_595' title='bbox 3007 2399 3196 2471; x_wconf 85' lang='lat' dir='ltr'><strong>(Rom.</strong></span> <span class='ocrx_word' id='word_1_596' title='bbox 3243 2416 3320 2468; x_wconf 85' lang='lat' dir='ltr'><strong>1x,</strong></span> <span class='ocrx_word' id='word_1_597' title='bbox 3364 2401 3480 2472; x_wconf 91' lang='lat'><strong>20).</strong></span> <span class='ocrx_word' id='word_1_598' title='bbox 3532 2401 3673 2468; x_wconf 83' lang='lat' dir='ltr'><strong>Quis</strong></span> 
     </span>
    </p>
   </div>
   <div class='ocr_carea' id='block_1_73' title="bbox 2008 2487 3750 2568">
    <p class='ocr_par' dir='ltr' id='par_1_73' title="bbox 2008 2487 3750 2568">
     <span class='ocr_line' id='line_1_73' title="bbox 2008 2487 3750 2568; baseline 0.002 -28"><span class='ocrx_word' id='word_1_599' title='bbox 2008 2500 2152 2555; x_wconf 86' lang='lat' dir='ltr'><strong>ergo</strong></span> <span class='ocrx_word' id='word_1_600' title='bbox 2183 2490 2240 2542; x_wconf 90' lang='lat' dir='ltr'><strong>et</strong></span> <span class='ocrx_word' id='word_1_601' title='bbox 2276 2487 2339 2542; x_wconf 91' lang='lat' dir='ltr'><strong>in</strong></span> <span class='ocrx_word' id='word_1_602' title='bbox 2377 2488 2492 2544; x_wconf 89' lang='lat' dir='ltr'><strong>hac</strong></span> <span class='ocrx_word' id='word_1_603' title='bbox 2537 2504 2600 2544; x_wconf 92' lang='lat' dir='ltr'><strong>re</strong></span> <span class='ocrx_word' id='word_1_604' title='bbox 2649 2489 2952 2560; x_wconf 87' lang='lat' dir='ltr'><strong>cognoscit</strong></span> <span class='ocrx_word' id='word_1_605' title='bbox 2999 2489 3370 2545; x_wconf 85' lang='lat' dir='ltr'><strong>intellectum</strong></span> <span class='ocrx_word' id='word_1_606' title='bbox 3410 2489 3670 2568; x_wconf 83' lang='lat' dir='ltr'><strong>Domini,</strong></span> <span class='ocrx_word' id='word_1_607' title='bbox 3739 2561 3750 2568; x_wconf 30' lang='grc' dir='ltr'><em>ν</em></span> 
     </span>
    </p>
   </div>
   <div class='ocr_carea' id='block_1_74' title="bbox 2007 2567 3674 2650">
    <p class='ocr_par' dir='ltr' id='par_1_74' title="bbox 2007 2567 3674 2650">
     <span class='ocr_line' id='line_1_74' title="bbox 2007 2567 3674 2650; baseline 0.001 -19"><span class='ocrx_word' id='word_1_608' title='bbox 2007 2581 2114 2631; x_wconf 84' lang='lat' dir='ltr'><strong>aut</strong></span> <span class='ocrx_word' id='word_1_609' title='bbox 2143 2577 2274 2647; x_wconf 88' lang='lat' dir='ltr'><strong>quis</strong></span> <span class='ocrx_word' id='word_1_610' title='bbox 2323 2578 2707 2634; x_wconf 83' lang='lat' dir='ltr'><strong>consiliarius</strong></span> <span class='ocrx_word' id='word_1_611' title='bbox 2747 2579 2846 2634; x_wconf 85' lang='lat' dir='ltr'><strong>illi</strong></span> <span class='ocrx_word' id='word_1_612' title='bbox 2879 2579 2999 2650; x_wconf 76' lang='lat' dir='ltr'><strong>fuit</strong></span> <span class='ocrx_word' id='word_1_613' title='bbox 3051 2577 3234 2648; x_wconf 81' lang='lat' dir='ltr'><strong>(Rom.</strong></span> <span class='ocrx_word' id='word_1_614' title='bbox 3281 2593 3368 2644; x_wconf 70' lang='lat' dir='ltr'><strong>xx,</strong></span> <span class='ocrx_word' id='word_1_615' title='bbox 3414 2578 3526 2649; x_wconf 72' lang='grc'><strong>34),</strong></span> <span class='ocrx_word' id='word_1_616' title='bbox 3568 2567 3674 2633; x_wconf 85' lang='lat' dir='ltr'><strong>ubi</strong></span> 
     </span>
    </p>
   </div>
   <div class='ocr_carea' id='block_1_75' title="bbox 2010 2664 3673 2736">
    <p class='ocr_par' dir='ltr' id='par_1_75' title="bbox 2010 2664 3673 2736">
     <span class='ocr_line' id='line_1_75' title="bbox 2010 2664 3673 2736; baseline 0.002 -17"><span class='ocrx_word' id='word_1_617' title='bbox 2010 2664 2094 2720; x_wconf 91' lang='lat' dir='ltr'><strong>sic</strong></span> <span class='ocrx_word' id='word_1_618' title='bbox 2125 2665 2488 2735; x_wconf 88' lang='lat' dir='ltr'><strong>gubernavit</strong></span> <span class='ocrx_word' id='word_1_619' title='bbox 2515 2667 2699 2723; x_wconf 90' lang='lat' dir='ltr'><strong>corda</strong></span> <span class='ocrx_word' id='word_1_620' title='bbox 2729 2666 3247 2722; x_wconf 86' lang='lat' dir='ltr'><strong>reminiscentium</strong></span> <span class='ocrx_word' id='word_1_621' title='bbox 3277 2665 3673 2736; x_wconf 88' lang='lat' dir='ltr'><strong>evangelista-</strong></span> 
     </span>
    </p>
   </div>
   <div class='ocr_carea' id='block_1_76' title="bbox 2007 2752 3672 2824">
    <p class='ocr_par' dir='ltr' id='par_1_76' title="bbox 2007 2752 3672 2824">
     <span class='ocr_line' id='line_1_76' title="bbox 2007 2752 3672 2824; baseline 0 -15"><span class='ocrx_word' id='word_1_622' title='bbox 2007 2770 2164 2824; x_wconf 92' lang='lat' dir='ltr'><strong>rum,</strong></span> <span class='ocrx_word' id='word_1_623' title='bbox 2197 2759 2254 2811; x_wconf 89' lang='lat' dir='ltr'><strong>et</strong></span> <span class='ocrx_word' id='word_1_624' title='bbox 2283 2755 2345 2810; x_wconf 92' lang='lat' dir='ltr'><strong>in</strong></span> <span class='ocrx_word' id='word_1_625' title='bbox 2379 2755 2653 2811; x_wconf 66' lang='lat' dir='ltr'><strong>Ecclesia:</strong></span> <span class='ocrx_word' id='word_1_626' title='bbox 2683 2755 2919 2824; x_wconf 86' lang='lat' dir='ltr'><strong>fastigio</strong></span> <span class='ocrx_word' id='word_1_627' title='bbox 2951 2758 3115 2811; x_wconf 91' lang='lat' dir='ltr'><strong>tanto</strong></span> <span class='ocrx_word' id='word_1_628' title='bbox 3147 2753 3517 2810; x_wconf 88' lang='lat' dir='ltr'><strong>auctoritatis</strong></span> <span class='ocrx_word' id='word_1_629' title='bbox 3547 2752 3672 2809; x_wconf 92' lang='lat' dir='ltr'><strong>cul-</strong></span> 
     </span>
    </p>
   </div>
   <div class='ocr_carea' id='block_1_77' title="bbox 2007 2841 3673 2915">
    <p class='ocr_par' dir='ltr' id='par_1_77' title="bbox 2007 2841 3673 2915">
     <span class='ocr_line' id='line_1_77' title="bbox 2007 2841 3673 2915; baseline -0.001 -18"><span class='ocrx_word' id='word_1_630' title='bbox 2007 2842 2169 2898; x_wconf 90' lang='lat' dir='ltr'><strong>mine</strong></span> <span class='ocrx_word' id='word_1_631' title='bbox 2220 2843 2586 2910; x_wconf 90' lang='lat' dir='ltr'><strong>sublimavit,</strong></span> <span class='ocrx_word' id='word_1_632' title='bbox 2652 2847 2714 2898; x_wconf 90' lang='lat' dir='ltr'><strong>ut</strong></span> <span class='ocrx_word' id='word_1_633' title='bbox 2767 2858 2874 2915; x_wconf 91' lang='lat' dir='ltr'><strong>per</strong></span> <span class='ocrx_word' id='word_1_634' title='bbox 2925 2843 3055 2897; x_wconf 68' lang='lat' dir='ltr'><strong>haec</strong></span> <span class='ocrx_word' id='word_1_635' title='bbox 3102 2842 3240 2913; x_wconf 90' lang='lat' dir='ltr'><strong>ipsa</strong></span> <span class='ocrx_word' id='word_1_636' title='bbox 3282 2857 3418 2913; x_wconf 71' lang='lat' dir='ltr'><strong>quae</strong></span> <span class='ocrx_word' id='word_1_637' title='bbox 3469 2841 3530 2896; x_wconf 90' lang='lat' dir='ltr'><strong>in</strong></span> <span class='ocrx_word' id='word_1_638' title='bbox 3588 2841 3673 2896; x_wconf 87' lang='lat' dir='ltr'><strong>eis</strong></span> 
     </span>
    </p>
   </div>
   <div class='ocr_carea' id='block_1_78' title="bbox 2008 2927 3672 3001">
    <p class='ocr_par' dir='ltr' id='par_1_78' title="bbox 2008 2927 3672 3001">
     <span class='ocr_line' id='line_1_78' title="bbox 2008 2927 3672 3001; baseline -0.001 -15"><span class='ocrx_word' id='word_1_639' title='bbox 2008 2930 2308 2986; x_wconf 87' lang='lat' dir='ltr'><strong>contraria</strong></span> <span class='ocrx_word' id='word_1_640' title='bbox 2337 2929 2521 2985; x_wconf 91' lang='lat' dir='ltr'><strong>videri</strong></span> <span class='ocrx_word' id='word_1_641' title='bbox 2551 2933 2823 3001; x_wconf 88' lang='lat' dir='ltr'><strong>possunt,</strong></span> <span class='ocrx_word' id='word_1_642' title='bbox 2857 2928 2963 2984; x_wconf 90' lang='lat' dir='ltr'><strong>ulti</strong></span> <span class='ocrx_word' id='word_1_643' title='bbox 2998 2932 3458 2994; x_wconf 71' lang='lat' dir='ltr'><strong>excaecarentur,</strong></span> <span class='ocrx_word' id='word_1_644' title='bbox 3491 2927 3672 2998; x_wconf 84' lang='lat' dir='ltr'><strong>digne</strong></span> 
     </span>
    </p>
   </div>
   <div class='ocr_carea' id='block_1_79' title="bbox 2008 3016 3672 3087">
    <p class='ocr_par' dir='ltr' id='par_1_79' title="bbox 2008 3016 3672 3087">
     <span class='ocr_line' id='line_1_79' title="bbox 2008 3016 3672 3087; baseline -0.001 -13"><span class='ocrx_word' id='word_1_645' title='bbox 2008 3019 2226 3075; x_wconf 79' lang='lat' dir='ltr'><strong>traditi</strong></span> <span class='ocrx_word' id='word_1_646' title='bbox 2250 3020 2313 3074; x_wconf 87' lang='lat' dir='ltr'><strong>in</strong></span> <span class='ocrx_word' id='word_1_647' title='bbox 2343 3019 2857 3087; x_wconf 80' lang='lat' dir='ltr'><strong>concupz‘scentias</strong></span> <span class='ocrx_word' id='word_1_648' title='bbox 2897 3018 3094 3073; x_wconf 85' lang='lat' dir='ltr'><strong>cordis</strong></span> <span class='ocrx_word' id='word_1_649' title='bbox 3135 3019 3232 3071; x_wconf 85' lang='lat' dir='ltr'><strong>sui</strong></span> <span class='ocrx_word' id='word_1_650' title='bbox 3272 3021 3330 3072; x_wconf 89' lang='lat' dir='ltr'><strong>et</strong></span> <span class='ocrx_word' id='word_1_651' title='bbox 3367 3016 3429 3070; x_wconf 89' lang='lat' dir='ltr'><strong>in</strong></span> <span class='ocrx_word' id='word_1_652' title='bbox 3469 3030 3672 3084; x_wconf 87' lang='lat' dir='ltr'><strong>repro-</strong></span> 
     </span>
    </p>
   </div>
   <div class='ocr_carea' id='block_1_80' title="bbox 2009 3104 3671 3176">
    <p class='ocr_par' dir='ltr' id='par_1_80' title="bbox 2009 3104 3671 3176">
     <span class='ocr_line' id='line_1_80' title="bbox 2009 3104 3671 3176; baseline -0.001 -14"><span class='ocrx_word' id='word_1_653' title='bbox 2009 3108 2144 3164; x_wconf 87' lang='lat' dir='ltr'><strong>bum</strong></span> <span class='ocrx_word' id='word_1_654' title='bbox 2166 3123 2400 3164; x_wconf 84' lang='lat' dir='ltr'><strong>sensum</strong></span> <span class='ocrx_word' id='word_1_655' title='bbox 2427 3107 2618 3174; x_wconf 81' lang='lat' dir='ltr'><strong>(Rom.</strong></span> <span class='ocrx_word' id='word_1_656' title='bbox 2651 3123 2689 3168; x_wconf 83' lang='grc' dir='ltr'><strong>ι,</strong></span> <span class='ocrx_word' id='word_1_657' title='bbox 2723 3106 2833 3176; x_wconf 88' lang='lat'><strong>28),</strong></span> <span class='ocrx_word' id='word_1_658' title='bbox 2863 3110 2918 3161; x_wconf 88' lang='lat' dir='ltr'><strong>et</strong></span> <span class='ocrx_word' id='word_1_659' title='bbox 2948 3104 3119 3160; x_wconf 92' lang='lat' dir='ltr'><strong>multi</strong></span> <span class='ocrx_word' id='word_1_660' title='bbox 3149 3107 3564 3160; x_wconf 78' lang='lat' dir='ltr'><strong>exercerentur</strong></span> <span class='ocrx_word' id='word_1_661' title='bbox 3591 3104 3671 3160; x_wconf 88' lang='lat' dir='ltr'><strong>ad</strong></span> 
     </span>
    </p>
   </div>
   <div class='ocr_carea' id='block_1_81' title="bbox 2009 3193 3670 3269">
    <p class='ocr_par' dir='ltr' id='par_1_81' title="bbox 2009 3193 3670 3269">
     <span class='ocr_line' id='line_1_81' title="bbox 2009 3193 3670 3269; baseline -0.002 -16"><span class='ocrx_word' id='word_1_662' title='bbox 2009 3197 2378 3254; x_wconf 91' lang='lat' dir='ltr'><strong>elimandum</strong></span> <span class='ocrx_word' id='word_1_663' title='bbox 2418 3197 2586 3269; x_wconf 92' lang='lat' dir='ltr'><strong>pium</strong></span> <span class='ocrx_word' id='word_1_664' title='bbox 2607 3195 2970 3251; x_wconf 90' lang='lat' dir='ltr'><strong>intellectum</strong></span> <span class='ocrx_word' id='word_1_665' title='bbox 3005 3194 3339 3249; x_wconf 91' lang='lat' dir='ltr'><strong>secundum</strong></span> <span class='ocrx_word' id='word_1_666' title='bbox 3371 3193 3670 3250; x_wconf 90' lang='lat' dir='ltr'><strong>occultam</strong></span> 
     </span>
    </p>
   </div>
   <div class='ocr_carea' id='block_1_82' title="bbox 2010 3282 3668 3359">
    <p class='ocr_par' dir='ltr' id='par_1_82' title="bbox 2010 3282 3668 3359">
     <span class='ocr_line' id='line_1_82' title="bbox 2010 3282 3668 3359; baseline -0.004 -16"><span class='ocrx_word' id='word_1_667' title='bbox 2010 3286 2445 3359; x_wconf 88' lang='lat' dir='ltr'><strong>Omnipotentis</strong></span> <span class='ocrx_word' id='word_1_668' title='bbox 2483 3285 2794 3356; x_wconf 87' lang='lat' dir='ltr'><strong>justitiam.</strong></span> <span class='ocrx_word' id='word_1_669' title='bbox 2843 3283 2990 3339; x_wconf 89' lang='lat' dir='ltr'><strong>Dicit</strong></span> <span class='ocrx_word' id='word_1_670' title='bbox 3019 3283 3178 3338; x_wconf 91' lang='lat' dir='ltr'><strong>enim</strong></span> <span class='ocrx_word' id='word_1_671' title='bbox 3219 3282 3516 3355; x_wconf 87' lang='lat' dir='ltr'><strong>Propheta</strong></span> <span class='ocrx_word' id='word_1_672' title='bbox 3555 3285 3668 3337; x_wconf 90' lang='lat' dir='ltr'><strong>Do-</strong></span> 
     </span>
    </p>
   </div>
   <div class='ocr_carea' id='block_1_83' title="bbox 2008 3373 3668 3445">
    <p class='ocr_par' dir='ltr' id='par_1_83' title="bbox 2008 3373 3668 3445">
     <span class='ocr_line' id='line_1_83' title="bbox 2008 3373 3668 3445; baseline -0.002 -14"><span class='ocrx_word' id='word_1_673' title='bbox 2008 3375 2171 3431; x_wconf 91' lang='lat' dir='ltr'><strong>mino</strong></span> <span class='ocrx_word' id='word_1_674' title='bbox 2193 3392 2205 3430; x_wconf 90' lang='lat'><strong>:</strong></span> <span class='ocrx_word' id='word_1_675' title='bbox 2225 3376 2418 3431; x_wconf 88' lang='lat' dir='ltr'><strong>Nimis</strong></span> <span class='ocrx_word' id='word_1_676' title='bbox 2430 3375 2756 3445; x_wconf 76' lang='lat' dir='ltr'><strong>profundae</strong></span> <span class='ocrx_word' id='word_1_677' title='bbox 2765 3375 2950 3444; x_wconf 59' lang='lat' dir='ltr'><strong>factm</strong></span> <span class='ocrx_word' id='word_1_678' title='bbox 2961 3378 3100 3428; x_wconf 85' lang='lat' dir='ltr'><strong>sunt</strong></span> <span class='ocrx_word' id='word_1_679' title='bbox 3121 3373 3507 3443; x_wconf 83' lang='lat' dir='ltr'><strong>cogitationes</strong></span> <span class='ocrx_word' id='word_1_680' title='bbox 3528 3376 3668 3442; x_wconf 67' lang='lat' dir='ltr'><strong>tuas,</strong></span> 
     </span>
    </p>
   </div>
   <div class='ocr_carea' id='block_1_84' title="bbox 2008 3461 3670 3534">
    <p class='ocr_par' dir='ltr' id='par_1_84' title="bbox 2008 3461 3670 3534">
     <span class='ocr_line' id='line_1_84' title="bbox 2008 3461 3670 3534; baseline -0.003 -14"><span class='ocrx_word' id='word_1_681' title='bbox 2008 3466 2104 3520; x_wconf 86' lang='lat' dir='ltr'><strong>vir</strong></span> <span class='ocrx_word' id='word_1_682' title='bbox 2130 3465 2480 3534; x_wconf 83' lang='lat' dir='ltr'><strong>imprudens</strong></span> <span class='ocrx_word' id='word_1_683' title='bbox 2510 3479 2630 3518; x_wconf 87' lang='lat' dir='ltr'><strong>non</strong></span> <span class='ocrx_word' id='word_1_684' title='bbox 2656 3467 2984 3534; x_wconf 82' lang='lat' dir='ltr'><strong>cognoscet,</strong></span> <span class='ocrx_word' id='word_1_685' title='bbox 3017 3467 3068 3516; x_wconf 90' lang='lat' dir='ltr'><strong>et</strong></span> <span class='ocrx_word' id='word_1_686' title='bbox 3099 3462 3321 3516; x_wconf 86' lang='lat' dir='ltr'><strong>stultus</strong></span> <span class='ocrx_word' id='word_1_687' title='bbox 3351 3477 3470 3516; x_wconf 88' lang='lat' dir='ltr'><strong>non</strong></span> <span class='ocrx_word' id='word_1_688' title='bbox 3498 3461 3670 3515; x_wconf 84' lang='lat' dir='ltr'><strong>intel-</strong></span> 
     </span>
    </p>
   </div>
   <div class='ocr_carea' id='block_1_85' title="bbox 2011 3550 3668 3624">
    <p class='ocr_par' dir='ltr' id='par_1_85' title="bbox 2011 3550 3668 3624">
     <span class='ocr_line' id='line_1_85' title="bbox 2011 3550 3668 3624; baseline -0.004 -14"><span class='ocrx_word' id='word_1_689' title='bbox 2011 3555 2153 3624; x_wconf 85' lang='lat' dir='ltr'><strong>liget</strong></span> <span class='ocrx_word' id='word_1_690' title='bbox 2185 3554 2309 3609; x_wconf 65' lang='lat' dir='ltr'><strong>hwc</strong></span> <span class='ocrx_word' id='word_1_691' title='bbox 2331 3553 2518 3624; x_wconf 88' lang='lat' dir='ltr'><strong>(Psal.</strong></span> <span class='ocrx_word' id='word_1_692' title='bbox 2546 3569 2661 3608; x_wconf 72' lang='grc' dir='ltr'><strong>χοι.</strong></span> <span class='ocrx_word' id='word_1_693' title='bbox 2685 3556 2758 3624; x_wconf 86' lang='grc' dir='ltr'><strong>ϐ).</strong></span> <span class='ocrx_word' id='word_1_694' title='bbox 2784 3555 2921 3608; x_wconf 87' lang='lat' dir='ltr'><strong>Peto</strong></span> <span class='ocrx_word' id='word_1_695' title='bbox 2940 3554 3143 3606; x_wconf 89' lang='lat' dir='ltr'><strong>autem</strong></span> <span class='ocrx_word' id='word_1_696' title='bbox 3165 3555 3221 3605; x_wconf 90' lang='lat' dir='ltr'><strong>et</strong></span> <span class='ocrx_word' id='word_1_697' title='bbox 3241 3550 3534 3606; x_wconf 90' lang='lat' dir='ltr'><strong>admones</strong></span> <span class='ocrx_word' id='word_1_698' title='bbox 3566 3564 3668 3604; x_wconf 89' lang='lat' dir='ltr'><strong>eos</strong></span> 
     </span>
    </p>
   </div>
   <div class='ocr_carea' id='block_1_86' title="bbox 2009 3636 3669 3715">
    <p class='ocr_par' dir='ltr' id='par_1_86' title="bbox 2009 3636 3669 3715">
     <span class='ocr_line' id='line_1_86' title="bbox 2009 3636 3669 3715; baseline -0.004 -18"><span class='ocrx_word' id='word_1_699' title='bbox 2009 3643 2114 3715; x_wconf 91' lang='lat' dir='ltr'><strong>qui</strong></span> <span class='ocrx_word' id='word_1_700' title='bbox 2140 3642 2268 3697; x_wconf 83' lang='lat' dir='ltr'><strong>haec</strong></span> <span class='ocrx_word' id='word_1_701' title='bbox 2297 3641 2524 3710; x_wconf 90' lang='lat' dir='ltr'><strong>legunt,</strong></span> <span class='ocrx_word' id='word_1_702' title='bbox 2553 3657 2660 3713; x_wconf 90' lang='lat' dir='ltr'><strong>per</strong></span> <span class='ocrx_word' id='word_1_703' title='bbox 2687 3656 2800 3696; x_wconf 90' lang='lat' dir='ltr'><strong>nos</strong></span> <span class='ocrx_word' id='word_1_704' title='bbox 2829 3639 3157 3710; x_wconf 89' lang='lat' dir='ltr'><strong>adjuvante</strong></span> <span class='ocrx_word' id='word_1_705' title='bbox 3187 3638 3439 3694; x_wconf 90' lang='lat' dir='ltr'><strong>Domino</strong></span> <span class='ocrx_word' id='word_1_706' title='bbox 3467 3636 3669 3692; x_wconf 91' lang='lat' dir='ltr'><strong>elabo-</strong></span> 
     </span>
    </p>
   </div>
   <div class='ocr_carea' id='block_1_87' title="bbox 2009 3727 3671 3802">
    <p class='ocr_par' dir='ltr' id='par_1_87' title="bbox 2009 3727 3671 3802">
     <span class='ocr_line' id='line_1_87' title="bbox 2009 3727 3671 3802; baseline -0.003 -16"><span class='ocrx_word' id='word_1_707' title='bbox 2009 3735 2156 3799; x_wconf 91' lang='lat' dir='ltr'><strong>rata,</strong></span> <span class='ocrx_word' id='word_1_708' title='bbox 2189 3735 2254 3786; x_wconf 90' lang='lat' dir='ltr'><strong>ut</strong></span> <span class='ocrx_word' id='word_1_709' title='bbox 2280 3730 2462 3800; x_wconf 89' lang='lat' dir='ltr'><strong>hujus</strong></span> <span class='ocrx_word' id='word_1_710' title='bbox 2492 3729 2786 3785; x_wconf 90' lang='lat' dir='ltr'><strong>sermonis</strong></span> <span class='ocrx_word' id='word_1_711' title='bbox 2805 3745 2985 3802; x_wconf 91' lang='lat' dir='ltr'><strong>quem</strong></span> <span class='ocrx_word' id='word_1_712' title='bbox 3007 3729 3122 3784; x_wconf 91' lang='lat' dir='ltr'><strong>hoc</strong></span> <span class='ocrx_word' id='word_1_713' title='bbox 3140 3727 3274 3783; x_wconf 93' lang='lat' dir='ltr'><strong>loco</strong></span> <span class='ocrx_word' id='word_1_714' title='bbox 3294 3727 3671 3798; x_wconf 89' lang='lat' dir='ltr'><strong>interponen-</strong></span> 
     </span>
    </p>
   </div>
   <div class='ocr_carea' id='block_1_88' title="bbox 2009 3815 3667 3886">
    <p class='ocr_par' dir='ltr' id='par_1_88' title="bbox 2009 3815 3667 3886">
     <span class='ocr_line' id='line_1_88' title="bbox 2009 3815 3667 3886; baseline -0.005 -11"><span class='ocrx_word' id='word_1_715' title='bbox 2009 3819 2158 3874; x_wconf 93' lang='lat' dir='ltr'><strong>dum</strong></span> <span class='ocrx_word' id='word_1_716' title='bbox 2201 3819 2525 3874; x_wconf 88' lang='lat' dir='ltr'><strong>arbitratus</strong></span> <span class='ocrx_word' id='word_1_717' title='bbox 2566 3833 2720 3883; x_wconf 88' lang='lat' dir='ltr'><strong>sum,</strong></span> <span class='ocrx_word' id='word_1_718' title='bbox 2754 3817 2813 3870; x_wconf 89' lang='lat' dir='ltr'><strong>in</strong></span> <span class='ocrx_word' id='word_1_719' title='bbox 2861 3817 3026 3871; x_wconf 91' lang='lat' dir='ltr'><strong>omni</strong></span> <span class='ocrx_word' id='word_1_720' title='bbox 3059 3815 3235 3870; x_wconf 88' lang='lat' dir='ltr'><strong>simili</strong></span> <span class='ocrx_word' id='word_1_721' title='bbox 3265 3815 3667 3886; x_wconf 75' lang='lat' dir='ltr'><strong>quaestionum</strong></span> 
     </span>
    </p>
   </div>
   <div class='ocr_carea' id='block_1_89' title="bbox 2010 3901 3670 3975">
    <p class='ocr_par' dir='ltr' id='par_1_89' title="bbox 2010 3901 3670 3975">
     <span class='ocr_line' id='line_1_89' title="bbox 2010 3901 3670 3975; baseline -0.004 -12"><span class='ocrx_word' id='word_1_722' title='bbox 2010 3906 2358 3963; x_wconf 88' lang='lat' dir='ltr'><strong>difﬁcultate</strong></span> <span class='ocrx_word' id='word_1_723' title='bbox 2406 3905 2805 3973; x_wconf 86' lang='lat' dir='ltr'><strong>meminerint,</strong></span> <span class='ocrx_word' id='word_1_724' title='bbox 2853 3919 2928 3959; x_wconf 91' lang='lat' dir='ltr'><strong>ne</strong></span> <span class='ocrx_word' id='word_1_725' title='bbox 2970 3903 3191 3975; x_wconf 70' lang='lat' dir='ltr'><strong>saepius</strong></span> <span class='ocrx_word' id='word_1_726' title='bbox 3239 3901 3451 3956; x_wconf 88' lang='lat' dir='ltr'><strong>eadem</strong></span> <span class='ocrx_word' id='word_1_727' title='bbox 3501 3916 3670 3973; x_wconf 90' lang='lat' dir='ltr'><strong>repe-</strong></span> 
     </span>
    </p>
   </div>
   <div class='ocr_carea' id='block_1_90' title="bbox 2009 3994 2377 4065">
    <p class='ocr_par' dir='ltr' id='par_1_90' title="bbox 2009 3994 2377 4065">
     <span class='ocr_line' id='line_1_90' title="bbox 2009 3994 2377 4065; baseline -0.005 -15"><span class='ocrx_word' id='word_1_728' title='bbox 2009 3995 2192 4051; x_wconf 88' lang='lat' dir='ltr'><strong>tenda</strong></span> <span class='ocrx_word' id='word_1_729' title='bbox 2217 3994 2377 4065; x_wconf 90' lang='lat' dir='ltr'><strong>sint.]</strong></span> 
     </span>
    </p>
   </div>
   <div class='ocr_carea' id='block_1_91' title="bbox 2081 4077 3662 4155">
    <p class='ocr_par' dir='ltr' id='par_1_91' title="bbox 2081 4077 3662 4155">
     <span class='ocr_line' id='line_1_91' title="bbox 2081 4077 3662 4155; baseline -0.003 -18"><span class='ocrx_word' id='word_1_730' title='bbox 2081 4086 2123 4155; x_wconf 63' lang='grc' dir='ltr'><strong>ι)-</strong></span> <span class='ocrx_word' id='word_1_731' title='bbox 2163 4083 2327 4139; x_wconf 91' lang='lat' dir='ltr'><strong>Idem</strong></span> <span class='ocrx_word' id='word_1_732' title='bbox 2371 4083 2432 4138; x_wconf 93' lang='lat' dir='ltr'><strong>in</strong></span> <span class='ocrx_word' id='word_1_733' title='bbox 2492 4079 2747 4154; x_wconf 89' lang='lat' dir='ltr'><strong>epistola</strong></span> <span class='ocrx_word' id='word_1_734' title='bbox 2797 4079 2874 4136; x_wconf 90' lang='lat' dir='ltr'><strong>ad</strong></span> <span class='ocrx_word' id='word_1_735' title='bbox 2929 4079 3158 4135; x_wconf 86' lang='lat' dir='ltr'><strong>Sixtum</strong></span> <span class='ocrx_word' id='word_1_736' title='bbox 3214 4078 3426 4151; x_wconf 80' lang='lat' dir='ltr'><strong>(Epist.</strong></span> <span class='ocrx_word' id='word_1_737' title='bbox 3486 4077 3607 4150; x_wconf 85' lang='grc'><strong>105)</strong></span> <span class='ocrx_word' id='word_1_738' title='bbox 3649 4096 3662 4134; x_wconf 91' lang='lat'>:</span> 
     </span>
    </p>
   </div>
   <div class='ocr_carea' id='block_1_92' title="bbox 2013 4169 3666 4244">
    <p class='ocr_par' dir='ltr' id='par_1_92' title="bbox 2013 4169 3666 4244">
     <span class='ocr_line' id='line_1_92' title="bbox 2013 4169 3666 4244; baseline -0.004 -14"><span class='ocrx_word' id='word_1_739' title='bbox 2013 4172 2316 4244; x_wconf 84' lang='lat' dir='ltr'><strong>[Quamvis</strong></span> <span class='ocrx_word' id='word_1_740' title='bbox 2348 4173 2549 4244; x_wconf 90' lang='lat' dir='ltr'><strong>itaque</strong></span> <span class='ocrx_word' id='word_1_741' title='bbox 2583 4173 2736 4226; x_wconf 89' lang='lat' dir='ltr'><strong>Deus</strong></span> <span class='ocrx_word' id='word_1_742' title='bbox 2762 4170 2942 4227; x_wconf 89' lang='lat' dir='ltr'><strong>faciat</strong></span> <span class='ocrx_word' id='word_1_743' title='bbox 2969 4185 3114 4226; x_wconf 88' lang='lat' dir='ltr'><strong>vasa</strong></span> <span class='ocrx_word' id='word_1_744' title='bbox 3143 4171 3250 4225; x_wconf 59' lang='lat' dir='ltr'><strong>ira?</strong></span> <span class='ocrx_word' id='word_1_745' title='bbox 3288 4171 3350 4225; x_wconf 90' lang='lat' dir='ltr'><strong>in</strong></span> <span class='ocrx_word' id='word_1_746' title='bbox 3374 4169 3666 4239; x_wconf 88' lang='lat' dir='ltr'><strong>perditio-</strong></span> 
     </span>
    </p>
   </div>
   <div class='ocr_carea' id='block_1_93' title="bbox 2011 4260 3665 4334">
    <p class='ocr_par' dir='ltr' id='par_1_93' title="bbox 2011 4260 3665 4334">
     <span class='ocr_line' id='line_1_93' title="bbox 2011 4260 3665 4334; baseline -0.004 -14"><span class='ocrx_word' id='word_1_747' title='bbox 2011 4279 2165 4334; x_wconf 87' lang='lat' dir='ltr'><strong>nem,</strong></span> <span class='ocrx_word' id='word_1_748' title='bbox 2202 4269 2265 4319; x_wconf 90' lang='lat' dir='ltr'><strong>ut</strong></span> <span class='ocrx_word' id='word_1_749' title='bbox 2303 4262 2576 4319; x_wconf 88' lang='lat' dir='ltr'><strong>ostendat</strong></span> <span class='ocrx_word' id='word_1_750' title='bbox 2613 4263 2790 4328; x_wconf 86' lang='lat' dir='ltr'><strong>iram,</strong></span> <span class='ocrx_word' id='word_1_751' title='bbox 2844 4266 2900 4318; x_wconf 83' lang='lat' dir='ltr'><strong>et</strong></span> <span class='ocrx_word' id='word_1_752' title='bbox 2948 4260 3307 4316; x_wconf 87' lang='lat' dir='ltr'><strong>demonstret</strong></span> <span class='ocrx_word' id='word_1_753' title='bbox 3333 4260 3665 4328; x_wconf 85' lang='lat' dir='ltr'><strong>potentiam</strong></span> 
     </span>
    </p>
   </div>
   <div class='ocr_carea' id='block_1_94' title="bbox 230 4325 3667 4425">
    <p class='ocr_par' dir='ltr' id='par_1_94' title="bbox 230 4325 3667 4425">
     <span class='ocr_line' id='line_1_94' title="bbox 230 4325 3667 4425; baseline 0 -22"><span class='ocrx_word' id='word_1_754' title='bbox 230 4363 368 4404; x_wconf 88' lang='lat' dir='ltr'><strong>ram</strong></span> <span class='ocrx_word' id='word_1_755' title='bbox 431 4349 533 4405; x_wconf 91' lang='lat' dir='ltr'><strong>Dei</strong></span> <span class='ocrx_word' id='word_1_756' title='bbox 596 4349 772 4407; x_wconf 88' lang='lat' dir='ltr'><strong>malis</strong></span> <span class='ocrx_word' id='word_1_757' title='bbox 840 4349 1123 4406; x_wconf 90' lang='lat' dir='ltr'><strong>omnibus</strong></span> <span class='ocrx_word' id='word_1_758' title='bbox 1188 4351 1436 4425; x_wconf 91' lang='lat' dir='ltr'><strong>implere</strong></span> <span class='ocrx_word' id='word_1_759' title='bbox 1496 4325 1694 4408; x_wconf 66' lang='lat' dir='ltr'><strong>conati</strong></span> <span class='ocrx_word' id='word_1_760' title='bbox 1742 4357 1896 4409; x_wconf 91' lang='lat' dir='ltr'><strong>sunt.</strong></span> <span class='ocrx_word' id='word_1_761' title='bbox 1939 4325 1982 4380; x_wconf 68' lang='grc' dir='ltr'><strong>Β</strong></span> <span class='ocrx_word' id='word_1_762' title='bbox 2011 4369 2204 4423; x_wconf 88' lang='lat' dir='ltr'><strong>suam,</strong></span> <span class='ocrx_word' id='word_1_763' title='bbox 2235 4369 2422 4425; x_wconf 89' lang='lat' dir='ltr'><strong>quam</strong></span> <span class='ocrx_word' id='word_1_764' title='bbox 2451 4351 2606 4408; x_wconf 88' lang='lat' dir='ltr'><strong>bene</strong></span> <span class='ocrx_word' id='word_1_765' title='bbox 2636 4354 2836 4406; x_wconf 90' lang='lat' dir='ltr'><strong>utatur</strong></span> <span class='ocrx_word' id='word_1_766' title='bbox 2874 4350 3052 4406; x_wconf 86' lang='lat' dir='ltr'><strong>etiam</strong></span> <span class='ocrx_word' id='word_1_767' title='bbox 3084 4347 3280 4415; x_wconf 92' lang='lat' dir='ltr'><strong>malis,</strong></span> <span class='ocrx_word' id='word_1_768' title='bbox 3313 4353 3368 4404; x_wconf 91' lang='lat' dir='ltr'><strong>et</strong></span> <span class='ocrx_word' id='word_1_769' title='bbox 3401 4353 3464 4402; x_wconf 89' lang='lat' dir='ltr'><strong>ut</strong></span> <span class='ocrx_word' id='word_1_770' title='bbox 3495 4353 3667 4403; x_wconf 89' lang='lat' dir='ltr'><strong>notas</strong></span> 
     </span>
    </p>
   </div>
   <div class='ocr_carea' id='block_1_95' title="bbox 234 4439 1903 4510">
    <p class='ocr_par' dir='ltr' id='par_1_95' title="bbox 234 4439 1903 4510">
     <span class='ocr_line' id='line_1_95' title="bbox 234 4439 1903 4510; baseline 0.002 -17"><span class='ocrx_word' id='word_1_771' title='bbox 234 4440 368 4493; x_wconf 83' lang='lat' dir='ltr'><strong>Non</strong></span> <span class='ocrx_word' id='word_1_772' title='bbox 397 4439 555 4495; x_wconf 91' lang='lat' dir='ltr'><strong>enim</strong></span> <span class='ocrx_word' id='word_1_773' title='bbox 595 4445 796 4496; x_wconf 88' lang='lat' dir='ltr'><strong>ortum</strong></span> <span class='ocrx_word' id='word_1_774' title='bbox 844 4444 932 4496; x_wconf 92' lang='lat' dir='ltr'><strong>est</strong></span> <span class='ocrx_word' id='word_1_775' title='bbox 966 4440 1201 4496; x_wconf 91' lang='lat' dir='ltr'><strong>malum</strong></span> <span class='ocrx_word' id='word_1_776' title='bbox 1228 4441 1343 4496; x_wconf 92' lang='lat' dir='ltr'><strong>nisi</strong></span> <span class='ocrx_word' id='word_1_777' title='bbox 1375 4439 1436 4495; x_wconf 88' lang='lat' dir='ltr'><strong>in</strong></span> <span class='ocrx_word' id='word_1_778' title='bbox 1465 4440 1652 4510; x_wconf 88' lang='lat' dir='ltr'><strong>bono,</strong></span> <span class='ocrx_word' id='word_1_779' title='bbox 1684 4458 1794 4496; x_wconf 90' lang='lat' dir='ltr'><strong>nec</strong></span> <span class='ocrx_word' id='word_1_780' title='bbox 1821 4446 1903 4497; x_wconf 90' lang='lat' dir='ltr'><strong>ta-</strong></span> 
     </span>
    </p>
   </div>
   <div class='ocr_carea' id='block_1_96' title="bbox 233 4527 1896 4601">
    <p class='ocr_par' dir='ltr' id='par_1_96' title="bbox 233 4527 1896 4601">
     <span class='ocr_line' id='line_1_96' title="bbox 233 4527 1896 4601; baseline 0.003 -22"><span class='ocrx_word' id='word_1_781' title='bbox 233 4540 381 4580; x_wconf 87' lang='lat' dir='ltr'><strong>men</strong></span> <span class='ocrx_word' id='word_1_782' title='bbox 420 4542 659 4584; x_wconf 88' lang='lat' dir='ltr'><strong>summo</strong></span> <span class='ocrx_word' id='word_1_783' title='bbox 690 4533 747 4584; x_wconf 88' lang='lat' dir='ltr'><strong>et</strong></span> <span class='ocrx_word' id='word_1_784' title='bbox 773 4527 1155 4597; x_wconf 89' lang='lat' dir='ltr'><strong>immutabili,</strong></span> <span class='ocrx_word' id='word_1_785' title='bbox 1186 4528 1350 4600; x_wconf 92' lang='lat' dir='ltr'><strong>quod</strong></span> <span class='ocrx_word' id='word_1_786' title='bbox 1400 4533 1492 4584; x_wconf 93' lang='lat' dir='ltr'><strong>est</strong></span> <span class='ocrx_word' id='word_1_787' title='bbox 1523 4533 1738 4585; x_wconf 88' lang='lat' dir='ltr'><strong>natura</strong></span> <span class='ocrx_word' id='word_1_788' title='bbox 1779 4530 1896 4601; x_wconf 86' lang='lat' dir='ltr'><strong>Dei,</strong></span> 
     </span>
    </p>
   </div>
   <div class='ocr_carea' id='block_1_97' title="bbox 232 4613 1904 4690">
    <p class='ocr_par' dir='ltr' id='par_1_97' title="bbox 232 4613 1904 4690">
     <span class='ocr_line' id='line_1_97' title="bbox 232 4613 1904 4690; baseline 0.004 -22"><span class='ocrx_word' id='word_1_789' title='bbox 232 4613 344 4669; x_wconf 90' lang='lat' dir='ltr'><strong>sed</strong></span> <span class='ocrx_word' id='word_1_790' title='bbox 379 4614 534 4672; x_wconf 82' lang='lat' dir='ltr'><strong>facto</strong></span> <span class='ocrx_word' id='word_1_791' title='bbox 574 4615 649 4672; x_wconf 91' lang='lat' dir='ltr'><strong>de</strong></span> <span class='ocrx_word' id='word_1_792' title='bbox 679 4617 866 4674; x_wconf 88' lang='lat' dir='ltr'><strong>nihilo</strong></span> <span class='ocrx_word' id='word_1_793' title='bbox 905 4634 1013 4690; x_wconf 90' lang='lat' dir='ltr'><strong>per</strong></span> <span class='ocrx_word' id='word_1_794' title='bbox 1043 4617 1397 4688; x_wconf 91' lang='lat' dir='ltr'><strong>sapientiam</strong></span> <span class='ocrx_word' id='word_1_795' title='bbox 1425 4618 1544 4673; x_wconf 89' lang='lat' dir='ltr'><strong>Dei.</strong></span> <span class='ocrx_word' id='word_1_796' title='bbox 1579 4621 1672 4674; x_wconf 89' lang='lat' dir='ltr'><strong>Est</strong></span> <span class='ocrx_word' id='word_1_797' title='bbox 1699 4617 1904 4690; x_wconf 90' lang='lat' dir='ltr'><strong>itaque</strong></span> 
     </span>
    </p>
   </div>
   <div class='ocr_carea' id='block_1_98' title="bbox 233 4705 1904 4780">
    <p class='ocr_par' dir='ltr' id='par_1_98' title="bbox 233 4705 1904 4780">
     <span class='ocr_line' id='line_1_98' title="bbox 233 4705 1904 4780; baseline 0.004 -21"><span class='ocrx_word' id='word_1_798' title='bbox 233 4719 344 4776; x_wconf 89' lang='lat' dir='ltr'><strong>per</strong></span> <span class='ocrx_word' id='word_1_799' title='bbox 394 4705 560 4776; x_wconf 89' lang='lat' dir='ltr'><strong>quod</strong></span> <span class='ocrx_word' id='word_1_800' title='bbox 615 4706 801 4761; x_wconf 89' lang='lat' dir='ltr'><strong>homo</strong></span> <span class='ocrx_word' id='word_1_801' title='bbox 864 4706 1066 4760; x_wconf 88' lang='lat' dir='ltr'><strong>divino</strong></span> <span class='ocrx_word' id='word_1_802' title='bbox 1122 4705 1288 4777; x_wconf 88' lang='lat' dir='ltr'><strong>operi</strong></span> <span class='ocrx_word' id='word_1_803' title='bbox 1345 4707 1698 4773; x_wconf 91' lang='lat' dir='ltr'><strong>vindicetur,</strong></span> <span class='ocrx_word' id='word_1_804' title='bbox 1758 4709 1904 4780; x_wconf 89' lang='lat' dir='ltr'><strong>quia</strong></span> 
     </span>
    </p>
   </div>
   <div class='ocr_carea' id='block_1_99' title="bbox 230 4795 1899 4867">
    <p class='ocr_par' dir='ltr' id='par_1_99' title="bbox 230 4795 1899 4867">
     <span class='ocr_line' id='line_1_99' title="bbox 230 4795 1899 4867; baseline 0.002 -17"><span class='ocrx_word' id='word_1_805' title='bbox 230 4809 360 4850; x_wconf 88' lang='lat' dir='ltr'><strong>non</strong></span> <span class='ocrx_word' id='word_1_806' title='bbox 413 4800 568 4852; x_wconf 88' lang='lat' dir='ltr'><strong>esset</strong></span> <span class='ocrx_word' id='word_1_807' title='bbox 614 4795 821 4861; x_wconf 92' lang='lat' dir='ltr'><strong>homo,</strong></span> <span class='ocrx_word' id='word_1_808' title='bbox 877 4795 994 4851; x_wconf 90' lang='lat' dir='ltr'><strong>nisi</strong></span> <span class='ocrx_word' id='word_1_809' title='bbox 1037 4796 1244 4850; x_wconf 88' lang='lat' dir='ltr'><strong>divino</strong></span> <span class='ocrx_word' id='word_1_810' title='bbox 1302 4811 1482 4867; x_wconf 88' lang='lat' dir='ltr'><strong>opere</strong></span> <span class='ocrx_word' id='word_1_811' title='bbox 1539 4800 1840 4851; x_wconf 87' lang='lat' dir='ltr'><strong>crearetur</strong></span> <span class='ocrx_word' id='word_1_812' title='bbox 1886 4816 1899 4853; x_wconf 91' lang='lat'>:</span> 
     </span>
    </p>
   </div>
   <div class='ocr_carea' id='block_1_100' title="bbox 235 4883 1905 4956">
    <p class='ocr_par' dir='ltr' id='par_1_100' title="bbox 235 4883 1905 4956">
     <span class='ocr_line' id='line_1_100' title="bbox 235 4883 1905 4956; baseline 0.002 -17"><span class='ocrx_word' id='word_1_813' title='bbox 235 4884 466 4940; x_wconf 87' lang='lat' dir='ltr'><strong>malum</strong></span> <span class='ocrx_word' id='word_1_814' title='bbox 486 4889 701 4940; x_wconf 87' lang='lat' dir='ltr'><strong>natura</strong></span> <span class='ocrx_word' id='word_1_815' title='bbox 729 4885 858 4956; x_wconf 91' lang='lat' dir='ltr'><strong>[al.,</strong></span> <span class='ocrx_word' id='word_1_816' title='bbox 894 4888 1116 4956; x_wconf 90' lang='lat' dir='ltr'><strong>autem,</strong></span> <span class='ocrx_word' id='word_1_817' title='bbox 1139 4883 1199 4939; x_wconf 92' lang='lat' dir='ltr'><strong>id</strong></span> <span class='ocrx_word' id='word_1_818' title='bbox 1227 4888 1316 4939; x_wconf 91' lang='lat' dir='ltr'><strong>est</strong></span> <span class='ocrx_word' id='word_1_819' title='bbox 1346 4883 1576 4954; x_wconf 92' lang='lat' dir='ltr'><strong>natura]</strong></span> <span class='ocrx_word' id='word_1_820' title='bbox 1599 4899 1720 4938; x_wconf 90' lang='lat' dir='ltr'><strong>non</strong></span> <span class='ocrx_word' id='word_1_821' title='bbox 1747 4891 1905 4942; x_wconf 88' lang='lat' dir='ltr'><strong>esset</strong></span> 
     </span>
    </p>
   </div>
   <div class='ocr_carea' id='block_1_101' title="bbox 232 4972 1903 5046">
    <p class='ocr_par' dir='ltr' id='par_1_101' title="bbox 232 4972 1903 5046">
     <span class='ocr_line' id='line_1_101' title="bbox 232 4972 1903 5046; baseline 0.002 -19"><span class='ocrx_word' id='word_1_822' title='bbox 232 4973 298 5028; x_wconf 91' lang='lat' dir='ltr'><strong>in</strong></span> <span class='ocrx_word' id='word_1_823' title='bbox 332 4973 619 5044; x_wconf 81' lang='lat' dir='ltr'><strong>parvulis,</strong></span> <span class='ocrx_word' id='word_1_824' title='bbox 652 4973 767 5029; x_wconf 90' lang='lat' dir='ltr'><strong>nisi</strong></span> <span class='ocrx_word' id='word_1_825' title='bbox 797 4973 1104 5030; x_wconf 89' lang='lat' dir='ltr'><strong>voluntate</strong></span> <span class='ocrx_word' id='word_1_826' title='bbox 1132 4973 1311 5045; x_wconf 87' lang='lat' dir='ltr'><strong>primi</strong></span> <span class='ocrx_word' id='word_1_827' title='bbox 1336 4972 1598 5028; x_wconf 90' lang='lat' dir='ltr'><strong>hominis</strong></span> <span class='ocrx_word' id='word_1_828' title='bbox 1629 4989 1903 5046; x_wconf 87' lang='lat' dir='ltr'><strong>peccare-</strong></span> 
     </span>
    </p>
   </div>
   <div class='ocr_carea' id='block_1_102' title="bbox 232 5061 1899 5136">
    <p class='ocr_par' dir='ltr' id='par_1_102' title="bbox 232 5061 1899 5136">
     <span class='ocr_line' id='line_1_102' title="bbox 232 5061 1899 5136; baseline 0.001 -18"><span class='ocrx_word' id='word_1_829' title='bbox 232 5067 351 5126; x_wconf 91' lang='lat' dir='ltr'><strong>tur,</strong></span> <span class='ocrx_word' id='word_1_830' title='bbox 372 5068 521 5119; x_wconf 83' lang='lat' dir='ltr'><strong>etex</strong></span> <span class='ocrx_word' id='word_1_831' title='bbox 550 5063 778 5135; x_wconf 90' lang='lat' dir='ltr'><strong>origine</strong></span> <span class='ocrx_word' id='word_1_832' title='bbox 813 5063 1012 5119; x_wconf 87' lang='lat' dir='ltr'><strong>vitiata</strong></span> <span class='ocrx_word' id='word_1_833' title='bbox 1040 5067 1355 5136; x_wconf 91' lang='lat' dir='ltr'><strong>peccatum</strong></span> <span class='ocrx_word' id='word_1_834' title='bbox 1385 5061 1674 5133; x_wconf 89' lang='lat' dir='ltr'><strong>originale</strong></span> <span class='ocrx_word' id='word_1_835' title='bbox 1706 5064 1899 5120; x_wconf 86' lang='lat' dir='ltr'><strong>trahe-</strong></span> 
     </span>
    </p>
   </div>
   <div class='ocr_carea' id='block_1_103' title="bbox 230 5153 472 5224">
    <p class='ocr_par' dir='ltr' id='par_1_103' title="bbox 230 5153 472 5224">
     <span class='ocr_line' id='line_1_103' title="bbox 230 5153 472 5224; baseline -0.004 -16"><span class='ocrx_word' id='word_1_836' title='bbox 230 5157 418 5208; x_wconf 89' lang='lat' dir='ltr'><strong>retur.</strong></span> <span class='ocrx_word' id='word_1_837' title='bbox 453 5153 472 5224; x_wconf 94' lang='lat'>]</span> 
     </span>
    </p>
   </div>
   <div class='ocr_carea' id='block_1_104' title="bbox 309 5241 1901 5310">
    <p class='ocr_par' dir='ltr' id='par_1_104' title="bbox 309 5241 1901 5310">
     <span class='ocr_line' id='line_1_104' title="bbox 309 5241 1901 5310; baseline 0.001 -14"><span class='ocrx_word' id='word_1_838' title='bbox 309 5241 346 5307; x_wconf 58' lang='lat' dir='ltr'><strong>&#39;j’</strong></span> <span class='ocrx_word' id='word_1_839' title='bbox 383 5241 547 5298; x_wconf 89' lang='lat' dir='ltr'><strong>Idem</strong></span> <span class='ocrx_word' id='word_1_840' title='bbox 593 5241 655 5298; x_wconf 90' lang='lat' dir='ltr'><strong>in</strong></span> <span class='ocrx_word' id='word_1_841' title='bbox 703 5241 856 5298; x_wconf 89' lang='lat' dir='ltr'><strong>libro</strong></span> <span class='ocrx_word' id='word_1_842' title='bbox 901 5241 976 5297; x_wconf 92' lang='lat' dir='ltr'><strong>de</strong></span> <span class='ocrx_word' id='word_1_843' title='bbox 1035 5241 1347 5298; x_wconf 89' lang='lat' dir='ltr'><strong>Consensu</strong></span> <span class='ocrx_word' id='word_1_844' title='bbox 1398 5241 1901 5310; x_wconf 85' lang='lat' dir='ltr'><strong>evangelistarum</strong></span> 
     </span>
    </p>
   </div>
   <div class='ocr_carea' id='block_1_105' title="bbox 233 5329 1899 5405">
    <p class='ocr_par' dir='ltr' id='par_1_105' title="bbox 233 5329 1899 5405">
     <span class='ocr_line' id='line_1_105' title="bbox 233 5329 1899 5405; baseline 0 -18"><span class='ocrx_word' id='word_1_845' title='bbox 233 5333 408 5388; x_wconf 84' lang='lat' dir='ltr'><strong>tertio</strong></span> <span class='ocrx_word' id='word_1_846' title='bbox 433 5338 586 5405; x_wconf 91' lang='lat' dir='ltr'><strong>(cap.</strong></span> <span class='ocrx_word' id='word_1_847' title='bbox 611 5333 698 5403; x_wconf 88' lang='grc'><strong>13)</strong></span> <span class='ocrx_word' id='word_1_848' title='bbox 723 5350 734 5387; x_wconf 93' lang='lat'>:</span> <span class='ocrx_word' id='word_1_849' title='bbox 762 5331 1066 5404; x_wconf 88' lang='lat' dir='ltr'><strong>[Dignetur</strong></span> <span class='ocrx_word' id='word_1_850' title='bbox 1086 5347 1228 5401; x_wconf 91' lang='lat' dir='ltr'><strong>ergo</strong></span> <span class='ocrx_word' id='word_1_851' title='bbox 1256 5330 1504 5388; x_wconf 89' lang='lat' dir='ltr'><strong>consilio</strong></span> <span class='ocrx_word' id='word_1_852' title='bbox 1529 5329 1704 5387; x_wconf 87' lang='lat' dir='ltr'><strong>Marci</strong></span> <span class='ocrx_word' id='word_1_853' title='bbox 1721 5347 1899 5387; x_wconf 86' lang='lat' dir='ltr'><strong>evan-</strong></span> 
     </span>
    </p>
   </div>
   <div class='ocr_carea' id='block_1_106' title="bbox 239 5419 1900 5496">
    <p class='ocr_par' dir='ltr' id='par_1_106' title="bbox 239 5419 1900 5496">
     <span class='ocr_line' id='line_1_106' title="bbox 239 5419 1900 5496; baseline 0.001 -20"><span class='ocrx_word' id='word_1_854' title='bbox 239 5420 462 5492; x_wconf 71' lang='lat' dir='ltr'><strong>gelistte</strong></span> <span class='ocrx_word' id='word_1_855' title='bbox 477 5421 746 5496; x_wconf 89' lang='lat' dir='ltr'><strong>superari</strong></span> <span class='ocrx_word' id='word_1_856' title='bbox 777 5421 1096 5478; x_wconf 90' lang='lat' dir='ltr'><strong>consilium</strong></span> <span class='ocrx_word' id='word_1_857' title='bbox 1127 5437 1326 5488; x_wconf 92' lang='lat' dir='ltr'><strong>suum,</strong></span> <span class='ocrx_word' id='word_1_858' title='bbox 1359 5421 1550 5493; x_wconf 90' lang='lat' dir='ltr'><strong>quieo</strong></span> <span class='ocrx_word' id='word_1_859' title='bbox 1576 5419 1707 5475; x_wconf 91' lang='lat' dir='ltr'><strong>loco</strong></span> <span class='ocrx_word' id='word_1_860' title='bbox 1727 5419 1784 5475; x_wconf 84' lang='lat' dir='ltr'><strong>id</strong></span> <span class='ocrx_word' id='word_1_861' title='bbox 1798 5436 1900 5492; x_wconf 91' lang='lat' dir='ltr'><strong>po-</strong></span> 
     </span>
    </p>
   </div>
   <div class='ocr_carea' id='block_1_107' title="bbox 238 5508 1898 5583">
    <p class='ocr_par' dir='ltr' id='par_1_107' title="bbox 238 5508 1898 5583">
     <span class='ocr_line' id='line_1_107' title="bbox 238 5508 1898 5583; baseline 0 -18"><span class='ocrx_word' id='word_1_862' title='bbox 238 5511 511 5567; x_wconf 89' lang='lat' dir='ltr'><strong>nendum</strong></span> <span class='ocrx_word' id='word_1_863' title='bbox 551 5511 860 5583; x_wconf 89' lang='lat' dir='ltr'><strong>judicavit,</strong></span> <span class='ocrx_word' id='word_1_864' title='bbox 910 5527 1032 5582; x_wconf 91' lang='lat' dir='ltr'><strong>quo</strong></span> <span class='ocrx_word' id='word_1_865' title='bbox 1081 5510 1214 5565; x_wconf 91' lang='lat' dir='ltr'><strong>loco</strong></span> <span class='ocrx_word' id='word_1_866' title='bbox 1261 5509 1462 5564; x_wconf 84' lang='lat' dir='ltr'><strong>divina</strong></span> <span class='ocrx_word' id='word_1_867' title='bbox 1509 5508 1898 5581; x_wconf 88' lang='lat' dir='ltr'><strong>inspiratione</strong></span> 
     </span>
    </p>
   </div>
   <div class='ocr_carea' id='block_1_108' title="bbox 239 5598 1900 5672">
    <p class='ocr_par' dir='ltr' id='par_1_108' title="bbox 239 5598 1900 5672">
     <span class='ocr_line' id='line_1_108' title="bbox 239 5598 1900 5672; baseline 0.001 -17"><span class='ocrx_word' id='word_1_868' title='bbox 239 5603 595 5669; x_wconf 84' lang='lat' dir='ltr'><strong>suggestum</strong></span> <span class='ocrx_word' id='word_1_869' title='bbox 641 5604 748 5658; x_wconf 90' lang='lat' dir='ltr'><strong>est.</strong></span> <span class='ocrx_word' id='word_1_870' title='bbox 808 5599 1266 5658; x_wconf 84' lang='lat' dir='ltr'><strong>Recordationes</strong></span> <span class='ocrx_word' id='word_1_871' title='bbox 1309 5598 1470 5654; x_wconf 90' lang='lat' dir='ltr'><strong>enim</strong></span> <span class='ocrx_word' id='word_1_872' title='bbox 1518 5613 1724 5654; x_wconf 89' lang='lat' dir='ltr'><strong>corum</strong></span> <span class='ocrx_word' id='word_1_873' title='bbox 1769 5599 1900 5672; x_wconf 86' lang='lat' dir='ltr'><strong>ejus</strong></span> 
     </span>
    </p>
   </div>
   <div class='ocr_carea' id='block_1_109' title="bbox 2006 4435 3667 4513">
    <p class='ocr_par' dir='ltr' id='par_1_109' title="bbox 2006 4435 3667 4513">
     <span class='ocr_line' id='line_1_109' title="bbox 2006 4435 3667 4513; baseline -0.004 -14"><span class='ocrx_word' id='word_1_874' title='bbox 2006 4445 2204 4513; x_wconf 80' lang='lat' dir='ltr'><strong>faciat</strong></span> <span class='ocrx_word' id='word_1_875' title='bbox 2237 4443 2481 4497; x_wconf 84' lang='lat' dir='ltr'><strong>divitias</strong></span> <span class='ocrx_word' id='word_1_876' title='bbox 2523 4441 2734 4511; x_wconf 66' lang='lat' dir='ltr'><strong>gluriw</strong></span> <span class='ocrx_word' id='word_1_877' title='bbox 2779 4455 2898 4494; x_wconf 61' lang='lat' dir='ltr'><strong>suae</strong></span> <span class='ocrx_word' id='word_1_878' title='bbox 2946 4441 3009 4494; x_wconf 87' lang='lat' dir='ltr'><strong>in</strong></span> <span class='ocrx_word' id='word_1_879' title='bbox 3059 4451 3203 4493; x_wconf 87' lang='lat' dir='ltr'><strong>vasa</strong></span> <span class='ocrx_word' id='word_1_880' title='bbox 3242 4435 3667 4492; x_wconf 75' lang='lat' dir='ltr'><strong>misericordite</strong></span> 
     </span>
    </p>
   </div>
   <div class='ocr_carea' id='block_1_110' title="bbox 2012 4524 3666 4604">
    <p class='ocr_par' dir='ltr' id='par_1_110' title="bbox 2012 4524 3666 4604">
     <span class='ocr_line' id='line_1_110' title="bbox 2012 4524 3666 4604; baseline -0.007 -16"><span class='ocrx_word' id='word_1_881' title='bbox 2012 4533 2200 4604; x_wconf 86' lang='lat' dir='ltr'><strong>(Rom.</strong></span> <span class='ocrx_word' id='word_1_882' title='bbox 2229 4547 2309 4598; x_wconf 81' lang='lat' dir='ltr'><strong>ix,</strong></span> <span class='ocrx_word' id='word_1_883' title='bbox 2347 4534 2453 4598; x_wconf 87' lang='grc'><strong>12),</strong></span> <span class='ocrx_word' id='word_1_884' title='bbox 2487 4546 2624 4601; x_wconf 64' lang='lat' dir='ltr'><strong>quae</strong></span> <span class='ocrx_word' id='word_1_885' title='bbox 2653 4528 2790 4584; x_wconf 87' lang='lat' dir='ltr'><strong>fecit</strong></span> <span class='ocrx_word' id='word_1_886' title='bbox 2817 4528 2879 4583; x_wconf 91' lang='lat' dir='ltr'><strong>in</strong></span> <span class='ocrx_word' id='word_1_887' title='bbox 2911 4528 3224 4588; x_wconf 89' lang='lat' dir='ltr'><strong>honorem,</strong></span> <span class='ocrx_word' id='word_1_888' title='bbox 3256 4540 3382 4580; x_wconf 92' lang='lat' dir='ltr'><strong>non</strong></span> <span class='ocrx_word' id='word_1_889' title='bbox 3411 4524 3666 4578; x_wconf 88' lang='lat' dir='ltr'><strong>damna-</strong></span> 
     </span>
    </p>
   </div>
   <div class='ocr_carea' id='block_1_111' title="bbox 2009 4610 3668 4688">
    <p class='ocr_par' dir='ltr' id='par_1_111' title="bbox 2009 4610 3668 4688">
     <span class='ocr_line' id='line_1_111' title="bbox 2009 4610 3668 4688; baseline -0.005 -12"><span class='ocrx_word' id='word_1_890' title='bbox 2009 4619 2113 4676; x_wconf 88' lang='lat' dir='ltr'><strong>bili</strong></span> <span class='ocrx_word' id='word_1_891' title='bbox 2140 4635 2358 4675; x_wconf 71' lang='lat' dir='ltr'><strong>massae</strong></span> <span class='ocrx_word' id='word_1_892' title='bbox 2387 4618 2678 4688; x_wconf 90' lang='lat' dir='ltr'><strong>debitum,</strong></span> <span class='ocrx_word' id='word_1_893' title='bbox 2711 4617 2816 4672; x_wconf 88' lang='lat' dir='ltr'><strong>sed</strong></span> <span class='ocrx_word' id='word_1_894' title='bbox 2858 4633 2982 4671; x_wconf 64' lang='lat' dir='ltr'><strong>suae</strong></span> <span class='ocrx_word' id='word_1_895' title='bbox 3018 4614 3221 4685; x_wconf 65' lang='lat' dir='ltr'><strong>gratiae</strong></span> <span class='ocrx_word' id='word_1_896' title='bbox 3258 4611 3532 4680; x_wconf 84' lang='lat' dir='ltr'><strong>largitate</strong></span> <span class='ocrx_word' id='word_1_897' title='bbox 3561 4610 3668 4667; x_wconf 92' lang='lat' dir='ltr'><strong>do-</strong></span> 
     </span>
    </p>
   </div>
   <div class='ocr_carea' id='block_1_112' title="bbox 2010 4699 3666 4776">
    <p class='ocr_par' dir='ltr' id='par_1_112' title="bbox 2010 4699 3666 4776">
     <span class='ocr_line' id='line_1_112' title="bbox 2010 4699 3666 4776; baseline -0.005 -12"><span class='ocrx_word' id='word_1_898' title='bbox 2010 4714 2220 4764; x_wconf 88' lang='lat' dir='ltr'><strong>natum</strong></span> <span class='ocrx_word' id='word_1_899' title='bbox 2253 4724 2265 4761; x_wconf 93' lang='lat'><strong>:</strong></span> <span class='ocrx_word' id='word_1_900' title='bbox 2299 4711 2501 4763; x_wconf 90' lang='lat' dir='ltr'><strong>tamen</strong></span> <span class='ocrx_word' id='word_1_901' title='bbox 2531 4707 2594 4762; x_wconf 88' lang='lat' dir='ltr'><strong>in</strong></span> <span class='ocrx_word' id='word_1_902' title='bbox 2618 4706 2845 4763; x_wconf 89' lang='lat' dir='ltr'><strong>eisdem</strong></span> <span class='ocrx_word' id='word_1_903' title='bbox 2889 4705 2990 4760; x_wconf 81' lang='lat' dir='ltr'><strong>irae</strong></span> <span class='ocrx_word' id='word_1_904' title='bbox 3019 4703 3180 4759; x_wconf 89' lang='lat' dir='ltr'><strong>vasis</strong></span> <span class='ocrx_word' id='word_1_905' title='bbox 3209 4705 3451 4776; x_wconf 91' lang='lat' dir='ltr'><strong>propter</strong></span> <span class='ocrx_word' id='word_1_906' title='bbox 3488 4699 3666 4756; x_wconf 90' lang='lat' dir='ltr'><strong>meri-</strong></span> 
     </span>
    </p>
   </div>
   <div class='ocr_carea' id='block_1_113' title="bbox 2011 4789 3669 4874">
    <p class='ocr_par' dir='ltr' id='par_1_113' title="bbox 2011 4789 3669 4874">
     <span class='ocr_line' id='line_1_113' title="bbox 2011 4789 3669 4874; baseline -0.003 -23"><span class='ocrx_word' id='word_1_907' title='bbox 2011 4800 2138 4851; x_wconf 92' lang='lat' dir='ltr'><strong>tum</strong></span> <span class='ocrx_word' id='word_1_908' title='bbox 2168 4812 2390 4851; x_wconf 67' lang='lat' dir='ltr'><strong>massae</strong></span> <span class='ocrx_word' id='word_1_909' title='bbox 2431 4795 2495 4850; x_wconf 91' lang='lat' dir='ltr'><strong>in</strong></span> <span class='ocrx_word' id='word_1_910' title='bbox 2524 4794 2950 4851; x_wconf 90' lang='lat' dir='ltr'><strong>contumeliam</strong></span> <span class='ocrx_word' id='word_1_911' title='bbox 2980 4792 3214 4850; x_wconf 90' lang='lat' dir='ltr'><strong>debitas</strong></span> <span class='ocrx_word' id='word_1_912' title='bbox 3242 4791 3434 4859; x_wconf 88' lang='lat' dir='ltr'><strong>factis,</strong></span> <span class='ocrx_word' id='word_1_913' title='bbox 3472 4789 3534 4874; x_wconf 83' lang='lat' dir='ltr'><strong>id</strong></span> <span class='ocrx_word' id='word_1_914' title='bbox 3576 4792 3669 4846; x_wconf 88' lang='lat' dir='ltr'><strong>est</strong></span> 
     </span>
    </p>
   </div>
   <div class='ocr_carea' id='block_1_114' title="bbox 2011 4877 3665 4955">
    <p class='ocr_par' dir='ltr' id='par_1_114' title="bbox 2011 4877 3665 4955">
     <span class='ocr_line' id='line_1_114' title="bbox 2011 4877 3665 4955; baseline -0.004 -16"><span class='ocrx_word' id='word_1_915' title='bbox 2011 4882 2072 4939; x_wconf 91' lang='lat' dir='ltr'><strong>in</strong></span> <span class='ocrx_word' id='word_1_916' title='bbox 2102 4884 2208 4955; x_wconf 91' lang='lat' dir='ltr'><strong>[al.</strong></span> <span class='ocrx_word' id='word_1_917' title='bbox 2249 4901 2362 4940; x_wconf 87' lang='lat' dir='ltr'><strong>om.</strong></span> <span class='ocrx_word' id='word_1_918' title='bbox 2405 4884 2490 4954; x_wconf 88' lang='lat' dir='ltr'><strong>in]</strong></span> <span class='ocrx_word' id='word_1_919' title='bbox 2519 4882 2866 4939; x_wconf 91' lang='lat' dir='ltr'><strong>hominibus</strong></span> <span class='ocrx_word' id='word_1_920' title='bbox 2895 4885 3142 4955; x_wconf 86' lang='lat' dir='ltr'><strong>propter</strong></span> <span class='ocrx_word' id='word_1_921' title='bbox 3160 4886 3387 4937; x_wconf 61' lang='lat' dir='ltr'><strong>natura;</strong></span> <span class='ocrx_word' id='word_1_922' title='bbox 3418 4877 3665 4952; x_wconf 88' lang='lat' dir='ltr'><strong>quidem</strong></span> 
     </span>
    </p>
   </div>
   <div class='ocr_carea' id='block_1_115' title="bbox 2012 4969 3662 5046">
    <p class='ocr_par' dir='ltr' id='par_1_115' title="bbox 2012 4969 3662 5046">
     <span class='ocr_line' id='line_1_115' title="bbox 2012 4969 3662 5046; baseline -0.004 -18"><span class='ocrx_word' id='word_1_923' title='bbox 2012 4971 2174 5028; x_wconf 91' lang='lat' dir='ltr'><strong>bona</strong></span> <span class='ocrx_word' id='word_1_924' title='bbox 2205 4973 2438 5043; x_wconf 87' lang='lat' dir='ltr'><strong>creatis,</strong></span> <span class='ocrx_word' id='word_1_925' title='bbox 2458 4973 2563 5028; x_wconf 90' lang='lat' dir='ltr'><strong>sed</strong></span> <span class='ocrx_word' id='word_1_926' title='bbox 2590 4975 2834 5046; x_wconf 89' lang='lat' dir='ltr'><strong>propter</strong></span> <span class='ocrx_word' id='word_1_927' title='bbox 2857 4971 2993 5026; x_wconf 87' lang='lat' dir='ltr'><strong>vitia</strong></span> <span class='ocrx_word' id='word_1_928' title='bbox 3013 4970 3306 5042; x_wconf 90' lang='lat' dir='ltr'><strong>supplicio</strong></span> <span class='ocrx_word' id='word_1_929' title='bbox 3332 4969 3662 5039; x_wconf 88' lang='lat' dir='ltr'><strong>destinatis,</strong></span> 
     </span>
    </p>
   </div>
   <div class='ocr_carea' id='block_1_116' title="bbox 2014 5058 3661 5134">
    <p class='ocr_par' dir='ltr' id='par_1_116' title="bbox 2014 5058 3661 5134">
     <span class='ocr_line' id='line_1_116' title="bbox 2014 5058 3661 5134; baseline -0.002 -18"><span class='ocrx_word' id='word_1_930' title='bbox 2014 5062 2406 5134; x_wconf 91' lang='lat' dir='ltr'><strong>iniquitatem,</strong></span> <span class='ocrx_word' id='word_1_931' title='bbox 2459 5078 2644 5134; x_wconf 90' lang='lat' dir='ltr'><strong>quam</strong></span> <span class='ocrx_word' id='word_1_932' title='bbox 2700 5060 3024 5117; x_wconf 88' lang='lat' dir='ltr'><strong>rectissime</strong></span> <span class='ocrx_word' id='word_1_933' title='bbox 3077 5059 3294 5114; x_wconf 87' lang='lat' dir='ltr'><strong>veritas</strong></span> <span class='ocrx_word' id='word_1_934' title='bbox 3339 5058 3661 5130; x_wconf 89' lang='lat' dir='ltr'><strong>improbat,</strong></span> 
     </span>
    </p>
   </div>
   <div class='ocr_carea' id='block_1_117' title="bbox 2011 5145 3666 5222">
    <p class='ocr_par' dir='ltr' id='par_1_117' title="bbox 2011 5145 3666 5222">
     <span class='ocr_line' id='line_1_117' title="bbox 2011 5145 3666 5222; baseline -0.004 -16"><span class='ocrx_word' id='word_1_935' title='bbox 2011 5150 2302 5207; x_wconf 90' lang='lat' dir='ltr'><strong>damnare</strong></span> <span class='ocrx_word' id='word_1_936' title='bbox 2329 5152 2495 5207; x_wconf 91' lang='lat' dir='ltr'><strong>novit</strong></span> <span class='ocrx_word' id='word_1_937' title='bbox 2523 5151 2671 5222; x_wconf 92' lang='lat' dir='ltr'><strong>ipse,</strong></span> <span class='ocrx_word' id='word_1_938' title='bbox 2703 5165 2823 5205; x_wconf 91' lang='lat' dir='ltr'><strong>non</strong></span> <span class='ocrx_word' id='word_1_939' title='bbox 2857 5149 3071 5206; x_wconf 84' lang='lat' dir='ltr'><strong>facere.</strong></span> <span class='ocrx_word' id='word_1_940' title='bbox 3098 5147 3258 5204; x_wconf 88' lang='lat' dir='ltr'><strong>Sicut</strong></span> <span class='ocrx_word' id='word_1_941' title='bbox 3276 5147 3436 5203; x_wconf 91' lang='lat' dir='ltr'><strong>enim</strong></span> <span class='ocrx_word' id='word_1_942' title='bbox 3456 5145 3666 5201; x_wconf 85' lang='lat' dir='ltr'><strong>volun-</strong></span> 
     </span>
    </p>
   </div>
   <div class='ocr_carea' id='block_1_118' title="bbox 2011 5233 3666 5310">
    <p class='ocr_par' dir='ltr' id='par_1_118' title="bbox 2011 5233 3666 5310">
     <span class='ocr_line' id='line_1_118' title="bbox 2011 5233 3666 5310; baseline -0.006 -14"><span class='ocrx_word' id='word_1_943' title='bbox 2011 5240 2113 5296; x_wconf 89' lang='lat' dir='ltr'><strong>tati</strong></span> <span class='ocrx_word' id='word_1_944' title='bbox 2143 5241 2272 5310; x_wconf 87' lang='lat' dir='ltr'><strong>ejus</strong></span> <span class='ocrx_word' id='word_1_945' title='bbox 2302 5240 2577 5296; x_wconf 90' lang='lat' dir='ltr'><strong>tribuitur</strong></span> <span class='ocrx_word' id='word_1_946' title='bbox 2606 5239 2877 5295; x_wconf 90' lang='lat' dir='ltr'><strong>humana</strong></span> <span class='ocrx_word' id='word_1_947' title='bbox 2913 5243 3130 5294; x_wconf 87' lang='lat' dir='ltr'><strong>natura</strong></span> <span class='ocrx_word' id='word_1_948' title='bbox 3157 5236 3323 5292; x_wconf 90' lang='lat' dir='ltr'><strong>nullo</strong></span> <span class='ocrx_word' id='word_1_949' title='bbox 3354 5233 3666 5290; x_wconf 89' lang='lat' dir='ltr'><strong>dubitante</strong></span> 
     </span>
    </p>
   </div>
   <div class='ocr_carea' id='block_1_119' title="bbox 2008 5322 3666 5398">
    <p class='ocr_par' dir='ltr' id='par_1_119' title="bbox 2008 5322 3666 5398">
     <span class='ocr_line' id='line_1_119' title="bbox 2008 5322 3666 5398; baseline -0.006 -12"><span class='ocrx_word' id='word_1_950' title='bbox 2008 5328 2340 5398; x_wconf 90' lang='lat' dir='ltr'><strong>laudanda,</strong></span> <span class='ocrx_word' id='word_1_951' title='bbox 2395 5330 2476 5385; x_wconf 89' lang='lat' dir='ltr'><strong>sic</strong></span> <span class='ocrx_word' id='word_1_952' title='bbox 2533 5329 2795 5385; x_wconf 91' lang='lat' dir='ltr'><strong>hominis</strong></span> <span class='ocrx_word' id='word_1_953' title='bbox 2835 5327 3125 5384; x_wconf 91' lang='lat' dir='ltr'><strong>voluntati</strong></span> <span class='ocrx_word' id='word_1_954' title='bbox 3174 5325 3354 5398; x_wconf 91' lang='lat' dir='ltr'><strong>culpa</strong></span> <span class='ocrx_word' id='word_1_955' title='bbox 3391 5322 3666 5379; x_wconf 87' lang='lat' dir='ltr'><strong>tribuitur</strong></span> 
     </span>
    </p>
   </div>
   <div class='ocr_carea' id='block_1_120' title="bbox 2008 5412 3662 5489">
    <p class='ocr_par' dir='ltr' id='par_1_120' title="bbox 2008 5412 3662 5489">
     <span class='ocr_line' id='line_1_120' title="bbox 2008 5412 3662 5489; baseline -0.005 -15"><span class='ocrx_word' id='word_1_956' title='bbox 2008 5420 2171 5476; x_wconf 90' lang='lat' dir='ltr'><strong>nullo</strong></span> <span class='ocrx_word' id='word_1_957' title='bbox 2214 5423 2529 5475; x_wconf 90' lang='lat' dir='ltr'><strong>recusante</strong></span> <span class='ocrx_word' id='word_1_958' title='bbox 2569 5417 2962 5489; x_wconf 77' lang='lat' dir='ltr'><strong>damnanda.)</strong></span> <span class='ocrx_word' id='word_1_959' title='bbox 2991 5419 3033 5488; x_wconf 69' lang='grc' dir='ltr'><strong>’Ξο</strong></span> <span class='ocrx_word' id='word_1_960' title='bbox 3069 5416 3210 5478; x_wconf 79' lang='lat' dir='ltr'><strong>Quae</strong></span> <span class='ocrx_word' id='word_1_961' title='bbox 3244 5413 3388 5487; x_wconf 86' lang='lat' dir='ltr'><strong>quia</strong></span> <span class='ocrx_word' id='word_1_962' title='bbox 3416 5412 3662 5468; x_wconf 90' lang='lat' dir='ltr'><strong>incunc-</strong></span> 
     </span>
    </p>
   </div>
   <div class='ocr_carea' id='block_1_121' title="bbox 2010 5499 3661 5578">
    <p class='ocr_par' dir='ltr' id='par_1_121' title="bbox 2010 5499 3661 5578">
     <span class='ocr_line' id='line_1_121' title="bbox 2010 5499 3661 5578; baseline -0.006 -14"><span class='ocrx_word' id='word_1_963' title='bbox 2010 5514 2196 5565; x_wconf 84' lang='lat' dir='ltr'><strong>tanter</strong></span> <span class='ocrx_word' id='word_1_964' title='bbox 2211 5510 2375 5566; x_wconf 90' lang='lat' dir='ltr'><strong>bona</strong></span> <span class='ocrx_word' id='word_1_965' title='bbox 2395 5510 2614 5564; x_wconf 88' lang='lat' dir='ltr'><strong>suntet</strong></span> <span class='ocrx_word' id='word_1_966' title='bbox 2635 5507 2818 5578; x_wconf 88' lang='lat' dir='ltr'><strong>justa,</strong></span> <span class='ocrx_word' id='word_1_967' title='bbox 2852 5524 2976 5562; x_wconf 88' lang='lat' dir='ltr'><strong>non</strong></span> <span class='ocrx_word' id='word_1_968' title='bbox 3021 5509 3160 5561; x_wconf 91' lang='lat' dir='ltr'><strong>sunt</strong></span> <span class='ocrx_word' id='word_1_969' title='bbox 3182 5506 3242 5560; x_wconf 92' lang='lat' dir='ltr'><strong>in</strong></span> <span class='ocrx_word' id='word_1_970' title='bbox 3264 5520 3335 5559; x_wconf 92' lang='lat' dir='ltr'><strong>eo</strong></span> <span class='ocrx_word' id='word_1_971' title='bbox 3366 5499 3661 5557; x_wconf 89' lang='lat' dir='ltr'><strong>contraria</strong></span> 
     </span>
    </p>
   </div>
   <div class='ocr_carea' id='block_1_122' title="bbox 2011 5588 3662 5670">
    <p class='ocr_par' dir='ltr' id='par_1_122' title="bbox 2011 5588 3662 5670">
     <span class='ocr_line' id='line_1_122' title="bbox 2011 5588 3662 5670; baseline -0.008 -16"><span class='ocrx_word' id='word_1_972' title='bbox 2011 5615 2046 5654; x_wconf 91' lang='lat' dir='ltr'><strong>a</strong></span> <span class='ocrx_word' id='word_1_973' title='bbox 2069 5613 2192 5670; x_wconf 91' lang='lat' dir='ltr'><strong>quo</strong></span> <span class='ocrx_word' id='word_1_974' title='bbox 2234 5604 2390 5668; x_wconf 88' lang='lat' dir='ltr'><strong>sunt,</strong></span> <span class='ocrx_word' id='word_1_975' title='bbox 2424 5599 2558 5657; x_wconf 86' lang='lat' dir='ltr'><strong>licet</strong></span> <span class='ocrx_word' id='word_1_976' title='bbox 2599 5594 2963 5669; x_wconf 86' lang='lat' dir='ltr'><strong>patientibus</strong></span> <span class='ocrx_word' id='word_1_977' title='bbox 3011 5593 3103 5651; x_wconf 82' lang='lat' dir='ltr'><strong>vel</strong></span> <span class='ocrx_word' id='word_1_978' title='bbox 3137 5608 3261 5652; x_wconf 92' lang='lat' dir='ltr'><strong>non</strong></span> <span class='ocrx_word' id='word_1_979' title='bbox 3299 5588 3662 5664; x_wconf 88' lang='lat' dir='ltr'><strong>patientibus</strong></span> 
     </span>
    </p>
   </div>
  </div>
