4128 6200
474 177 572 232 ﬁt
585 177 606 230 1

472 295 792 354 videantur
816 291 1157 362 contraria].

547 399 912 472 Augustinus
941 398 1003 454 in
1026 397 1178 453 libro
1205 396 1664 452 Confessionum
1688 394 1808 466 (lib.
1843 409 1961 460 vin,
1992 407 2131 463 cap.

473 493 566 565 lt):
589 489 847 562 [Quippe
866 503 939 543 ex
961 487 1263 543 voluntate
1288 502 1571 560 perversa
1587 486 1777 542 factus
1801 488 1890 540 est
1909 481 2129 548 libido;

475 585 531 637 et
568 579 717 634 dum
752 576 1000 632 servitur
1039 575 1292 646 libidini,
1325 576 1484 632 facta
1513 579 1602 631 est
1641 571 2046 639 consuetudo;
2078 577 2134 625 et

474 667 624 724 dum
654 665 1070 722 consuetudini
1102 681 1225 720 non
1254 665 1558 732 resistitur,
1588 664 1744 720 facta
1765 667 1853 719 est
1882 661 2131 718 necessi~

475 762 589 814 tas.
633 756 860 822 Quibus
907 755 1082 826 quasi
1109 755 1336 810 ansulis
1371 753 1737 826 quibusdam
1785 752 2020 807 sibimet
2049 750 2133 804 in-

474 845 667 913 nexis,
690 843 852 900 unde
881 848 1156 900 catenam
1184 843 1502 916 appellavi,
1523 843 1760 898 tenebat
1782 857 1876 896 me
1897 839 2134 895 obstric-

475 938 604 991 tum
625 933 778 989 dura
803 932 1074 989 servitus.
1098 932 1381 988 Voluntas
1405 938 1605 988 autem
1625 947 1802 998 nova,
1824 947 1959 1002 quae
1987 928 2131 987 mihi

477 1036 611 1080 esse
641 1027 922 1094 coeperat,
956 1027 1021 1077 ut
1059 1026 1113 1077 te
1145 1022 1326 1091 gratis
1357 1021 1634 1087 colerem,
1668 1020 1899 1092 fruique
1940 1024 1992 1074 te
2022 1019 2133 1074 vel-

474 1111 618 1176 lem,
633 1112 788 1167 Deus
806 1111 933 1168 sola
949 1115 1109 1166 certa
1119 1110 1652 1181 jucunditas,nond
1663 1127 1765 1164 um
1781 1109 2134 1164 eratidonea

478 1200 557 1258 ad
583 1200 993 1272 superandam
1032 1200 1292 1271 priorem
1338 1204 1620 1255 vetustate
1649 1199 2016 1254 roboratam.
2052 1201 2136 1252 Ita

478 1289 614 1344 duae
637 1289 998 1369 _voluntates
1049 1305 1220 1356 meae,
1269 1304 1389 1345 una
1428 1295 1613 1356 vetus,
1655 1289 1774 1344 alia
1815 1303 1992 1353 nova,
2035 1287 2137 1341 illa

479 1377 755 1445 carnalis,
787 1377 888 1433 illa
913 1378 1212 1450 spiritalis,
1241 1377 1643 1448 conﬂigebant
1670 1378 1824 1432 inter
1849 1392 1929 1443 se,
1959 1380 2138 1446 atque

478 1465 891 1522 discordantes
917 1465 1297 1538 dissipabant
1319 1467 1587 1522 animam
1617 1482 1837 1521 meam.
1867 1466 1959 1520 Sic
1980 1463 2143 1534 intel_

477 1553 740 1624 ligebam
771 1570 909 1610 meo
945 1555 1086 1627 ipso
1115 1556 1518 1627 experimento
1559 1556 1619 1610 id
1657 1555 1819 1627 quod
1854 1555 2117 1624 legeram

477 1729 626 1786 ritus
656 1729 942 1786 adversus
972 1747 1214 1786 carnem
1243 1733 1400 1800 (Gal.
1429 1749 1488 1796 v,
1519 1732 1631 1801 17).
1662 1735 1780 1801 Ego
1811 1732 2058 1804 quidem
2082 1731 2142 1786 in

479 1823 754 1892 utroque,
781 1821 887 1876 sed
905 1821 1098 1891 magis
1121 1837 1232 1890 ego
1255 1821 1315 1876 in
1347 1838 1418 1877 eo
1447 1823 1613 1894 quod
1644 1823 1703 1877 in
1726 1837 1821 1876 me
1845 1822 2142 1893 approba-

475 1908 645 1974 bam,
690 1923 875 1980 quam
917 1909 974 1964 in
1011 1925 1083 1965 eo
1111 1911 1275 1982 quod
1325 1910 1384 1966 in
1434 1928 1528 1966 me
1573 1910 2019 1982 improbabam.
2059 1903 2141 1964 lbi

477 1996 636 2053 enim
666 1997 860 2068 magis
890 1998 1021 2069 jam
1054 2014 1179 2054 non
1207 2014 1339 2069 ego,
1369 2000 1512 2072 quia
1542 2016 1614 2055 ex
1636 2015 1863 2068 magna
1891 2006 2058 2072 parte
2080 1999 2140 2054 id

475 2085 752 2158 patiebar
780 2087 997 2143 invitus
1024 2103 1210 2160 quam
1233 2087 1531 2145 faciebam
1559 2089 1816 2161 volens]

545 2194 589 2262 -1-
619 2192 682 2248 In
703 2192 917 2250 eodem
941 2196 1307 2265 Augustinus
1333 2198 1484 2269 (cap.
1500 2195 1659 2268 9,10)
1685 2213 1698 2252 :
1728 2196 1814 2268 [Ei
1841 2195 1976 2250 ideo
1999 2199 2137 2250 sunt

478 2281 614 2336 dum
644 2280 1004 2353 voluntates,
1037 2283 1182 2357 quia
1214 2301 1336 2340 una
1375 2301 1583 2341 earum
1627 2289 1749 2342 tota
1779 2301 1900 2340 non
1932 2289 2039 2351 est,
2081 2287 2137 2339 et

476 2369 592 2425 hoc
631 2369 801 2426 adest
829 2371 995 2429 alteri
1025 2373 1189 2445 quod
1219 2374 1384 2430 deest
1413 2373 1596 2431 alteri.
1631 2378 1875 2430 Pereant
1905 2390 1942 2429 a
1984 2373 2135 2428 facie

478 2461 599 2526 tua,
625 2459 798 2523 Deus,
825 2461 976 2517 sicut
1004 2469 1255 2536 pereunt
1275 2462 1579 2537 vaniloqui
1601 2468 1657 2520 et
1686 2463 1902 2520 mentis
1929 2462 2136 2518 seduc-

477 2551 658 2616 tores,
689 2549 795 2621 qui
823 2566 961 2605 cum
985 2551 1139 2606 duas
1167 2552 1507 2609 voluntates
1526 2553 1587 2608 in
1605 2552 1994 2608 deliberando
2011 2550 2137 2607 ani-

477 2636 920 2703 madverterint,
940 2638 1094 2694 duas
1122 2644 1370 2696 naturas
1395 2641 1657 2696 duarum
1688 2642 1979 2697 mentium
2005 2655 2135 2695 esse

481 2729 846 2792 asseverant,
880 2741 1068 2782 unam
1094 2727 1343 2792 bonam,
1379 2729 1627 2785 alteram
1649 2729 1921 2802 malam.]

548 2828 590 2901 -1-
622 2831 688 2886 Et
715 2829 868 2888 infra
890 2834 1262 2903 Augustinus
1293 2837 1452 2909 (cap.
1481 2839 1561 2905 10)
1601 2855 1613 2893 :
1655 2838 1802 2910 [Ego
1832 2852 1999 2892 eram
2034 2836 2139 2909 qui

479 2916 785 2986 volebam,
832 2935 942 2990 ego
972 2922 1077 2996 qui
1107 2923 1388 2980 nolebam
1424 2943 1435 2980 :
1473 2941 1606 2994 ego,
1645 2941 1756 2994 ego
1801 2941 1987 2990 eram,
2031 2940 2139 2979 nec

477 3002 655 3076 plene
685 2989 1136 3074 volebamfnec
1183 3011 1357 3084 plene
1389 2989 1869 3068 nole—bamfldeo
1901 2989 2139 3067 mecum
2171 2989 2212 3042 Ο

479 3095 941 3165 contendebam,
967 3099 1378 3174 etdissipabar
1393 3119 1428 3158 a
1443 3119 1537 3158 me
1557 3103 1709 3175 ipso.
1736 3105 1800 3158 Et
1819 3103 1954 3176 ipsa
1972 3101 2144 3157 dissi-

477 3183 642 3254 patio
671 3201 766 3240 me
792 3186 978 3243 invito
1009 3189 1255 3262 quidem
1281 3190 1481 3260 ﬁebat,
1506 3207 1616 3246 nec
1642 3196 1842 3247 tamen
1859 3191 2137 3247 ostende-

477 3270 580 3329 bat
610 3277 890 3331 naturam
922 3279 1138 3333 mentis
1161 3279 1386 3350 ahenae,
1439 3280 1542 3335 sed
1565 3297 1811 3353 poenam
1841 3297 2008 3336 meas.
2074 3283 2139 3336 Et

478 3360 614 3418 ideo
627 3365 754 3433 jam
783 3379 905 3420 non
936 3382 1048 3436 ego
1081 3369 1381 3439 operabar
1407 3369 1592 3436 illam,
1617 3369 1723 3424 sed
1762 3368 1928 3442 quod
1965 3369 2138 3424 habi-

479 3449 647 3506 tabat
671 3450 731 3504 in
758 3468 854 3506 me
886 3459 1200 3524 peccatum
1237 3459 1424 3523 (Rom.
1460 3474 1556 3523 vu,
1604 3458 1709 3529 l4),
1739 3457 1812 3512 de
1845 3457 2138 3530 supplicio

479 3533 768 3592 liberioris
798 3540 1046 3610 peccati,
1088 3543 1230 3614 quia
1269 3560 1433 3599 eram
1467 3545 1624 3599 ﬁlius
1654 3547 1866 3601 Adam.
1916 3549 2061 3600 Nam
2091 3545 2138 3600 si

480 3626 566 3678 tot
595 3628 733 3679 sunt
758 3629 1066 3683 contraria:
1090 3634 1316 3686 naturae
1343 3637 1490 3704 quot
1506 3632 1844 3688 voluntates
1868 3633 1980 3688 sibi
1997 3634 2136 3688 resi-

481 3714 662 3779 stunt,
694 3728 816 3769 non
841 3714 972 3786 jam
1001 3716 1158 3789 duae,
1188 3720 1291 3775 sed
1321 3719 1522 3793 plures
1549 3722 1764 3794 erunt.]

550 3820 593 3890 -ι-
623 3824 992 3891 Augustinus
1028 3831 1235 3884 contra
1260 3828 1682 3888 Adversarium
1712 3831 1880 3901 Legis
1920 3835 1974 3887 et
2004 3834 2138 3887 Pro-

478 3908 797 3981 phetarum
828 3912 953 3984 (lib,
987 3932 1024 3970 ι.
1060 3932 1194 3990 cap.
1226 3921 1318 3989 22)
1352 3935 1365 3974 :
1404 3919 1538 3985 [Sed
1567 3921 1750 3985 hunc,
1781 3921 1993 3994 inquit,
2023 3925 2135 3977 Do-

479 3999 682 4054 minus
715 4002 978 4058 Christus
996 4007 1322 4077 appellavit
1342 4009 1618 4064 arborem
1645 4010 1894 4078 bonam,
1920 4011 2137 4066 facien-

478 4089 598 4142 tem
624 4086 850 4145 fructus
877 4092 1068 4148 malos
1095 4096 1330 4153 (Matth.
1355 4113 1450 4166 vn,
1485 4099 1587 4162 l7).
1627 4103 1749 4156 lmo
1780 4118 1920 4156 vero
1954 4103 2134 4174 hujus

481 4174 620 4231 talia
657 4177 982 4250 sentientis,
1025 4186 1316 4256 tanquam
1354 4186 1528 4242 malae
1579 4188 1808 4244 arboris
1852 4190 1958 4246 iste
2006 4193 2133 4264 ipse

479 4278 677 4326 sermo
697 4265 1091 4339 blasphemus
1116 4272 1341 4329 fructus
1371 4279 1458 4330 est
1482 4275 1677 4331 malus
1712 4295 1724 4332 :
1756 4281 1904 4333 Nam
1937 4280 2132 4336 homi-

478 4366 620 4412 nem
651 4355 878 4412 malum
924 4358 1142 4416 dixisse
1185 4362 1505 4418 Dominum
1555 4365 1832 4421 arborem
1882 4368 2129 4438 malam,
2165 4341 2208 4395 Β

481 4442 653 4514 cujus
682 4443 908 4501 fructus
942 4449 1085 4504 mali
1127 4455 1326 4508 essent
1374 4468 1557 4524 opera
1604 4455 1803 4524 mala;
1850 4459 1905 4512 et
1946 4459 2136 4514 homi-

481 4535 623 4594 nem
660 4531 892 4591 bonum
923 4537 1201 4595 arborem
1243 4539 1491 4613 bonam,
1537 4542 1708 4614 cujus
1738 4544 1963 4600 fructus
1988 4547 2135 4602 boni

477 4627 692 4694 essent,
725 4640 908 4697 opera
936 4627 1120 4700 bona,
1158 4629 1220 4685 id
1250 4636 1356 4698 est,
1393 4633 1556 4704 ipsas
1583 4633 1901 4690 hominum
1927 4636 2136 4692 volun-

479 4711 649 4778 tates,
685 4713 780 4770 vel
808 4716 1036 4773 malam
1077 4719 1220 4776 mali
1265 4720 1545 4786 hominis,
1593 4723 1688 4778 vel
1730 4723 1956 4780 bonam
1986 4726 2135 4782 boni

477 4796 759 4872 hominis,
810 4804 1078 4863 diversas
1123 4825 1250 4865 esse
1300 4811 1546 4867 arbores
1595 4812 1860 4869 diversos
1907 4814 2132 4873 fructus

477 4881 752 4959 ferentes,
804 4893 946 4948 satis
1002 4895 1304 4953 evidenter
1357 4899 1487 4972 ipse
1547 4904 1793 4958 testatur
1846 4903 2052 4959 dicens
2115 4923 2128 4961 :

478 4975 682 5063 _Bonus
711 4977 882 5034 homo
911 4982 984 5038 de
1031 4983 1179 5039 bono
1227 4987 1508 5044 thesauro
1551 4991 1746 5046 cordis
1776 4994 1872 5048 sui
1893 4995 2132 5063 profert

481 5061 654 5131 bona,
683 5073 738 5122 et
765 5069 960 5125 matus
1005 5071 1176 5130 homo
1217 5075 1290 5131 de
1318 5079 1476 5134 malo
1508 5077 1787 5138 thesauro
1813 5061 2015 5136 cordis
2039 5083 2136 5136 sui

469 5153 709 5223 pro/ert
739 5157 903 5214 mala
933 5159 1172 5230 (Matth.
1195 5179 1294 5236 xn,
1328 5167 1440 5238 35).
1473 5167 1789 5232 Quomodo
1815 5173 2013 5223 autem
2046 5167 2134 5222 di-

478 5248 655 5316 ceret,
688 5249 792 5301 aut
818 5245 991 5306 facite
1022 5251 1299 5310 arborem
1329 5254 1580 5317 bonam,
1612 5262 1668 5312 et
1704 5255 1962 5311 fructum
2002 5255 2132 5327 ejus

476 5331 730 5402 bonum,
758 5341 862 5392 aut
891 5337 1063 5394 facite
1083 5341 1360 5398 arborem
1390 5343 1616 5398 malam
1645 5348 1702 5399 et
1718 5344 1978 5399 fructum
1999 5344 2130 5416 ejus

479 5421 730 5491 malum,
777 5425 890 5482 nisi
930 5427 1113 5484 homo
1157 5436 1376 5502 posset,
1426 5447 1587 5486 nunc
1636 5431 1694 5486 in
1736 5433 1848 5486 hoc
1879 5447 2039 5488 nunc
2069 5434 2131 5490 in

479 5509 647 5657 illudi,
695 5520 929 5612 mutata
968 5517 1292 5589 voluntate,
1338 5518 1646 5591 converti.]
1677 5521 1718 5590 -ι-
1757 5521 2133 5597 Quapropter

479 5615 600 5657 auo
675 5617 806 5657 ais:

479 5615 644 5672 quoa
675 5617 764 5659 ais
793 5621 806 5660 :

1563 165 1620 221 S.
1652 159 2025 218 PRUDENTII
2065 156 2454 216 TREGENSIS
2493 157 2802 218 EPISOOPI

3760 153 3850 204 121
3867 151 3906 204 2

2819 294 3058 335 JOANNES
3098 293 3324 333 SCOTIIS.

2319 394 2483 463 (Cap.
2517 391 2599 458 15,
2633 404 2800 444 num.
2840 387 2924 456 ll,
2958 389 3097 442 sect.
3125 386 3201 455 8.)
3232 384 3413 438 eAut
3443 384 3543 437 cui
3571 396 3691 436 non
3719 382 3916 449 facile

2241 485 2450 549 pateat
2494 480 2570 535 ab
2617 493 2739 534 una
2789 477 3021 547 origine
3065 475 3234 530 nasci
3287 488 3406 528 non
3438 486 3610 540 posse
3656 470 3916 525 invicem

2243 571 2357 626 sibi
2369 570 2780 626 adversantia.
2817 567 3096 635 Profecto
3120 564 3356 636 quidem
3381 561 3538 617 unde
3569 560 3794 615 bonum
3814 561 3914 627 sit,

2243 643 2382 716 inde
2413 660 2638 714 malum
2684 672 2801 712 non
2841 657 2988 721 erit;
3025 654 3182 709 unde
3232 650 3562 714 humilitas,
3612 663 3734 703 non
3779 647 3920 703 inde

2242 745 3094 818 superbia.Exfontejustitize
3109 755 3418 812 nunquam
3449 743 3656 793 manat
3687 738 3919 807 iniqui-

2245 845 2353 904 tas,
2409 853 2484 894 ea:
2540 839 2673 893 vitae
2723 836 3020 906 principio
3070 846 3379 902 nunquam
3423 827 3689 896 procedit
3731 841 3920 880 mors,

2245 927 2546 982 beatitudo
2579 942 2698 981 non
2729 930 2811 980 est
2835 937 3020 979 causa
3049 921 3320 976 miseriae.
3348 918 3657 972 Postremo
3679 929 3920 970 summa

2243 1018 2491 1072 essentia
2523 1016 2693 1070 nullo
2732 1013 2902 1069 modo
2941 1011 3126 1081 efﬁcit
3169 1023 3302 1080 qua
3332 1023 3452 1062 non
3496 1010 3658 1066 sunt,
3697 1019 3920 1074 pecca-

2244 1109 2366 1159 tum
2398 1120 2554 1158 mors
2584 1117 2778 1172 pana,
2797 1100 3070 1168 justitiaa,
3104 1098 3260 1163 vitae,
3295 1093 3686 1151 beatitudinis
3714 1091 3927 1178 deieci

2246 1199 2338 1248 tus
2362 1199 2538 1248 sunt:
2556 1192 2629 1248 ab
2646 1207 2707 1247 co
2728 1193 2916 1261 igitur
2933 1190 3036 1260 qui
3050 1195 3156 1252 est,
3175 1201 3295 1241 non
3311 1190 3446 1240 sunt
3466 1199 3486 1238 .'
3504 1197 3578 1238 ac
3603 1197 3705 1251 per
3721 1182 3922 1250 hoc-,3!

2247 1283 2320 1338 ab
2336 1297 2400 1338 eo
2414 1297 2533 1337 non
2549 1280 2846 1351 sunt,quis
2869 1278 3089 1334 audeat
3110 1276 3308 1332 dicere
3325 1275 3384 1329 in
3407 1274 3488 1330 eis
3511 1271 3742 1343 aliquid
3765 1285 3918 1328 esse.

2919 1415 3239 1457 CORRECTIO.

2322 1514 2365 1583 -1-
2391 1511 2674 1577 Quamvis
2699 1510 2858 1575 satis,
2887 1512 2949 1565 ut
2969 1507 3220 1576 aestimo,
3251 1510 3371 1571 (am
3398 1521 3470 1559 ex
3496 1503 3588 1558 his
3610 1519 3750 1574 quae
3775 1517 3923 1574 prte-

477 1592 740 1624 ”²⁵⁹”“³“³
771 1592 909 1610 ωνν
945 1592 1087 1653 ww.
1115 1592 1518 1664 ωνωωέωω
1559 1592 1619 1610 'u
1657 1592 1819 1654 “."T'"
1854 1592 2141 1652 mauu“?
2255 1601 2528 1656 misimus
2567 1605 2921 1655 evacuatum
2954 1597 3046 1666 sit,
3078 1601 3277 1650 tamen
3308 1595 3451 1667 quia
3489 1592 3564 1647 de
3595 1592 3917 1646 contrariis

477 1642 644 1714 quod
671 1657 813 1697 caro
835 1648 1282 1715 concupisceret
1303 1645 1591 1700 adversus
1620 1649 1914 1716 spiritum,
1943 1648 1999 1698 et
2029 1659 2144 1714 spi-
2174 1640 2226 1699 Β¹
2256 1696 2350 1716 ‘M
2389 1690 2740 1716 “manu”
2764 1686 2983 1716 ΜιΜῇ
3033 1686 3216 1716 “dum
3247 1682 3699 1716 {,‘nlnnﬁmmm
3737 1679 3917 1716 ΝΜ-

2256 1696 2356 1746 tua
2385 1690 2741 1745 conﬁrmare
2764 1686 3005 1756 satagis,
3033 1686 3216 1740 miror
3246 1682 3702 1738 dialecticorum
3737 1679 3920 1734 subti-

2252 1779 2546 1834 lissimum
2591 1777 2930 1832 nullatenus
2955 1774 3333 1849 perspexisse
3372 1773 3587 1828 animas
3634 1775 3918 1826 naturam

2253 1874 2374 1924 tam
2401 1867 2542 1922 boni
2565 1883 2750 1938 quam
2774 1865 2916 1921 mali
2943 1881 3070 1920 esse
3094 1879 3403 1936 capacem,
3432 1867 3486 1917 et
3505 1877 3578 1916 ex
3606 1859 3917 1914 voluntate

2250 1974 2384 2030 quae
2419 1957 2494 2012 ab
2537 1972 2608 2010 ea
2646 1953 2932 2026 procedit,
2979 1951 3067 2009 vel
3099 1951 3352 2020 malum,
3383 1949 3474 2005 vel
3505 1949 3746 2004 bonum
3798 1949 3918 2002 sive

2250 2045 2515 2116 cogitari,
2547 2045 2671 2101 sive
2693 2044 2830 2110 dici,
2865 2059 2970 2098 seu
2999 2041 3204 2115 perlici
3240 2060 3252 2096 :
3282 2042 3403 2096 imo
3428 2055 3552 2094 uno
3575 2037 3914 2110 eodemque

2248 2139 2555 2191 momento
2596 2133 2759 2189 bona
2804 2137 2858 2188 et
2890 2131 3048 2187 mala
3077 2129 3332 2202 concipi,
3366 2133 3544 2202 atque
3590 2126 3821 2183 diutius
3857 2126 3914 2180 in

2247 2224 2459 2281 eadem
2491 2222 2881 2278 alternatioue
2911 2219 3156 2276 versari.

2319 2314 2501 2385 Cujus
2546 2313 2627 2368 rei
2671 2329 2858 2367 unum
2900 2327 2971 2365 ex
3022 2309 3175 2364 libro
3206 2307 3367 2364 beati
3412 2306 3760 2377 Augustini,
3795 2306 3911 2379 'qui

2246 2403 2626 2460 Enchiridion
2658 2401 2892 2470 dicitur,
2925 2416 3239 2456 sumamus
3263 2397 3670 2454 testimonium
3700 2418 3712 2451 :
3737 2395 3910 2467 [Quid

2246 2497 2334 2550 est
2361 2497 2583 2560 autem,
2633 2491 2825 2563 inquit
2866 2490 3015 2562 (cap.
3074 2488 3272 2560 13-15),
3323 2487 3520 2544 malus
3560 2487 3741 2542 homo
3787 2483 3905 2539 nisi

2246 2582 2408 2639 mala
2427 2587 2662 2650 natura,
2685 2581 2827 2654 quia
2846 2581 3029 2636 homo
3054 2583 3268 2636 natura
3289 2575 3418 2634 est?
3447 2580 3623 2634 Porro
3646 2575 3691 2629 si
3710 2575 3896 2629 homo

2247 2671 2493 2744 aliquod
2523 2671 2753 2727 bonum
2783 2669 3031 2743 estquia
3052 2673 3267 2725 natura
3288 2672 3398 2733 est,
3421 2665 3569 2740 quid
3590 2669 3673 2720 est
3700 2662 3904 2719 malus

2248 2762 2432 2816 homo
2472 2760 2587 2815 nisi
2618 2759 2848 2816 malum
2880 2758 3110 2814 bonum
3148 2758 3175 2814 ‘t
3213 2760 3434 2814 Tamen
3476 2772 3609 2812 cum
3639 2754 3763 2808 duo
3795 2751 3915 2808 ista

2250 2849 2664 2913 discernimus,
2727 2848 3066 2904 invenimus
3117 2863 3225 2902 nec
3281 2846 3418 2903 ideo
3481 2843 3701 2900 malum
3756 2844 3918 2915 quia

2251 2941 2434 2995 homo
2465 2944 2572 3010 est,
2618 2955 2727 2994 nec
2768 2937 2902 2993 ideo
2940 2937 3170 2992 bonum
3201 2937 3345 3008 quia
3374 2935 3615 3008 iniquus
3643 2938 3773 3000 est;
3810 2933 3920 2988 sed

2252 3031 2484 3087 bonum
2514 3030 2658 3102 quia
2685 3030 2887 3096 homo,
2915 3028 3144 3086 malum
3166 3028 3311 3100 quia
3337 3027 3600 3094 iniquus.
3625 3025 3921 3096 Quisquis

2252 3136 2394 3192 ergo
2426 3120 2602 3175 dicit:
2627 3119 2842 3176 Malum
2868 3122 2955 3174 est
2979 3118 3288 3174 hominem
3309 3131 3462 3182 esse,
3493 3119 3600 3170 aut
3633 3131 3647 3168 :
3680 3115 3921 3169 Bonum

2252 3214 2340 3265 est
2399 3208 2673 3280 iniquum
2726 3223 2878 3274 esse,
2938 3206 3065 3278 ipse
3114 3204 3319 3261 incidit
3374 3204 3435 3260 in
3491 3203 3919 3277 propheticam

2251 3298 2413 3354 illam
2443 3297 2797 3353 sententiam
2829 3312 2841 3350 :
2882 3296 2976 3351 Vw
3007 3296 3111 3366 qui
3147 3295 3352 3351 dicunt
3393 3293 3551 3366 quod
3578 3293 3806 3348 bonum
3841 3298 3920 3348 est

2247 3387 2497 3453 malum,
2521 3391 2573 3440 et
2595 3385 2755 3455 quod
2774 3384 2996 3440 malum
3020 3389 3103 3438 est
3128 3383 3342 3438 bonum
3367 3381 3506 3449 (Isa.
3525 3397 3583 3435 γ.
3606 3385 3728 3443 20).
3753 3383 3920 3450 Opus

2247 3476 2409 3530 enim
2442 3474 2541 3529 Dei
2566 3474 2786 3546 culpat,
2819 3473 2984 3545 quod
3015 3479 3101 3528 est
3131 3473 3354 3540 homo;
3396 3477 3451 3528 et
3479 3471 3690 3526 vitium
3723 3471 3922 3526 homi-

2246 3564 2339 3618 nis
2357 3563 2585 3632 laudat,
2613 3562 2778 3634 quod
2799 3566 2886 3618 est
2914 3561 3217 3633 iniquitas.
3244 3560 3448 3618 Omnis
3470 3560 3673 3632 itaque
3696 3567 3919 3616 natura

2245 3651 2475 3706 etiamsi
2516 3652 2727 3707 vitiosa
2755 3656 2864 3716 est,
2912 3651 2970 3708 in
3003 3655 3301 3722 quantum
3332 3655 3545 3705 natura
3591 3653 3702 3720 est,
3750 3649 3917 3705 bona

2245 3745 2366 3808 est;
2396 3740 2455 3795 in
2476 3745 2773 3813 quantum
2805 3740 3016 3796 vitiosa
3048 3745 3153 3802 est,
3189 3739 3351 3795 mala
3383 3744 3489 3794 est.

2317 3831 2690 3903 Quapropter
2717 3829 2777 3885 in
2818 3830 2909 3885 his
2951 3829 3260 3884 contrariis
3299 3845 3435 3902 quae
3467 3827 3630 3884 mala
3658 3833 3715 3884 et
3741 3827 3912 3884 bona

2244 3925 2554 3990 vocantur,
2580 3920 2677 3976 illa
2705 3919 3152 3975 dialecticorum
3183 3919 3391 3988 regula
3421 3918 3642 3984 deﬁcit,
3668 3934 3794 3990 qua
3824 3917 3913 3974 di-

2243 4014 2385 4064 cunt
2412 4009 2559 4064 nulli
2598 4009 2680 4064 rei
2714 4009 2834 4064 duo
2879 4008 3060 4064 simul
3103 4009 3297 4063 inesse
3347 4007 3665 4064 contraria.
3701 4007 3910 4065 Nullus

2241 4099 2399 4154 enim
2451 4116 2552 4154 aer
2610 4099 2788 4154 simul
2842 4103 2930 4154 est
2979 4102 3037 4153 et
3097 4097 3448 4153 tenebrosus
3508 4102 3562 4152 et
3622 4096 3908 4164 lucidus;

2242 4189 2440 4243 nullus
2481 4189 2650 4244 cibus
2702 4193 2805 4244 aut
2852 4193 3028 4261 potus
3073 4187 3250 4242 simul
3293 4187 3483 4243 dulcis
3523 4191 3578 4243 et
3623 4189 3909 4242 amarus;

2242 4277 2472 4334 nullum
2525 4293 2743 4350 corpus
2796 4278 2973 4333 simul
3015 4276 3118 4332 ubi
3145 4276 3372 4342 album,
3406 4276 3487 4332 ibi
3519 4281 3575 4332 et
3614 4276 3860 4345 nigrum
3895 4297 3909 4334 :

2241 4366 2476 4422 nullum
2523 4365 2700 4421 simul
2738 4366 2821 4421 ibi
2851 4367 3118 4422 deforme
3158 4365 3262 4421 ubi
3307 4365 3662 4421 formosum.
3698 4368 3766 4420 Et
3793 4366 3912 4424 hoc

2241 4456 2304 4511 in
2348 4455 2550 4510 multis
2598 4471 2667 4510 ac
2706 4471 2857 4526 pene
2901 4455 3184 4512 omnibus
3232 4455 3544 4511 contrariis
3591 4456 3909 4528 reperitur,

2243 4548 2306 4599 ul
2333 4543 2394 4598 in
2425 4560 2548 4599 una
2571 4559 2633 4599 re
2665 4543 2844 4598 simul
2884 4559 3016 4599 esse
3062 4559 3184 4599 non
3213 4544 3467 4616 possint.
3518 4545 3668 4599 Cum
3700 4549 3905 4600 autem

2241 4631 2406 4689 bona
2444 4637 2500 4688 et
2536 4632 2698 4689 mala
2725 4633 2928 4688 nullus
2954 4633 3227 4701 ambigat
3256 4648 3391 4688 esse
3424 4633 3743 4695 contraria.
3772 4647 3897 4686 non

2243 4724 2436 4780 solum
2488 4722 2666 4778 simul
2709 4739 2837 4778 esse
2881 4726 3153 4795 possunt,
3205 4722 3308 4778 sed
3355 4723 3536 4780 etiam
3575 4722 3738 4780 mala
3770 4736 3905 4777 om-

2239 4813 2385 4868 nino
2433 4812 2559 4868 sine
2612 4811 2788 4868 bonis
2838 4816 2894 4867 et
2944 4811 3056 4867 nisi
3103 4812 3161 4866 in
3207 4810 3381 4866 bonis
3423 4828 3558 4868 esse
3607 4828 3733 4868 non
3771 4826 3909 4885 pos-

2243 4907 2404 4964 sunt,
2431 4901 2709 4974 quamvis
2733 4900 2894 4956 bona
2914 4900 3040 4955 sine
3080 4899 3255 4955 malis
3277 4915 3403 4956 esse
3427 4901 3680 4972 possint.
3711 4901 3914 4958 Potest

2240 4991 2400 5047 enim
2429 4989 2612 5044 homo
2658 4988 2748 5044 vel
2779 4988 3028 5059 angelus
3059 5004 3182 5043 non
3213 5004 3342 5045 esse
3384 4988 3646 5060 iujustus
3672 5006 3688 5054 ;
3718 4990 3909 5062 injus-

2241 5084 2334 5135 tus
2367 5082 2568 5134 autem
2589 5093 2712 5132 non
2737 5082 2936 5150 potest
2966 5093 3094 5133 esse
3122 5077 3236 5133 nisi
3266 5077 3450 5134 homo
3479 5077 3572 5133 vel
3600 5079 3866 5150 angelus
3892 5099 3906 5136 :

2241 5173 2297 5225 et
2342 5167 2574 5222 bonum
2620 5167 2784 5239 quod
2841 5167 3047 5235 homo,
3101 5167 3332 5222 bonum
3387 5167 3554 5239 quod
3611 5170 3907 5238 angelus;

2239 5255 2470 5334 malum
2507 5256 2673 5329 quod
2715 5255 2997 5326 iujustus.
3045 5257 3108 5310 Et
3148 5255 3277 5312 haec
3311 5255 3432 5312 duo
3481 5259 3786 5316 contraria
3825 5261 3907 5316 ita

2241 5345 2419 5402 simul
2445 5349 2600 5412 sunt,
2647 5345 2781 5401 utsi
2811 5345 3044 5401 bonum
3081 5361 3205 5402 non
3232 5349 3390 5401 esset
3416 5345 3476 5401 in
3505 5361 3630 5420 quo
3665 5347 3905 5406 malum

2241 5441 2413 5505 esset,
2462 5451 2710 5508 prorsus
2756 5449 2865 5489 nec
2912 5433 3142 5490 malum
3191 5451 3320 5490 esse
3364 5435 3656 5509 potuisset
3700 5455 3713 5492 :
3757 5439 3905 5511 quia

2239 5539 2362 5579 non
2392 5524 2574 5580 modo
2606 5524 2708 5579 ubi
2752 5522 3119 5591 consisteret,
3151 5524 3259 5580 sed
3287 5524 3447 5580 unde
3485 5525 3743 5581 oriretur
3774 5543 3905 5584 cor-

2241 5612 2438 5686 ruptio
2471 5628 2590 5670 non
2631 5613 2896 5683 haberet,
2943 5613 3056 5671 nisi
3098 5619 3254 5673 esset
3281 5615 3445 5690 quod
3487 5631 3904 5698 corrumpere.
