4116 6186
357 165 495 228 1213

1290 169 1380 223 DE
1424 153 2098 252 pmnssmmous
2134 169 2413 226 comas
2461 173 2508 228 ι.
2540 172 2837 237 scoruu,

3643 183 3782 250 ιω

351 292 482 358 tur;
512 287 706 360 quod,
747 287 863 346 nisi
886 289 1121 348 bonum
1153 295 1328 360 esset,
1360 307 1472 350 nec
1492 296 2007 368 corrumperetur:
2041 309 2091 368 Α
2130 295 2186 348 et
2212 293 2577 367 impiiaDeo
2605 297 2881 369 praesciti,
2930 302 3036 356 aut
3088 299 3283 372 poenis
3333 300 3550 361 debitis
3595 305 3778 366 dasti-

347 378 645 450 quoniam
689 377 840 433 nihil
868 383 960 435 est
996 380 1158 438 aliud
1198 383 1502 457 corruptio
1530 401 1718 459 quam
1745 383 1890 440 boni
1918 399 2014 440 ex-

347 468 805 526 terminatio.Ex
829 467 1007 526 bonis
1049 470 1228 540 igitur
1273 472 1434 531 mala
1464 479 1594 532 orta
1622 479 1779 540 sunt,
1812 478 1869 530 et
1896 471 2014 529 nisi

349 556 414 614 in
435 556 742 631 aliquibus
772 556 952 618 bonis
984 573 1109 616 non
1141 565 1280 617 sunt
1321 580 1333 618 :
1376 578 1487 620 nec
1518 568 1643 620 erat
1673 563 1821 621 alias
1851 560 2014 617 unde

352 645 607 704 oriretur
637 645 758 706 ulla
794 646 938 705 mali
989 652 1227 706 natura.
1274 653 1418 707 Nam
1453 652 1500 708 si
1533 656 1708 721 esset,
1734 652 1796 708 in
1823 665 2014 722 quan-

351 738 484 792 tum
517 741 735 794 natura
764 741 943 803 esset,
965 737 1233 810 profecto
1262 739 1426 798 bona
1472 745 1627 796 esset
1659 757 1671 796 :
1705 745 1761 796 et
1791 743 1896 798 aut
1924 739 2012 795 in-

352 823 754 896 corruptibilis
795 830 1009 882 natura
1057 842 1350 896 magnum
1397 835 1553 885 esset
1600 827 1855 898 bonum,
1907 832 2012 886 aut

353 912 531 970 etiam
574 918 792 972 natura
825 915 1227 988 corruptibilis
1266 917 1430 976 nullo
1461 918 1643 976 modo
1691 922 1848 975 esset
1897 917 2011 976 nisi

351 1000 598 1076 aliquod
626 1003 877 1066 bonum,
909 1004 1078 1076 quod
1104 1004 1336 1068 bonum
1383 1007 1830 1081 corrumpendo
1871 1023 2008 1081 pos-

351 1095 441 1146 set
466 1090 519 1145 ei
537 1105 753 1148 nocere
774 1092 1102 1164 corruptio.

420 1212 534 1270 Sed
558 1230 699 1269 cum
726 1215 892 1271 mala
912 1231 984 1271 ex
1023 1216 1200 1272 bonis
1243 1221 1373 1274 orta
1404 1233 1535 1276 esse
1565 1219 1842 1290 dicimus,
1882 1233 2006 1274 non

343 1305 586 1374 putetur
610 1303 725 1359 hoc
757 1304 1080 1362 Dominicae
1109 1307 1415 1364 sententiae
1432 1308 1739 1379 refragari,
1769 1324 1891 1382 qua
1920 1306 2006 1362 di-

347 1390 472 1446 xit:
513 1392 648 1448 Non
668 1399 862 1462 potest
895 1395 1080 1451 arbor
1115 1396 1266 1453 bona
1303 1398 1544 1468 fructus
1571 1399 1758 1454 malos
1781 1399 2002 1468 facere,

348 1494 538 1550 neque
556 1481 742 1537 arbor
760 1485 921 1539 mala
938 1486 1179 1553 [ructus
1204 1486 1381 1542 bonos
1397 1488 1620 1557 facere.
1656 1490 1783 1543 Non
1813 1489 2007 1559 potest

344 1567 927 1633 enim,sicutVeritas
947 1559 1050 1644 ait,
1079 1573 1275 1644 colligi
1304 1591 1421 1631 uva
1451 1575 1526 1630 de
1549 1575 1739 1648 spinis
1764 1573 2002 1647 (Matth.

346 1661 805 1732 vu,16,18),quia
834 1677 956 1718 non
983 1667 1176 1734 potest
1200 1681 1316 1720 uva
1341 1665 1507 1721 nasci
1530 1665 1603 1720 de
1633 1665 1822 1738 spinis
1855 1681 1870 1732 ;
1901 1663 2004 1718 sed
2036 1662 2079 1714 Β

345 1761 419 1802 ex
443 1747 607 1804 bona
633 1753 789 1808 terra
819 1756 875 1807 et
900 1751 1047 1807 vites
1083 1753 1252 1808 nasci
1275 1769 1456 1826 posse
1486 1753 1763 1809 videmus
1795 1756 1851 1808 et
1883 1751 2001 1824 spi-

339 1839 561 1893 nas.Eo
583 1839 767 1896 modo
790 1836 922 1912 [at.,
950 1844 1005 1896 et
1037 1841 1249 1897 eodem
1278 1843 1480 1914 modo]
1505 1846 1795 1914 tanquam
1823 1839 2004 1896 arbor

340 1923 503 1980 mala
528 1924 754 1982 fructus
783 1927 1068 1996 bonos,id
1100 1934 1192 1985 est
1230 1946 1414 2002 opera
1442 1931 1627 2001 bona,
1658 1945 1779 1986 non
1810 1931 2004 2001 potest

341 2012 535 2070 facere
557 2015 836 2072 voluntas
863 2017 1026 2074 mala
1053 2037 1065 2073 :
1102 2018 1208 2074 sed
1231 2035 1300 2074 ex
1339 2019 1505 2076 bona
1541 2018 1804 2076 hominis
1824 2022 2000 2074 natu-

344 2116 414 2157 ra
436 2103 575 2158 oriri
597 2105 876 2162 voluntas
917 2112 972 2162 et
1002 2107 1165 2163 bona
1194 2112 1392 2180 potest
1417 2113 1474 2164 et
1513 2109 1674 2165 mala
1708 2127 1720 2176 ;
1752 2124 1863 2164 nec
1892 2107 2001 2162 fuit

348 2205 595 2262 prorsus
619 2195 778 2250 unde
801 2196 1076 2267 primitus
1106 2198 1358 2253 oriretur
1386 2198 1662 2254 voluntas
1694 2197 1875 2263 mala,
1907 2196 1997 2251 ni-

349 2279 400 2334 si
421 2294 495 2335 ex
525 2283 719 2352 angeli
749 2289 806 2341 et
831 2284 1089 2342 hominis
1125 2292 1340 2344 natura
1368 2289 1552 2344 bona.
1591 2288 1762 2353 Quod
1787 2290 1844 2342 et
1871 2286 1998 2358 ipse

348 2367 642 2426 Dominus
673 2372 881 2429 eodem
900 2374 1029 2430 loco
1051 2375 1153 2431 ubi
1184 2376 1257 2432 de
1276 2376 1490 2434 arbore
1516 2382 1573 2432 et
1603 2375 1890 2431 fructibus
1909 2374 1997 2430 lo-

345 2459 669 2530 quebatur,
719 2463 1086 2536 apertissime
1128 2466 1386 2522 ostendit
1435 2485 1448 2534 ;
1498 2466 1579 2522 ait
1633 2469 1833 2521 autem
1864 2465 1995 2535 [al.,

344 2546 530 2620 enim]
561 2565 575 2604 :
606 2550 731 2607 Aut
759 2552 944 2610 facite
965 2554 1234 2611 arborem
1261 2556 1471 2612 bonam
1485 2560 1541 2611 et
1568 2556 1839 2625 fructum
1869 2555 1999 2622 ejus

348 2636 586 2709 bonum,
617 2646 724 2696 aut
740 2641 929 2711 facile
947 2644 1218 2701 arborem
1244 2645 1467 2700 malam
1497 2650 1549 2700 et
1564 2646 1837 2714 fructum
1867 2644 1996 2712 ejus

345 2727 572 2783 malum
601 2729 835 2802 (Matth.
865 2735 1058 2804 xu,33)
1095 2750 1108 2788 :
1142 2733 1286 2791 satis
1317 2734 1653 2789 admonens
1677 2749 1749 2788 ex
1775 2731 1996 2788 arbore

341 2814 590 2885 quidem
610 2817 772 2876 bona
800 2820 1124 2886 malos,aut
1151 2839 1224 2878 ex
1251 2823 1410 2878 mala
1426 2823 1620 2878 bonos
1647 2821 1812 2877 nasci
1839 2821 2019 2875 fruc-‘-'

343 2908 437 2959 tus
467 2921 587 2962 non
613 2923 788 2979 posse
811 2929 826 2977 ;
849 2927 922 2966 ex
942 2911 1293 2984 ipsatamen
1322 2917 1480 2969 terra
1508 2912 1605 2968 cui
1636 2909 1998 2985 loquebatur

342 2996 661 3067 utramque
683 2997 959 3056 arborem
991 3000 1130 3056 oriri
1167 3001 1390 3074 posse.]

412 3139 453 3208 -ι-
481 3138 650 3196 Vides
687 3157 963 3202 eversam
999 3160 1245 3201 omnem
1297 3149 1414 3202 tuae
1457 3141 1997 3214 argumentationis

341 3228 841 3303 machinam,qua
861 3247 897 3287 a
925 3232 1090 3289 bona
1109 3233 1336 3303 origine
1357 3234 1526 3290 nasci
1557 3247 1681 3288 non
1701 3247 1880 3305 posse
1911 3231 1997 3286 in-

341 3315 533 3372 vicem
559 3317 674 3376 sibi
699 3319 1080 3380 adversantia
1102 3321 1420 3380 conabaris
1451 3326 1714 3379 astruere
1743 3323 1770 3378 ‘2
1791 3320 1999 3377 Docuit

344 3401 592 3460 omnino
623 3403 712 3460 vir
731 3404 1156 3462 disertissimus
1177 3406 1256 3462 ab
1285 3423 1406 3463 una
1425 3405 1741 3476 origine,id
1769 3409 1859 3462 est
1885 3420 1994 3461 na-

344 3493 477 3548 tura
506 3491 602 3552 vel
621 3493 819 3564 angeli
839 3493 933 3550 vel
957 3495 1216 3552 hominis
1239 3496 1477 3568 prodire
1506 3494 1996 3554 contraria.Unde

343 3594 484 3650 ergo
516 3581 844 3646 humilitas,
896 3583 1035 3640 inde
1080 3585 1382 3658 superbia,
1439 3586 1499 3643 id
1550 3591 1641 3641 est
1693 3601 1760 3642 ex
1781 3590 1998 3641 natura

343 3670 540 3741 angeli
569 3671 662 3728 vel
678 3672 939 3730 hominis
965 3674 1148 3742 bona,
1164 3691 1236 3732 ex
1255 3692 1379 3748 qua
1405 3675 1683 3732 voluntas
1714 3674 1804 3731 vel
1832 3674 1997 3730 bona

341 3759 434 3815 vel
453 3760 614 3818 mala
647 3779 660 3830 ;
692 3761 775 3818 ita
806 3763 1190 3823 uthumilitas
1217 3765 1495 3822 voluntas
1523 3763 1997 3838 bona,superbia

341 3847 576 3906 dicatur
602 3849 876 3908 voluntas
895 3851 1059 3909 mala
1115 3869 1128 3908 :
1187 3869 1322 3926 qua;
1350 3858 1550 3912 tamen
1580 3852 1860 3910 voluntas
1890 3852 1997 3907 bo-

339 3953 585 4008 na,cum
616 3939 895 4012 primitus
930 3947 1157 4000 naturae
1187 3943 1460 4000 rationali
1497 3942 1660 3998 dono
1704 3941 1996 3999 Creatoris

339 4026 515 4086 fuerit
537 4027 984 4104 insita,propria
1003 4031 1429 4104 depravatione
1445 4035 1745 4102 corrupta,
1767 4046 1994 4102 nequa-

339 4130 528 4187 quam
558 4132 629 4173 ex
657 4133 719 4174 se
758 4119 852 4175 vel
876 4134 984 4191 per
1013 4136 1075 4176 se
1108 4121 1272 4177 bona
1303 4119 1465 4178 valet
1491 4118 1767 4186 existere,
1800 4118 1994 4174 donec

342 4210 609 4274 sanetur,
643 4213 972 4280 reparatur,
1005 4214 1184 4282 atque
1224 4208 1577 4265 infundatur
1614 4207 1692 4264 ab
1736 4207 1856 4278 illo,
1889 4207 1994 4280 qui

343 4309 582 4366 semper
613 4312 848 4351 summe
875 4302 932 4352 et
957 4297 1347 4356 essentialiter
1376 4303 1464 4354 cst
1484 4297 1766 4354 voluntas
1789 4297 1951 4353 bona
1975 4313 1989 4351 :

2125 385 2416 453 nati,cum
2448 391 2769 462 utrumque
2801 393 2859 446 et
2885 389 3040 448 ratio
3063 394 3121 446 et
3141 391 3462 449 auctoritas
3502 393 3630 452 ﬁeri
3659 398 3779 454 Deo

2117 472 2320 543 judice
2347 480 2724 548 protestetur.

2195 561 2418 619 Verum
2447 564 2522 619 de
2552 565 2750 637 poenis
2801 581 2837 622 a
2875 569 2996 624 Deo
3051 567 3233 624 etiam
3281 571 3689 644 temporaliter
3714 574 3777 633 in

2120 657 2466 722 peccatores
2488 657 2543 710 et
2564 653 2781 726 impios
2810 654 3111 727 irrogatis,
3142 673 3333 713 unum
3368 673 3441 714 ex
3469 661 3778 733 prophetis

2119 739 2528 797 testimonium
2559 743 2906 800 adhibuisse
2940 745 3197 802 sut'ticiat
3229 764 3242 814 ;
3277 763 3420 803 nam
3450 747 3512 803 in
3543 765 3615 805 eo
3643 750 3776 809 loco

2120 827 2223 884 ubi
2246 830 2539 902 propheta
2565 832 2688 888 Joel
2719 833 2800 889 ait
2831 851 2843 888 :
2868 835 2944 889 Et
2978 836 3225 892 reddam
3242 837 3402 893 vobis
3431 852 3620 895 annos
3632 856 3776 912 quos

2118 917 2366 974 comedit
2398 919 2646 983 locusta,
2675 921 2936 979 bruchus
2959 929 3014 979 et
3040 923 3332 994 rubigo,et
3358 939 3540 984 eruca
3564 943 3585 982 :
3601 928 3778 998 forti-

2118 1005 2261 1060 tudo
2287 1022 2413 1062 mea
2445 1023 2688 1079 magna,
2721 1026 2902 1080 quam
2935 1013 3074 1068 misi
3117 1013 3180 1069 in
3211 1029 3310 1070 vos
3359 1014 3529 1085 (Joel.
3571 1032 3630 1084 u,
3658 1018 3771 1089 24).

2189 1095 2442 1150 Sanctus
2465 1095 2859 1169 Hieronymus
2889 1115 3205 1173 exponens
3241 1103 3522 1158 eumdem
3548 1103 3772 1174 locum,

2112 1179 2197 1236 ita
2224 1186 2364 1258 post
2395 1185 2679 1258 quaedam
2711 1187 2924 1244 eti'atus
2953 1191 3037 1261 (in
3067 1191 3223 1246 Joel.
3271 1206 3403 1262 cap.
3433 1193 3499 1265 ιι)
3535 1209 3547 1246 :
3581 1195 3774 1260 [Quae-

2112 1268 2303 1327 rimus
2323 1288 2429 1329 cur
2458 1289 2639 1332 eruca
2665 1277 2963 1345 fortitudo
2985 1277 3076 1335 vel
3104 1278 3291 1334 virtus
3315 1281 3548 1336 Domini
3570 1281 3773 1356 appel-

2111 1357 2234 1416 lata
2262 1359 2358 1432 sit,
2391 1366 2448 1420 et
2474 1379 2598 1420 non
2653 1365 2851 1422 solum
2899 1367 3112 1437 virtus,
3154 1367 3258 1422 sed
3307 1368 3493 1426 virtus
3522 1386 3770 1440 magna.

2114 1449 2428 1510 Quomodo
2459 1453 2726 1522 potentia
2756 1454 2855 1509 Dei
2900 1455 2962 1510 in
3005 1455 3292 1528 Egyptiis
3316 1456 3511 1530 plagis
3531 1463 3773 1517 ostensa

2114 1539 2203 1591 est
2227 1552 2333 1609 per
2351 1553 2540 1609 parva
2560 1539 2928 1608 animalia,et
2938 1544 3238 1615 praecipue
3261 1546 3528 1616 ciniphes
3550 1547 3767 1614 (Exod.

2118 1640 2239 1691 V111,
2277 1627 2359 1696 16,
2397 1628 2504 1698 t7),
2536 1628 2642 1700 qui
2670 1633 2794 1684 tam
2825 1630 2995 1702 parvi
3018 1637 3160 1689 sunt
3181 1632 3418 1699 culices,
3446 1639 3510 1689 ut
3529 1635 3625 1689 vix
3647 1650 3770 1688 cer-

2113 1717 2335 1770 nantur
2363 1716 2552 1772 oculis
2576 1733 2590 1770 :
2617 1717 2701 1772 sic
2723 1723 2778 1774 et
2808 1733 2970 1774 nunc
2999 1719 3059 1775 in
3091 1735 3281 1792 parvo
3325 1721 3619 1795 tardoque
3648 1737 3774 1779 ver-

2112 1801 2356 1870 miculo,
2383 1804 2487 1876 qui
2518 1804 2617 1862 vix
2645 1807 2875 1864 moveri
2913 1812 3127 1879 potest,
3155 1815 3211 1868 et
3238 1809 3352 1868 levi
3382 1815 3543 1868 tactu
3572 1816 3774 1868 conte.-

2108 1889 2382 1961 ritur,Dei
2408 1894 2675 1968 potentia
2703 1899 2760 1950 et
2780 1896 3050 1954 humana
3080 1897 3370 1969 fragilitas
3397 1901 3770 1958 demonstra-

2109 1983 2224 2036 tur.
2273 1984 2400 2036 Non
2447 1982 2614 2056 quod
2652 1985 2805 2042 Deus
2832 1985 2908 2040 ad
2945 1991 3161 2046 nutum
3193 2004 3370 2046 suum
3401 1993 3458 2045 et
3488 1991 3766 2062 potentiae

2107 2070 2486 2140 majestatem
2518 2078 2781 2146 nequeat
2809 2078 3029 2132 terram
3058 2076 3425 2144 subvertere,
3449 2082 3506 2136 et
3533 2079 3766 2151 operire

2108 2160 2324 2210 cuncta
2349 2155 2591 2223 diluvio,
2626 2157 2718 2212 vel
2748 2158 2997 2218 fulmine
3036 2177 3458 2232 concremare;
3514 2163 3621 2220 sed
3660 2181 3767 2237 per

2107 2257 2318 2314 parva,
2346 2248 2421 2312 et,
2456 2249 2522 2302 ut
2541 2245 2622 2304 ita
2648 2246 2868 2316 dicam,
2900 2254 3125 2322 puncta
3149 2267 3469 2326 corporum
3505 2253 3765 2310 ostendit

2107 2334 2444 2397 humanam
2506 2335 2907 2406 fragilitatem.
2978 2340 3141 2396 Unde
3175 2344 3232 2397 et
3285 2341 3433 2398 illud
3495 2341 3764 2398 solemus

2108 2423 2383 2478 Marcioni
2413 2428 2469 2480 et
2490 2425 2714 2482 caeteris
2744 2427 3109 2501 respondere
3129 2429 3555 2504 haereticis,qui
3581 2431 3762 2486 Vetus

2105 2510 2339 2568 laniant
2370 2511 2844 2581 Testamentum,
2876 2516 3044 2591 quod
3073 2522 3130 2574 et
3157 2517 3406 2593 pulices,
3437 2523 3496 2576 et
3515 2519 3758 2587 culices,

2107 2602 2164 2655 et
2195 2600 2456 2672 cimices,
2482 2606 2538 2657 et
2562 2601 2985 2673 hujuscemodi
3011 2605 3344 2664 animantia
3367 2605 3590 2662 idcirco
3611 2606 3762 2662 fece-

2104 2687 2181 2744 rit
2218 2690 2396 2757 Deus,
2441 2693 2506 2746 ut
2535 2688 2916 2762 fragilitatem
2954 2696 3010 2750 et
3043 2693 3512 2752 imbecillitatem
3541 2699 3762 2752 nostra:

2106 2777 2304 2834 carnis
2325 2779 2686 2852 ostenderet,
2735 2797 2871 2854 quae
2915 2781 2977 2842 in
3018 2787 3250 2840 tantum
3279 2784 3428 2844 nihil
3453 2789 3558 2849 est,
3591 2789 3657 2842 ut
3683 2784 3763 2842 ab

2103 2865 2198 2926 his
2223 2883 2357 2939 quae
2388 2884 2577 2940 parva
2620 2875 2759 2926 sunt
2789 2871 3153 2930 vulneretur.
3219 2873 3276 2930 Si
3327 2879 3530 2931 autem
3581 2890 3764 2936 eruca

2105 2970 2449 3028 parvusque
2500 2957 2860 3014 vermiculus
2910 2959 3118 3016 fortior
3159 2961 3403 3018 homine
3448 2966 3557 3030 est,
3613 2962 3762 3034 quid

2105 3044 2392 3115 gloriatur
2412 3050 2569 3102 terra
2597 3051 2654 3104 et
2685 3047 2834 3108 cinis
2867 3049 3080 3121 (Eccli.
3104 3051 3206 3120 ix),
3257 3055 3315 3108 et
3341 3049 3498 3106 elata
3526 3066 3634 3123 per
3666 3066 3760 3106 su-

2104 3132 2378 3206 perbiam
2405 3134 2566 3206 (cum
2587 3151 2661 3191 ex
2681 3137 2868 3194 humo
2886 3137 2978 3205 sit,
3003 3154 3039 3194 a
3061 3153 3184 3211 qua
3201 3138 3386 3196 homo
3399 3138 3760 3212 appellatur)

2103 3221 2375 3279 humana
2395 3225 2722 3281 contemnit
2749 3226 2778 3282 ?
2826 3225 3084 3291 Quidam
3112 3231 3314 3282 autem
3342 3226 3545 3283 locum
3574 3227 3757 3283 istum

2107 3312 2189 3368 sic
2209 3313 2672 3386 interpretantur
2710 3333 2723 3370 :
2763 3319 2810 3370 Α
2836 3315 3057 3372 dextris
3083 3321 3140 3372 et
3170 3331 3207 3372 a
3232 3315 3486 3373 sinistris
3513 3316 3758 3373 virtutes

2106 3406 2163 3458 et
2207 3401 2580 3460 fortitudines
2623 3403 2718 3460 Dei
2763 3403 3038 3473 legimus,
3083 3420 3238 3477 quas
3282 3405 3464 3462 Graeci
3511 3401 3758 3478 δυνάμεις

2104 3496 2342 3548 vocant.
2374 3497 2421 3549 Α
2449 3493 2671 3550 dextris
2703 3493 3005 3567 seraphim
3034 3499 3092 3552 et
3118 3495 3455 3566 cherubim,
3477 3500 3757 3552 cunctas-

2104 3597 2223 3655 que
2243 3581 2544 3652 angelicas
2573 3587 2922 3656 potestates,
2956 3599 2992 3640 a
3012 3583 3261 3640 sinistris
3291 3584 3621 3642 contrarias
3644 3584 3760 3641 for-

2105 3671 2408 3735 titudines,
2441 3672 2517 3728 de
2567 3673 2790 3746 quibus
2843 3673 3131 3746 scriptum
3172 3678 3266 3730 est
3313 3690 3325 3727 :
3364 3675 3529 3730 Misit
3559 3675 3621 3730 in
3661 3689 3756 3732 eos

2104 3761 2261 3817 iram
2281 3763 2716 3832 indignationis
2737 3779 2881 3830 suae,
2907 3763 3179 3833 furorem
3197 3769 3252 3820 et
3283 3765 3458 3834 iram,
3491 3770 3544 3820 et
3567 3765 3756 3822 tribu-

2108 3850 2408 3918 lationem,
2441 3853 2856 3907 immissionem
2898 3867 3013 3920 per
3059 3853 3304 3922 angelos
3337 3854 3528 3908 malos
3563 3855 3756 3920 (Psal.

2104 3953 2316 4004 Lxxvu,
2350 3941 2461 4008 49).
2497 3942 2576 3993 De
2604 3939 2827 4010 quibus
2849 3944 2906 3994 et
2944 3939 3212 3996 Michteas
3238 3939 3300 3993 in
3333 3942 3562 4007 Regum
3596 3941 3758 3996 volu-

2104 4027 2264 4083 mine
2289 4026 2586 4099 loquitur:
2634 4027 2766 4082 Vidi
2795 4029 3111 4084 Dommum
3127 4030 3313 4084 Deum
3334 4028 3527 4083 Israel
3556 4029 3758 4085 seden-

2106 4122 2218 4173 tem
2245 4131 2426 4186 super
2456 4117 2740 4173 thronum
2769 4132 2964 4184 suum,
2991 4122 3045 4172 et
3085 4119 3275 4174 omnis
3305 4118 3602 4174 exercitus
3624 4119 3761 4174 caeli

2094 4208 2284 4276 juxta
2299 4221 2430 4262 eum
2460 4221 2497 4263 a
2518 4207 2746 4263 dextris
2773 4211 2828 4262 et
2855 4221 2892 4262 a
2921 4205 3180 4264 sinistris
3211 4208 3327 4278 (III
3345 4209 3754 4279 Reg.xxu,49).

2106 4298 2227 4366 Ego
2253 4300 2398 4368 puto
2425 4295 2733 4354 sinistrum
2767 4295 2951 4351 fuisse
2982 4295 3274 4368 spiritum,
3329 4298 3433 4369 qui
3481 4313 3755 4367 egressus

343 4397 417 4438 ex
445 4365 606 4440 fonte
620 4384 864 4456 justitite
890 4401 1208 4459 nunquam
1233 4402 1482 4444 manare
1504 4387 1906 4460 iniquitatem,
1931 4385 1991 4440 id
2022 4365 2068 4422 D
2106 4365 2214 4456 est,
2237 4365 2295 4442 et
2323 4386 2478 4442 stetit
2501 4402 2706 4443 coram
2750 4365 3099 4442 Domino—et
3125 4386 3208 4441 ait
3239 4403 3253 4444 :
3303 4365 3433 4457 Ego
3462 4365 3755 4456 decipiam

349 4475 441 4526 est
469 4487 542 4528 ex
570 4475 710 4543 Deo,
742 4474 942 4534 nullus
969 4475 1229 4547 ignorat,
1268 4477 1410 4547 quia
1439 4492 1559 4532 non
1591 4482 1675 4533 est
1706 4477 1993 4546 iniquitas

349 4560 516 4628 apud
541 4564 716 4618 Deum
742 4564 928 4636 (Rom.
956 4581 1031 4636 ιχ,
1063 4565 1147 4634 14)
1194 4583 1208 4622 :
1251 4571 1514 4622 attamen
1541 4566 1698 4636 juste
1726 4564 1997 4622 retribuit

343 4650 754 4721 peccatoribus
781 4653 1076 4728 supplicia
1099 4669 1236 4725 quae
1262 4653 1739 4721 merentur.Quia
1771 4659 1835 4712 tu
1866 4655 1995 4712 red-

341 4739 443 4796 des
477 4739 693 4812 inquit,
722 4743 1044 4815 unicuique
1083 4745 1409 4800 secundum
1439 4757 1622 4813 opera
1651 4758 1782 4807 sua,
1815 4758 1889 4798 ex
1919 4742 1998 4798 vi-

342 4833 412 4886 tae
442 4831 759 4904 principio,
791 4832 854 4888 id
882 4837 970 4888 est
1003 4834 1144 4903 Deo,
1189 4833 1438 4891 infertur
1479 4848 1642 4889 mors
1671 4833 1994 4904 peccatori-

336 4918 480 4986 bus,
510 4921 656 4994 quia
681 4925 935 4979 testante
970 4923 1264 4995 scriptura
1322 4942 1334 4979 :
1381 4923 1474 4980 Ab
1507 4925 1630 4993 ipso
1660 4928 1743 4979 est
1785 4923 1909 4981 vita
1938 4928 1993 4980 et

337 5025 493 5066 mors
533 5011 748 5077 (Eccli.
767 5027 848 5075 xl,
877 5013 984 5082 14).
1019 5012 1328 5070 Beatitudo
1355 5029 1476 5070 non
1499 5017 1586 5069 est
1612 5029 1795 5070 causa
1824 5013 1994 5069 mise~

335 5098 454 5167 rise,
482 5099 627 5171 quia
658 5101 813 5156 Deus
845 5117 966 5158 non
1015 5106 1107 5159 est
1144 5119 1328 5160 causa
1374 5104 1734 5176 cujusquam
1763 5103 1993 5175 peccati

337 5203 407 5244 ao
437 5204 632 5260 paena;
649 5208 662 5258 ;
678 5197 769 5246 est
784 5196 986 5247 tamen
1005 5192 1280 5263 irrigator
1305 5199 1480 5266 atque
1500 5193 1696 5250 illator
1711 5193 1988 5262 miseriae,

335 5279 548 5334 mortis
572 5283 629 5338 et
660 5296 876 5352 poenae:
897 5297 1030 5354 quae
1058 5299 1197 5338 cum
1228 5299 1264 5339 a
1283 5286 1398 5340 Deo
1422 5302 1433 5352 ;
1458 5283 1805 5340 auctoritate
1838 5284 1991 5340 sacri

336 5365 579 5439 eloquii,
594 5369 689 5426 vel
704 5371 1152 5442 praesentialiter
1171 5372 1264 5428 vel
1292 5372 1682 5444 postmodum
1704 5373 1989 5429 aeternali-

336 5458 425 5514 ter
445 5459 670 5516 meritis
694 5459 857 5532 juste
878 5461 1586 5534 rependantur,praescita
1601 5465 1658 5516 et
1681 5461 1986 5534 praedesti-

337 5551 478 5604 nata
508 5549 587 5610 ab
615 5549 748 5623 ipso
771 5553 1100 5610 rectissime
1125 5556 1592 5624 censentur,quo
1617 5551 1818 5623 judice
1846 5552 1989 5608 infe-

335 5641 570 5699 runtur.
593 5641 726 5706 Qua
751 5656 897 5706 vero
921 5641 1299 5717 impudentia
1327 5645 1626 5712 negantur
1644 5649 1988 5714 peccatores

2103 4475 2315 4534 Achab
2337 4483 2389 4532 et
2420 4477 2717 4547 egrediar,
2751 4481 2804 4532 et
2854 4490 2953 4532 ero
2983 4475 3232 4545 spiritus
3278 4477 3542 4534 mendax
3566 4477 3630 4530 in
3656 4488 3758 4529 ore

2104 4568 2366 4623 omnium
2412 4567 2846 4636 prophetarum
2895 4568 3024 4636 ejus
3063 4565 3260 4636 (1bid.,
3291 4564 3400 4634 2t).
3435 4563 3525 4618 Ad
3567 4577 3756 4634 quam

2105 4655 2424 4718 sinistram,
2456 4659 2513 4710 et
2531 4655 2892 4712 contrariam
2922 4657 3447 4726 potestatem,quas
3468 4655 3610 4722 apta
3630 4654 3758 4705 erat

2105 4742 2184 4796 ad
2213 4741 2658 4814 decipiendum,
2687 4749 2743 4800 et
2770 4744 3092 4800 exercitata
3121 4741 3200 4798 ad
3226 4741 3452 4811 ruinas,
3505 4744 3563 4797 et
3605 4739 3758 4795 mul-

2102 4834 2196 4887 tos
2223 4835 2360 4888 ante
2402 4832 2740 4905 deceperat,
2793 4832 3058 4904 loquitur
3107 4835 3262 4887 Deus
3317 4847 3330 4883 ι
3387 4831 3653 4900 Decipies
3701 4836 3754 4888 et

2093 4922 2780 4993 praevalebis,egredere,
2801 4927 2855 4978 et
2870 4923 2974 4992 fac
3002 4921 3360 4994 sit.Spiritus
3383 4935 3629 4992 quoque
3649 4920 3756 4993 qui

2101 5010 2439 5067 sutiocabat
2468 5011 2710 5081 Saul,de
2729 5027 2852 5085 quo
2878 5010 3156 5067 dixerunt
3177 5009 3257 5068 ad
3278 5026 3418 5067 eum
3441 5010 3610 5082 pueri
3639 5011 3752 5066 sui:

2098 5103 2253 5158 Ecce
2271 5102 2518 5170 spiritus
2538 5102 2649 5158 Dei
2669 5103 2865 5158 malus
2888 5106 2943 5157 te
2954 5101 3360 5171 obstupescere
3377 5102 3526 5172 facit
3545 5102 3598 5173 (Ι
3611 5102 3753 5170 Reg.

2099 5208 2216 5259 xvr,
2271 5191 2354 5260 14,
2391 5193 2496 5262 15),
2528 5190 2602 5245 de
2639 5190 2894 5247 sinistris
2942 5188 3216 5262 partibus
3266 5194 3392 5246 erat
3439 5189 3544 5261 qui
3589 5188 3757 5244 missi

2098 5285 2267 5338 erant
2293 5296 2329 5337 a
2348 5280 2602 5336 Domino
2617 5279 3217 5353 [al.,quiministrant
3242 5278 3515 5346 DominOJ
3546 5274 3625 5330 ad
3651 5291 3758 5347 pu-

2097 5373 2350 5430 niendos
2363 5387 2466 5430 eos
2480 5371 2584 5443 qui
2599 5369 2851 5426 cruciari
2863 5373 3210 5426 meruerunt
3227 5371 3471 5440 propter
3484 5369 3754 5438 peccata.

2097 5467 2224 5520 Non
2255 5463 2450 5519 solum
2481 5461 2643 5517 enim
2682 5460 2958 5517 homines
2988 5457 3240 5515 ministri
3273 5460 3413 5512 sunt
3452 5459 3508 5512 et
3538 5455 3755 5512 ultores

2094 5568 2197 5623 iraa
2237 5554 2368 5622 eius
2411 5552 2471 5608 in
2505 5551 2598 5608 his
2621 5551 2726 5624 qui
2746 5549 2978 5607 malum
3008 5551 3356 5620 operantur,
3386 5547 3442 5602 et
3471 5560 3595 5602 non
3629 5543 3753 5598 sine

2099 5656 2286 5702 causa
2302 5636 2962 5714 portantgladium,sed
2986 5636 3168 5696 etiam
3197 5633 3512 5696 contrariae
3531 5630 3754 5692 fortitu-
