4128 6200
425 186 563 240 1215

1524 183 1584 240 8.
1609 181 1981 239 PBUDENTII
2002 183 2381 243 TBECENSIS
2422 186 2738 244 EPISCOPl

3695 180 3830 236 £216

424 309 614 373 dines,
643 324 776 379 quae
799 306 1179 378 appellantur
1205 307 1369 363 furor
1395 311 1449 362 et
1479 307 1564 363 ira
1593 309 1712 377 Dei,
1745 324 1898 381 quos
1933 311 2070 364 Pro-
2101 312 2149 365 Α
2189 326 2225 366 a
2247 311 2518 368 Patribus
2542 314 2698 367 recte
2724 309 3087 366 intellectum
3116 311 3295 381 atque
3327 309 3638 364 tractatum
3665 308 3834 362 tuam

423 397 608 470 pheta
631 395 939 451 declinans
967 396 1078 452 ait:
1113 397 1381 465 Domine,
1412 413 1486 454 ne
1516 399 1575 454 in
1611 403 1823 470 furore
1845 404 1944 456 tuo
1974 413 2076 455 ar-

425 502 574 558 guas
588 500 698 548 me.
737 501 928 557 neque
951 487 1014 541 in
1026 486 1122 542 ira
1145 491 1248 544 tua
1263 490 1556 557 corripias
1579 505 1671 546 me
1692 490 1879 561 (Psal.
1901 506 1982 560 Vl,
2003 489 2073 562 1).

426 573 788 641 Istiusmodi,
823 577 888 630 ut
905 573 986 631 ita
1001 574 1223 639 dicam,
1255 577 1694 648 quaestionariis
1709 582 2079 652 atquetorto-

424 662 592 718 ribus
624 662 867 718 tradidit
896 664 1216 735 Apostolus
1237 671 1614 737 peccatorem
1656 669 1719 722 in
1769 669 2077 724 interitum

426 751 722 818 carnis,ut
742 751 993 819 spiritus
1017 753 1220 808 salvus
1250 755 1417 822 ﬁeret
1443 757 1490 824 (1
1521 754 1658 810 Cor.
1678 772 1732 826 v,
1761 755 1833 824 5):
1857 754 1932 810 de
1945 754 2079 826 qui-

424 837 540 892 bus
561 842 618 893 et
659 839 916 894 Satanas
949 844 1058 903 est,
1083 839 1181 896 cui
1208 841 1453 898 tradidit
1477 841 1650 911 alios,
1675 849 1740 899 ut
1782 843 2081 900 discerent

424 941 546 981 non
575 926 991 996 blasphemare
1021 929 1066 995 (Ι
1099 931 1244 986 Tim.
1268 935 1433 997 1,20).
1470 934 1603 986 Haec
1635 931 1709 987 de
1740 947 1941 998 eruca,
1975 947 2082 988 cur

428 1014 525 1069 Dei
559 1014 863 1087 appellata
894 1015 971 1072 sit
998 1017 1224 1089 virtus].
1251 1019 1286 1084 Τ
1307 1019 1527 1074 Deinde
1557 1019 1770 1075 infers:

1007 1122 1259 1162 JOANNES
1299 1123 1500 1163 SCOTliS

497 1191 664 1264 (Cap.
700 1197 784 1263 15,
813 1207 981 1248 num.
1018 1198 1105 1260 t2,
1138 1199 1276 1251 sect.
1311 1197 1386 1266 9).
1419 1200 1458 1248 Θ
1485 1197 1827 1267 Peccatum,
1868 1197 1936 1251 ni
1957 1196 2082 1265 fal-

429 1281 541 1347 lor,
575 1286 629 1336 et
655 1288 923 1350 peccata,
957 1288 1011 1337 et
1037 1299 1266 1352 plenas,
1300 1300 1407 1341 nec
1455 1300 1490 1341 a
1522 1287 1640 1342 Deo
1687 1287 1840 1354 ﬁeri,
1871 1300 1980 1341 nec
2005 1285 2081 1340 ab

427 1382 491 1423 eo
511 1371 808 1437 praesciri,
849 1371 943 1426 vel
975 1373 1428 1440 praedestinari:
1483 1374 1703 1432 Delicta
1759 1374 1920 1430 enim
1945 1373 2082 1446 quis

425 1455 700 1528 intelligit
717 1459 744 1513 ?
771 1459 962 1530 (Psal.
985 1477 1151 1530 xvm,
1190 1462 1272 1534 13)
1299 1481 1310 1517 :

1105 1565 1404 1606 CORRECTIO

2187 400 2541 472 pravitatem
2568 399 2838 456 funditus
2858 398 3085 454 evertit.

2259 488 2657 563 Hieronymus
2683 489 2744 544 in
2782 487 3045 560 Epistola
3073 487 3151 543 ad
3173 485 3459 560 Ephesios
3480 485 3636 557 (cap.
3669 501 3734 551 ιι,
3763 488 3836 553 l):

2190 576 2514 651 [Manifeste
2539 582 2743 636 autem
2770 592 2933 632 mors
2959 576 3181 632 animae
3225 575 3441 632 dicitur
3466 590 3598 631 esse
3627 589 3844 647 pecca-

2191 671 2338 730 tum.
2373 667 2435 723 in
2463 683 2534 724 eo
2561 665 2726 740 quod
2756 665 2868 722 ait:
2893 666 2972 721 Et
2998 680 3098 722 vos
3119 680 3252 721 cum
3283 665 3478 721 essetis
3498 663 3727 719 mortui
3748 663 3847 719 de-

2191 755 2349 811 lictis
2378 761 2432 812 et
2451 756 2717 825 peccatis
2745 754 2977 824 vestris,
3005 753 3178 824 juxta
3205 752 3352 808 illud
3382 768 3625 825 quoque
3671 751 3844 824 quod

2189 841 2252 897 in
2283 843 2547 899 Ezechiel
2577 842 2869 915 scriptum
2899 845 3020 897 est:
3043 841 3266 897 Anima
3295 855 3426 911 qua
3475 846 3842 910 peccaverit,

2189 931 2320 1000 ipsa
2351 933 2644 988 morietur
2673 929 2908 998 (Ezech.
2960 946 3131 997 xvui,
3160 930 3271 1000 20).
3308 931 3376 984 Et
3420 927 3567 1000 quia
3619 929 3846 984 delicta

2189 1035 2328 1092 quae
2361 1023 2557 1077 Graece
2588 1039 2990 1094 παραπτωματα
3017 1021 3466 1091 nuncupantur,
3483 1018 3657 1088 juxta
3685 1017 3846 1088 ejus-

2189 1108 2327 1164 dem
2383 1108 2604 1179 linguaa
2654 1107 3085 1181 etymologiam
3160 1105 3400 1180 proprie
3452 1105 3706 1161 verbum
3755 1109 3847 1161 est

2189 1197 2630 1270 Scripturarum
2692 1197 2849 1266 (licet
2921 1195 3138 1253 delicta
3203 1194 3553 1268 πλημμέλειαι
3623 1194 3839 1250 rectius

2191 1285 2672 1358 transferantur),
2703 1301 3050 1360 quaeramus
3075 1285 3224 1358 quid
3258 1283 3618 1354 signiﬁcent,
3640 1299 3838 1356 quove

2191 1375 2414 1431 distent
2439 1391 2474 1431 a
2501 1374 2780 1448 peccatis,
2815 1373 2878 1429 id
2898 1378 2991 1429 est
3030 1373 3181 1446 quid
3209 1372 3442 1428 intersit
3464 1371 3615 1427 inter
3637 1391 3848 1445 παραπ-

2192 1470 2409 1537 τώματα
2436 1470 2492 1520 et
2512 1464 2791 1539 ἁμαρτὶας.
2824 1463 3014 1518 Aiunt
3036 1461 3196 1518 enim
3225 1461 3393 1535 quod
3421 1467 3847 1536 παραπτώματα,

2192 1553 2367 1625 quasi
2397 1553 2566 1609 initia
2593 1555 2982 1626 peccatorum
3023 1551 3159 1619 sint,
3189 1567 3328 1607 cum
3359 1549 3638 1620 cogitatio
3668 1550 3851 1607 tacita

501 1635 542 1704 +
566 1637 734 1708 Saepe
757 1637 1022 1693 diximus
1052 1643 1299 1711 peccata
1345 1656 1380 1695 a
1413 1642 1528 1696 Deo
1559 1639 1900 1697 nullatenus
1931 1640 2080 1710 ﬁeri,
2114 1659 2153 1712 Β
2194 1642 2483 1715 subrepit,
2524 1646 2580 1697 et
2609 1641 2813 1714 aliqua
2866 1657 2940 1696 ex
2968 1645 3136 1714 parte
3188 1638 3685 1696 convenientibus
3713 1641 3850 1711 [al.,

427 1727 694 1796 prtesciri
740 1732 941 1784 autem
999 1729 1350 1785 auctoritate
1397 1729 1810 1802 probavimus,
1851 1731 2083 1788 dicente

426 1813 606 1870 beato
645 1816 786 1872 Job:
823 1821 948 1887 Ipse
993 1821 1157 1874 novit
1203 1825 1258 1875 et
1285 1819 1696 1890 decipientem,
1731 1826 1788 1877 et
1818 1836 1949 1877 eum
1981 1823 2085 1893 qui

427 1902 747 1972 decipitur,
775 1906 1024 1962 adducit
1055 1909 1430 1963 consiliarios
1455 1911 1518 1964 in
1557 1910 1807 1964 stultum
1835 1911 2012 1979 ﬁnem
2027 1915 2083 1966 et

417 1992 654 2059 judz'ces
681 1994 741 2048 in
771 1996 1218 2068 stuporem(Job
1231 2013 1336 2063 xu,
1365 1997 1809 2069 16).Gregorius
1842 1999 2080 2069 (Morel.

426 2081 491 2136 in
519 2081 652 2146 Job,
680 2081 782 2138 lib.
811 2100 892 2154 xi,
919 2100 1053 2157 cap.
1085 2086 1358 2157 7):[Cum
1389 2087 1588 2142 omnis
1605 2087 1708 2159 qui
1737 2088 2082 2159 proximum

429 2185 607 2224 suum
637 2169 912 2244 decipere
951 2177 1205 2229 conatur
1233 2173 1477 2247 iniquus
1499 2175 1590 2241 sit,
1611 2180 1667 2231 et
1693 2176 1914 2249 iniquis
1933 2176 2085 2232 Veri-

427 2260 518 2312 tas
548 2257 742 2315 dicat:
791 2261 1121 2333 Nunquam
1151 2264 1292 2320 novi
1318 2279 1438 2333 vos,
1472 2265 1756 2321 discedite
1783 2280 1819 2320 a
1848 2281 1940 2322 me
1966 2281 2084 2321 om-

427 2360 530 2401 nes
558 2349 666 2416 qui
691 2351 1027 2418 operamini
1044 2353 1420 2422 iniquitatem
1445 2353 1793 2420 (Matth.vu,
1816 2357 2085 2426 23),qua-

427 2433 557 2489 liter
586 2436 700 2492 hoc
731 2437 793 2492 in
825 2437 956 2494 loco
969 2439 1186 2496 dicitur
1204 2441 1349 2514 quia
1372 2442 1661 2498 Dominus
1683 2441 2081 2515 decipientem

427 2523 625 2579 novit?
639 2525 753 2581 Sed
783 2527 928 2598 quia
961 2529 1112 2585 scire
1141 2531 1239 2586 Dei
1271 2531 1598 2602 aliquando
1611 2547 1976 2602 cognoscere
1997 2533 2084 2589 di-

428 2609 598 2676 citur,
617 2611 947 2684 aliquando
979 2617 1340 2688 approbare,
1374 2623 1430 2673 et
1459 2619 1567 2674 scit
1613 2619 1890 2692 iniquum
1937 2621 2081 2693 quia

428 2700 850 2766 cognoscendo
867 2701 947 2774 dij
956 2703 1181 2775 udicat(
1189 2721 1384 2778 neque
1405 2705 1564 2762 enim
1585 2707 1858 2780 iniquum
1873 2725 2083 2781 quem-

425 2786 590 2859 piam
631 2787 985 2864 judicasset,
1037 2792 1086 2847 si
1140 2808 1530 2866 nequaquam
1571 2799 1999 2870 cognosceret),
2025 2803 2082 2856 et

424 2878 627 2931 tamen
656 2876 932 2950 iniquum
953 2881 1165 2952 nescit,
1187 2883 1331 2954 quia
1360 2883 1490 2954 ejus
1520 2883 1677 2941 facta
1707 2901 1830 2941 non
1861 2902 2080 2960 appro-

423 2961 549 3063 bat.
584 2966 647 3065 lit
675 2965 837 3065 novit
860 2983 1002 3038 ergo
1029 2969 1174 3065 quia
1195 2969 1622 3065 deprehendit;
1659 2977 1715 3030 et
1738 2988 1860 3029 non
1892 2975 2076 3043 novit,
2108 3009 2148 3065 ε

424 3053 569 3124 quia
589 3053 750 3111 hunc
781 3056 841 3112 in
875 3074 997 3114 suae
1029 3059 1333 3132 sapientiae
1374 3061 1570 3133 specie
1623 3077 1749 3118 non
1792 3079 2080 3135 recogno-

425 3139 534 3196 scit
560 3158 572 3196 :
598 3141 747 3200 sicut
776 3144 851 3201 de
877 3147 1069 3203 veraci
1088 3147 1358 3220 quolibet
1380 3148 1502 3205 viro
1522 3149 1738 3206 dicitur
1756 3152 1899 3224 quia
1919 3152 2080 3208 falsi-

425 3232 606 3286 tatem
636 3234 882 3302 nesciat,
928 3252 1051 3292 non
1082 3237 1226 3310 quia
1255 3254 1394 3293 cum
1427 3237 1514 3294 vel
1543 3238 1621 3294 ab
1681 3240 1811 3296 aliis
1856 3241 2080 3298 falsum

424 3316 660 3391 dicitur,
707 3323 822 3378 hoc
873 3325 1310 3396 reprehendere
1349 3325 1607 3398 ignorat,
1645 3329 1751 3384 sed
1799 3331 2080 3387 eamdem

422 3405 618 3478 ipsam
644 3410 945 3467 fallaciam
975 3417 1032 3468 et
1088 3414 1198 3469 scit
1242 3414 1306 3468 in
1356 3416 1651 3484 examine,
1708 3421 1766 3473 et
1805 3419 1994 3475 nescit
2016 3419 2078 3475 in

423 3509 650 3562 amore,
682 3502 749 3551 ut
777 3497 1049 3554 videlicet
1084 3499 1212 3571 ipse
1243 3502 1400 3558 hanc
1445 3519 1566 3558 non
1598 3508 1739 3573 agat
1762 3522 1948 3578 quam
1976 3524 2076 3564 ac-

421 3585 546 3638 tam
578 3582 658 3638 ab
686 3583 816 3638 aliis
836 3584 1109 3642 damnat.
1144 3591 1208 3644 Et
1235 3589 1299 3645 fit
1325 3590 1681 3664 plerumque
1710 3599 1776 3648 ut
1801 3596 2076 3651 nonnulli

420 3669 654 3725 insidiis
682 3677 966 3728 vacantes
995 3673 1205 3731 alienas
1230 3677 1365 3732 vitae
1415 3681 1814 3750 perversitatis
1847 3699 1970 3738 suae
1991 3684 2076 3741 la-

421 3775 610 3831 queos
640 3760 924 3831 tendant;
956 3768 1012 3820 et
1035 3780 1173 3820 cum
1206 3766 1343 3838 quis
1380 3768 1654 3824 nesciens
1707 3771 1932 3828 eisdem
1986 3773 2073 3830 la-

419 3847 592 3919 queis
616 3849 751 3922 capi
766 3852 1356 3926 conspicitur,utrum
1378 3857 1506 3913 haec
1526 3857 1809 3916 divinitus
1829 3861 2076 3919 videan-

420 3941 516 3992 tur
544 3937 796 3996 fortasse
821 3941 1206 4012 dubitantur;
1259 3945 1672 4020 miranturque
1701 3949 1976 4007 homines
2027 3952 2075 4008 si

419 4026 533 4082 hoc
560 4029 688 4098 [al.,
719 4031 872 4101 haec]
897 4033 1048 4087 Deus
1069 4033 1288 4106 videat,
1321 4051 1428 4091 cur
1458 4037 1584 4092 fieri
1614 4040 1916 4110 permittat
1939 4042 2075 4110 ;sed

418 4113 544 4182 ipse
563 4117 726 4171 novit
746 4117 1128 4186 decipientem
1155 4127 1207 4178 et
1237 4138 1368 4179 eum
1417 4126 1524 4194 qui
1550 4125 1868 4196 decipitur.
1893 4130 2076 4186 Novit

418 4202 640 4256 etenim
661 4204 1217 4281 decipientem,quia
1241 4209 1596 4284 plerumque
1627 4216 1927 4272 anteriora
1941 4219 2073 4289 ejus

417 4291 580 4346 mala
606 4293 912 4367 conspicit,
945 4302 1002 4353 et
1029 4298 1191 4352 hunc
1211 4299 1374 4370 justo
1391 4301 1620 4371 judicio
1649 4303 1864 4361 cadere
1890 4306 2072 4363 etiam

418 4378 480 4434 in
507 4379 624 4435 alia
653 4387 900 4453 pcccata
927 4368 1229 4457 permittit.
1260 4368 1442 4444 Novit
1491 4389 1898 4461 decipientem,
1931 4395 2074 4466 quia
2107 4368 2150 4422 Β

415 4466 477 4522 in
507 4484 697 4525 manu
727 4487 975 4528 suorum
1024 4491 1278 4547 operum
1307 4476 1627 4534 dimissum
1659 4480 1819 4537 hunc
1878 4488 1944 4537 ut
1993 4484 2072 4541 ad

414 4557 622 4629 pejora
638 4566 884 4632 proruat
915 4563 1151 4631 deserit,
1187 4564 1338 4620 sicut
1363 4567 1653 4639 scriptum
1685 4574 1808 4626 est:
1837 4571 1951 4639 Qui
1963 4588 2070 4628 no-

414 4652 522 4715 cst,
562 4655 771 4706 noceat
802 4652 1004 4708 adhuc
1026 4668 1050 4724 ,'
1078 4659 1132 4710 et
1186 4656 1291 4725 qui
1317 4657 1380 4710 in
1408 4657 1682 4714 sordibus
1710 4665 1812 4728 est,
1845 4663 2070 4719 sordes-

413 4741 502 4790 cet
541 4739 742 4794 adhuc
768 4739 977 4810 (Apoc.
1011 4758 1157 4810 xxu,
1197 4743 1301 4814 ll).
1356 4745 1535 4802 Novit
1576 4762 1819 4821 quoque
1850 4755 1905 4807 et
1934 4767 2065 4809 eum

413 4824 518 4894 qui
545 4826 868 4896 decipitur,
897 4831 1045 4902 quia
1061 4848 1224 4904 szepe
1251 4835 1632 4892 committunt
1644 4837 1922 4897 homines
1944 4858 2070 4898 ma-

409 4909 470 4966 la
496 4927 632 5003 quae
662 4915 889 5003 sciunt;
941 4924 997 4973 et
1039 4919 1260 4976 idcirco
1308 4924 1730 4994 permittuntur
1757 4929 1974 5003 decipi,
2002 4935 2069 4988 ut

2192 1729 2676 1794 conniventibus]
2699 1729 2896 1796 nobis,
2922 1729 3184 1785 necdum
3207 1732 3414 1785 tamen
3443 1744 3555 1784 nos
3607 1728 3853 1801 impulit

2192 1819 2272 1875 ad
2297 1819 2556 1875 ruinam.
2585 1818 2750 1875 Unde
2781 1818 2917 1875 etin
2937 1822 3147 1874 octavo
3169 1817 3406 1874 decimo
3444 1815 3688 1890 psalmo
3710 1817 3852 1873 scri-

2189 1908 2368 1964 bitur:
2393 1909 2627 1964 Delicta
2657 1907 2794 1978 (hoc
2816 1911 2904 1963 est
2928 1906 3347 1982 παραπτώματαὶ
3369 1907 3499 1978 quis
3529 1907 3853 1977 intelligit?

2189 1997 2335 2069 quia
2384 1997 2607 2052 scilicet
2637 1994 2877 2052 difﬁcile
2943 1995 2993 2051 si
3051 1995 3283 2052 radices
3340 1999 3397 2052 et
3459 1995 3632 2050 initia.
3685 1995 3856 2051 intel-

2189 2084 2372 2156 ligere
2431 2088 2840 2158 peccatorum.
2895 2087 3213 2140 Peccatum
3277 2100 3421 2141 vero
3485 2099 3644 2154 esse,
3711 2100 3851 2140 cum

2190 2175 2340 2247 quid
2424 2189 2604 2248 opere
2702 2177 3189 2230 consummatum
3263 2172 3534 2247 pervenit
3620 2173 3706 2229 ad
3790 2173 3856 2228 ﬁ-

2189 2262 2376 2338 nem].

2261 2354 2297 2419 ῒ
2327 2351 2644 2424 Gregorius
2698 2351 3017 2408 Moralium
3055 2349 3158 2408 lib.
3197 2366 3260 2406 x1
3305 2351 3465 2424 (cap.
3495 2350 3616 2422 21):
3673 2351 3855 2422 [Inter

2190 2442 2417 2500 scelera
2446 2447 2503 2499 et
2531 2441 2746 2499 delicta
2790 2442 2905 2498 hoc
2954 2440 3156 2509 distat,
3201 2439 3368 2514 quod
3419 2439 3614 2497 scelus
3668 2441 3850 2497 etiam

2187 2532 2428 2606 pondus
2458 2531 2687 2604 peccati
2719 2535 2949 2596 transxt,
2983 2529 3268 2586 delictum
3305 2545 3444 2586 vero
3464 2530 3692 2604 peccati
3716 2545 3838 2585 non

2190 2617 2419 2682 transit,
2445 2617 2591 2690 quia
2616 2622 2674 2674 et
2694 2633 2831 2674 cum
2863 2617 3064 2674 offerri
3099 2617 3461 2674 sacrificium
3492 2634 3602 2692 per
3640 2617 3832 2688 legem

2182 2705 2446 2778 jubetur,
2476 2706 2760 2762 nimirum
2781 2707 3124 2781 praecipitur
3147 2707 3300 2763 sicut
3317 2723 3429 2780 pro
3459 2711 3728 2782 peccato,
3756 2707 3845 2764 ita

2189 2796 2366 2852 etiam
2393 2812 2504 2869 pro
2524 2795 2759 2853 delicto.
2789 2799 2856 2854 Et
2882 2813 3325 2872 nonnunquam
3349 2797 3540 2854 scelus
3564 2797 3625 2853 in
3650 2812 3841 2870 opere

2190 2889 2298 2956 est,
2330 2885 2615 2943 delictum
2641 2902 2786 2942 vero
2813 2886 3172 2960 plerumque
3202 2887 3265 2943 in
3300 2885 3432 2944 sola
3458 2886 3846 2958 cogitatione.

2192 2974 2356 3030 Unde
2378 2979 2435 3032 et
2461 2991 2569 3048 per
2597 2975 2982 3032 Psalmistam
3012 2975 3263 3032 dicitur:
3298 2978 3531 3034 Dilecta
3570 2976 3703 3049 quis
3755 2977 3853 3031 in-

2193 3063 2412 3133 telligit
2443 3065 2634 3130 (Psul.
2675 3064 2807 3136 18)?
2838 3065 2990 3131 Quia
3033 3064 3309 3124 videlicet
3357 3069 3606 3139 peccata
3642 3064 3854 3138 operis

2191 3155 2357 3208 tanto
2377 3151 2550 3208 citius
2579 3159 3053 3224 cognoscuntur,
3082 3159 3311 3227 quanto
3355 3154 3613 3210 exterius
3634 3154 3856 3210 viden-

2189 3246 2304 3298 tur:
2334 3247 2581 3314 peccata
2611 3259 2754 3300 vero
2775 3243 3156 3314 cogitationis
3177 3260 3249 3301 eo
3280 3244 3358 3300 ad
3385 3243 3855 3315 intelligendum

2187 3330 2452 3389 difﬁcilia
2481 3337 2638 3400 sunt,
2671 3349 2794 3406 quo
2824 3333 3201 3390 invisibiliter
3221 3335 3690 3408 perpetrantur.)

2256 3423 2298 3492 -ι-
2320 3421 2707 3478 Cassiodorus
2728 3422 2785 3478 in
2813 3421 3048 3495 psalmo
3092 3423 3328 3480 decimo
3356 3428 3569 3480 octavo
3599 3424 3680 3494 (v.
3717 3424 3804 3494 15)
3837 3441 3852 3478 :

2185 3509 2360 3581 [Illud
2393 3516 2592 3566 tamen
2615 3510 2910 3567 debemus
2951 3511 3283 3579 advertere,
3329 3512 3623 3585 quoniam
3654 3511 3855 3568 multa

2182 3603 2430 3671 peccata
2459 3603 2598 3656 sunt
2621 3616 2758 3673 qutB
2779 3601 3150 3657 omnimodis
3178 3603 3554 3672 ignoramus,
3578 3618 3852 3674 quorum

2181 3704 2292 3744 nec
2317 3689 2578 3758 origines
2636 3705 2961 3762 possumus
2990 3706 3100 3746 nec
3149 3691 3570 3765 subreptiones
3619 3707 3850 3762 agnos-

2183 3793 2334 3832 cere.
2364 3778 2528 3833 Unde
2554 3779 3042 3836 subaudiendum
3065 3781 3404 3850 estdelicta,
3422 3780 3651 3847 omnia,
3674 3782 3847 3836 intel-

2185 3867 2494 3937 ligit.Nam
2516 3882 2654 3922 cum
2672 3867 2939 3924 dicturus
2955 3869 3029 3925 sit
3057 3869 3118 3924 in
3147 3870 3655 3943 quinquagesimo
3673 3870 3837 3939 (v.5):

2186 3956 2480 4012 Delictum
2525 3972 2719 4012 meum
2769 3972 2970 4014 coram
3001 3973 3093 4014 me
3121 3965 3205 4014 est
3251 3972 3523 4030 semper;
3553 3963 3613 4015 et
3657 3957 3844 4014 alibi:

2184 4045 2481 4100 Delictum
2513 4060 2704 4101 meum
2737 4047 3037 4117 cognitum
3067 4048 3179 4103 tibi
3201 4049 3327 4118 feci
3348 4049 3539 4117 (Psal,
3571 4063 3734 4111 xxxi,
3759 4048 3838 4112 5),

2183 4134 2494 4205 quomodo
2524 4149 2648 4190 non
2675 4139 2872 4207 potest
2910 4135 3176 4208 intelligi,
3209 4137 3372 4210 quod
3398 4151 3660 4209 peccans
3680 4135 3843 4207 cogi-

2185 4228 2281 4277 tur
2311 4221 2624 4278 conﬁteri?
2665 4224 2779 4280 Sed
2811 4224 2860 4280 si
2909 4225 3222 4298 adjeceris,
3252 4227 3478 4294 omnia,
3519 4231 3662 4282 tunc
3711 4226 3844 4282 haec

2181 4311 2433 4383 quaestio
2459 4310 2751 4383 probatur
2779 4312 3064 4386 exclusa]

2252 4399 2288 4465 -ῐ·
2318 4399 2687 4469 Augustinus
2711 4401 2772 4457 in
2800 4403 3241 4468 Quaestionibus
3278 4404 3514 4461 Levitici
3568 4405 3691 4478 (qu.
3726 4406 3840 4475 20):

2179 4487 2331 4552 Quid
2356 4492 2445 4544 est
2471 4488 2639 4561 quod
2669 4490 2743 4545 de
2769 4491 2951 4547 ariete
2979 4509 3090 4566 pro
3120 4492 3338 4550 delicto
3377 4510 3519 4550 cum
3561 4493 3837 4556 dixisset,

2176 4576 2494 4650 legemque
2508 4577 2784 4634 sacriﬁcii
2802 4582 3197 4654 exposuisset,
3220 4583 3302 4638 ait
3325 4599 3337 4638 :
3363 4583 3666 4651 Quomodo
3677 4582 3841 4653 quod

2177 4672 2261 4722 est
2289 4682 2401 4736 pro
2444 4674 2714 4739 peccato,
2748 4671 2833 4726 ita
2864 4677 2916 4727 et
2959 4671 3022 4726 id
3066 4673 3228 4743 quod
3257 4688 3374 4742 pro
3422 4673 3681 4740 delicto;
3731 4673 3829 4726 (ea:

2176 4771 2299 4813 una
2320 4763 2405 4813 est
2431 4772 2636 4814 eorum
2664 4759 3314 4829 (Lev.vu,7).Queeritur
3341 4761 3495 4818 inter
3517 4765 3836 4836 peccatum

2175 4851 2232 4902 et
2259 4845 2545 4903 delictum
2574 4863 2711 4919 quae
2732 4848 2806 4904 sit
2835 4849 3170 4907 differentia
3195 4868 3208 4917 ;
3238 4851 3532 4924 quoniam
3584 4852 3634 4906 si
3665 4849 3838 4906 nulla

2175 4939 2367 5004 esset;
2405 4935 2568 4991 nullo
2600 4937 2784 4993 modo
2824 4937 3161 4994 diceretur:
3194 4939 3494 5007 Quomodo
3549 4940 3712 5012 quod
3753 4945 3840 4996 est

411 4999 638 5099 cadant
660 5002 924 5099 etiamin
965 5007 1135 5099 mala
1155 5025 1290 5082 qua:
1319 5013 1614 5070 nesciunt.
1665 5018 1836 5082 Quod
1862 4999 2064 5075 tamen
2166 5039 2284 5093 pro
2304 4999 2572 5094 peccato,
2594 5027 2679 5081 ita
2710 5032 2763 5081 et
2795 5028 2954 5099 quod
2962 5043 3076 5098 pro
3101 4999 3336 5092 delicto,
3370 4999 3658 5094 Quamvis
3674 5029 3843 5084 enim

409 5087 674 5178 deceptis
701 5091 1034 5163 aliquando
1065 5098 1142 5153 ad
1172 5102 1949 5178 purgationem,aliquando
1963 5124 2064 5162 ve-

407 5192 476 5232 ro
505 5177 585 5234 ad
611 5179 854 5237 ultionis
881 5183 1115 5242 initium
1141 5187 1268 5246 ﬁeri
1294 5191 1484 5264 solet.]
1506 5193 1541 5258 ’1-
1566 5177 1895 5266 Αεῑρὼῐιδε
1925 5211 2064 5251 eum

407 5269 722 5339 praescisse
753 5277 810 5328 ct
835 5274 1318 5349 praedestinasse,
1351 5281 1643 5352 quoniam
1666 5282 1744 5337 ad
1763 5283 2062 5354 judicium

401 5356 647 5427 justitiae
669 5359 830 5416 illius
857 5363 1131 5434 pertinet,
1167 5371 1225 5422 et
1255 5369 1577 5423 auctoritas
1625 5373 1682 5425 et
1731 5371 1884 5426 ratio
1923 5388 2061 5428 con-

405 5443 610 5502 vincit.

479 5534 916 5596 Testimonium
942 5559 1086 5599 sane
1115 5543 1530 5616 propheticum
1551 5544 1717 5615 quod
1756 5547 2064 5609 adhibuis-

407 5621 449 5677 ti
473 5637 725 5694 prorsus
744 5628 826 5686 ad
844 5645 972 5686 rem
1001 5630 1077 5688 de
1105 5647 1229 5703 qua
1247 5629 1444 5702 agitur
1463 5647 1586 5690 non
1615 5636 2060 5714 pertinet,quod

2171 5112 2265 5167 lex
2291 5113 2542 5185 ejusque
2571 5114 2930 5171 sacrificium
2959 5115 3108 5172 nihil
3137 5116 3333 5187 distet,
3365 5117 3511 5189 quia
3565 5119 3665 5174 lea:
3713 5133 3844 5172 una

2174 5208 2530 5272 esteorum;
2563 5209 2768 5260 tamen
2815 5205 2967 5278 ipsa,
3015 5205 3139 5262 duo
3198 5223 3461 5280 quorum
3513 5223 3708 5263 unum
3749 5212 3846 5263 est

2173 5291 2532 5348 sacrificium
2563 5293 2625 5348 id
2675 5298 2765 5349 est
2791 5298 3105 5366 peccatum
3136 5300 3194 5352 et
3245 5295 3552 5366 delictum,
3584 5296 3635 5351 si
3684 5296 3845 5352 inter

2173 5395 2235 5433 se
2269 5380 2417 5436 nihil
2445 5380 2771 5450 differrent,
2804 5383 2910 5439 etsi
2943 5385 3122 5439 unius
3151 5384 3235 5440 rei
3267 5384 3390 5441 duo
3441 5385 3696 5441 nomina
3741 5401 3834 5440 es-

2171 5472 2322 5537 sent,
2353 5484 2478 5526 non
2509 5476 2742 5528 curaret
2792 5471 3095 5545 Scriptura
3138 5479 3262 5530 tam
3318 5474 3634 5543 diligenter
3664 5490 3838 5530 com-

2171 5557 2458 5614 mendare
2489 5576 2680 5618 unum
2719 5577 2852 5618 esse
2893 5562 3200 5636 utriusque
3257 5564 3639 5620 sacriﬁcium.
3685 5566 3831 5620 For-

2170 5645 2350 5704 tassis
2374 5662 2518 5720 ergo
2546 5655 2863 5723 peccatum
2881 5654 3344 5727 estperpetratio
3359 5652 3524 5724 mali,
3546 5652 3835 5711 delictum
