4128 6200
299 165 438 222 1217

1215 168 1304 224 DE
1347 163 2008 224 PREDESTINATIONE
2046 164 2335 224 CONTRA
2377 171 2430 228 J.
2465 173 2758 233 SCOTUM.

3581 192 3717 254 1218

295 292 498 382 autem
524 287 780 382 desertio
811 289 952 347 boni
987 294 1127 382 :_ut,_
1171 292 1693 364 quemadmodum
1720 291 1801 382 Ain
1827 289 1950 346 lau-
1981 289 2294 358 Asanitas,
2324 299 2426 352 aut
2444 298 2762 368 gaudium,
2783 303 2886 357 aut
2901 302 3092 374 quies,
3118 310 3222 362 aut
3243 309 3554 382 sapientia,
3574 319 3717 373 tunc

291 377 486 434 dabili
516 377 639 434 vita
667 378 835 435 aliud
864 385 952 436 est
980 379 1278 437 declinare
1308 397 1344 437 a
1365 382 1548 451 malo,
1576 380 1741 438 aliud
1762 380 1954 435 facere

290 467 550 539 bonum,
581 469 747 542 quod
777 470 1178 526 admonemur
1218 471 1451 528 dicente
1488 473 1792 545 Scriptura
1816 489 1828 526 :
1851 472 1956 526 De-

290 559 458 614 clina
480 574 517 614 a
543 560 728 626 malo,
754 566 807 616 et
828 561 933 630 fac
953 561 1167 617 bonum
1189 562 1378 631 (Psal.
1402 580 1604 632 XXXVI,
1635 565 1726 629 27)
1754 578 1768 626 ;
1799 559 1952 616 itain

286 645 628 704 damnabili
662 647 827 703 aliud
856 648 930 704 sit
955 649 1257 705 declinare
1287 666 1323 706 a
1343 650 1528 716 bono,
1572 650 1736 706 aliud
1761 649 1955 704 facere

285 736 521 794 malum
543 754 556 805 ;
576 736 794 792 etillud
817 737 1122 808 delictum,
1138 739 1254 796 hoc
1271 747 1585 813 peccatum
1610 741 1702 798 sit.
1728 743 1875 796 Nam
1902 743 1956 795 et

285 827 492 900 ipsum
514 824 903 882 vocabubum
926 827 974 882 si
991 827 1371 897 discutiatur,
1397 829 1546 902 quid
1589 829 1754 884 aliud
1785 831 1960 883 sonat

300 915 610 982 delictum,
641 914 758 970 nisi
787 915 1133 972 derelictum
1157 918 1184 973 ?
1241 923 1296 974 et
1320 919 1466 990 quid
1495 917 1812 990 dereliquit
1853 920 1958 988 qui

297 1004 552 1078 deliquit
569 1005 702 1077 [al.,
728 1004 834 1077 qui
853 1004 1147 1079 delinquit
1165 1007 1313 1081 quid
1329 1007 1710 1080 derelinquit]
1731 1007 1960 1062 nisibo-

284 1109 438 1150 num
457 1094 485 1148 ‘2
518 1091 703 1149 Graeci
731 1093 910 1149 etiam
932 1093 1056 1151 duo
1102 1097 1352 1152 nomina
1376 1097 1594 1152 usitata
1641 1095 1781 1151 huic
1805 1096 1953 1168 pesti

283 1184 726 1256 imposuerunt.
749 1186 899 1240 Nam
917 1183 1202 1241 delictum
1226 1186 1391 1259 apud
1413 1203 1517 1243 eos
1543 1191 1596 1242 et
1619 1192 1956 1261 παραπτώμα

284 1273 504 1330 dicitur
531 1277 588 1328 et
606 1271 954 1346 πλημμέλεια.
992 1277 1106 1330 Isto
1141 1275 1277 1348 ipso
1308 1276 1534 1349 quippe
1557 1275 1691 1332 loco
1716 1273 1957 1331 Levitici

285 1362 392 1421 πλη
399 1361 612 1436 μμελεια
632 1367 740 1419 est.
761 1363 1080 1436 Apostolus
1095 1369 1296 1421 autem
1322 1365 1424 1421 ubi
1443 1366 1588 1421 dicit
1611 1383 1623 1421 :
1646 1367 1711 1420 Si
1731 1379 1957 1435 prwoc-

287 1458 540 1522 cupatus
565 1452 755 1522 fuerit
785 1451 956 1509 homo
989 1455 1048 1509 in
1076 1455 1280 1526 aliquo
1310 1455 1526 1511 delicto
1560 1455 1719 1522 (Gal.
1748 1469 1823 1521 v1,
1851 1453 1949 1520 1,),

285 1547 674 1616 παραπτώματι
704 1543 939 1597 Graecus
979 1542 1161 1598 habet
1191 1561 1203 1598 :
1231 1559 1493 1616 quorum
1552 1543 1868 1598 nominum
1903 1557 1929 1594 s

2062 394 2271 437 eorum
2299 385 2394 440 vel
2419 386 2726 451 absentiae,
2759 389 2853 445 vel
2879 389 3149 448 defectus
3174 396 3390 453 talibus
3404 403 3716 460 vocabulis

2063 477 2437 559 censeantur.
2468 476 2768 548 Scriptura
2786 483 2995 536 sancta
3015 497 3052 537 a
3076 483 3192 538 Deo
3211 491 3490 557 paratum
3511 490 3716 559 ignem

2064 558 2354 627 gehennae
2381 561 2626 621 diabolo
2653 570 2708 622 et
2764 569 2995 638 angelis
3025 571 3154 642 ejus
3186 589 3256 628 ac
3295 558 3716 647 peccatoribus

2063 648 2375 719 perspicue
2433 652 2673 722 clamat,
2730 655 2962 714 dicente
3013 660 3147 732 ipso
3196 664 3452 722 Domino
3485 684 3498 722 :
3533 670 3624 726 [te
3651 671 3716 726 in

2064 735 2588 829 ignemaiternum,
2623 747 2728 816 qui
2742 754 2997 816 paratus
3025 757 3109 806 est
3133 753 3372 810 diabolo
3400 761 3455 812 et
3483 761 3716 829 angelis

2066 825 2193 892 ejus
2221 826 2458 896 (Matth.
2487 848 2622 903 xxv,
2655 834 2767 907 41).
2801 839 2868 892 Et
2900 839 3082 894 Isaias
3114 842 3406 914 propheta
3439 863 3451 900 :
3479 825 3716 906 Parata

2065 919 2149 969 est
2179 917 2330 973 enim
2354 919 2430 975 ab
2457 921 2591 977 heri
2616 937 2653 979 a
2669 940 2806 995 rege
2828 928 3112 997 Toplieth,
3135 937 3357 1000 parata
3377 939 3433 989 et
3451 935 3715 996 dilatata

2067 1006 2374 1098 {[sa._xxx,
2407 1012 2519 1083 33).
2555 1015 2743 1078 Quem
2771 1015 2972 1086 ignem
3013 1019 3062 1073 si
3108 1020 3256 1076 nihil
3284 1038 3414 1079 esse
3470 1025 3712 1098 dixeris,

2066 1093 2424 1188 mendacem
2451 1099 2598 1156 facis
2631 1103 2840 1171 Deum,
2871 1106 2975 1176 qui
3023 1111 3147 1163 tam
3174 1125 3280 1182 per
3305 1127 3366 1166 se
3396 1128 3582 1184 quam
3608 1093 3715 1188 per

2063 1184 2420 1256 prophetam
2443 1204 2620 1245 suum
2643 1207 2782 1247 eum
2808 1209 2843 1248 a
2864 1193 3060 1266 seipso
3085 1203 3362 1268 paratum
3380 1201 3523 1258 dicit
3553 1220 3566 1258 :
3589 1184 3714 1261 non

2064 1271 2222 1327 enim
2253 1281 2502 1346 paratur
2527 1278 2672 1335 nihil
2697 1298 2709 1348 ;
2739 1280 2846 1336 sed
2873 1284 3035 1354 quod
3063 1292 3329 1356 paratur,
3363 1290 3593 1364 aliquid
3641 1293 3715 1350 sit

2063 1375 2307 1418 necesse
2339 1370 2445 1420 est.
2473 1367 2529 1423 Si
2554 1384 2694 1424 vero
2735 1385 2772 1426 a
2801 1374 3098 1429 contrario
3142 1390 3254 1446 pro
3297 1393 3367 1433 eo
3413 1381 3577 1451 quod
3625 1385 3714 1437 est

2059 1463 2183 1505 non
2204 1457 2481 1522 paratum
2496 1457 2736 1525 asseris,
2756 1459 2970 1515 videris
2985 1461 3112 1533 ipse
3125 1463 3345 1535 quibus
3363 1469 3710 1526 auctoribus

2058 1536 2120 1591 id
2142 1542 2501 1610 persuadere
2521 1561 2742 1616 queas;
2772 1563 2914 1603 nam
2939 1553 3197 1607 veritatis
3226 1554 3331 1609 ﬁlii
3352 1557 3588 1627 penitus
3608 1558 3710 1615 illa

284 1631 458 1703 origo
479 1632 848 1699 discutiatur,
863 1633 1347 1707 ἰηπαραπτώματε,
1367 1639 1656 1706 tanquam
1674 1632 1947 1689 decidere
1980 1652 2021 1704 Β
2057 1640 2181 1682 non
2215 1629 2479 1686 audient.
2502 1637 2592 1688 Au
2618 1634 2830 1691 eadem
2849 1636 3088 1696 insania
3120 1639 3387 1698 dicturus
3434 1660 3498 1700 es
3520 1645 3709 1717 frigus

280 1720 628 1791 intelligitur
651 1721 756 1794 qui
787 1721 1096 1796 delinquit.
1152 1723 1316 1779 Unde
1344 1725 1622 1786 cadaver,
1650 1723 1817 1796 quod
1844 1725 1948 1778 La-

282 1810 396 1866 tini
426 1826 463 1866 a
490 1809 754 1867 cadendo
784 1809 1083 1882 dixerunt,
1143 1815 1341 1868 Graece
1373 1821 1562 1886 πτῶμα
1592 1812 1807 1868 dicitur
1844 1809 1947 1863 ἀπὸ

281 1906 379 1952 τοῦ
408 1903 632 1963 πίπτειν,
662 1898 725 1954 id
756 1903 845 1955 est
871 1899 950 1956 ab
976 1916 1047 1957 eo
1078 1901 1246 1974 quod
1277 1906 1364 1958 est
1392 1903 1626 1958 cadere.
1661 1902 1772 1967 Qui
1804 1918 1946 1973 ergo

278 1987 596 2062 peccando
626 1988 860 2048 malum
905 1989 1061 2058 facit,
1093 1991 1258 2062 prius
1282 1991 1689 2064 delinquendo
1716 2007 1752 2046 a
1782 1992 1945 2046 bono

281 2076 462 2134 cadit.
495 2080 562 2132 Et
589 2076 916 2150 πλημμέλεια
948 2077 1139 2134 simile
1165 2094 1389 2135 nomen
1414 2080 1940 2150 estnegligentiaz;

278 2183 431 2224 nam
459 2168 653 2223 Graece
681 2166 1045 2237 negligentia
1064 2167 1277 2240 ἀμέλεια
1316 2168 1549 2230 dicitur,
1601 2168 1748 2240 quia
1786 2185 1942 2224 curae

281 2272 411 2312 non
439 2261 530 2313 est
556 2255 725 2329 quod
764 2255 1102 2327 negligitur.
1157 2257 1249 2314 Sic
1292 2257 1452 2314 enim
1483 2260 1721 2314 Graecus
1753 2257 1895 2313 dicit
1926 2275 1938 2313 :

280 2347 424 2402 Non
440 2361 604 2413 curo,
621 2346 680 2397 ob
701 2343 873 2418 μέλλει
893 2365 1003 2419 μοι.
1019 2340 1500 2418 Ρειιεῐίοιιιδξθινεο,
1526 2363 1663 2419 quae
1681 2345 1940 2413 additur,

277 2433 435 2500 πλὴν,
462 2439 529 2490 ut
573 2433 808 2490 dicatur
845 2433 1192 2507 πλημμέλεια,
1237 2440 1463 2505 praeter
1518 2434 1832 2504 signiticet,
1879 2439 1944 2491 ut

279 2523 496 2598 ἀμέλεια
521 2523 691 2598 quod
714 2527 961 2580 vocatur
987 2525 1376 2595 negligentia,
1414 2524 1690 2580 videatur
1727 2539 1941 2581 sonare

280 2613 414 2669 sine
455 2628 646 2680 cura;
686 2609 1014 2684 πλημμέλεια
1054 2618 1276 2682 praeter
1304 2627 1534 2679 curam,
1568 2611 1735 2685 quod
1787 2628 1940 2685 pene

282 2701 663 2758 tantumdem
690 2706 800 2758 est.
833 2701 980 2757 Hinc
1004 2706 1062 2757 et
1089 2701 1338 2774 quidam
1367 2701 1556 2757 nostri
1585 2701 1940 2775 πλημμέλειαν

284 2806 412 2847 non
437 2791 716 2848 delictum
743 2789 848 2847 sed
870 2792 1300 2863 negligentiam
1325 2791 1703 2865 interpretari
1732 2791 1939 2848 volue-

2057 1715 2206 1770 nihil
2235 1733 2388 1783 esse,
2407 1720 2690 1792 calorem,
2715 1725 2918 1781 cibum
2936 1732 2992 1783 et
3012 1733 3223 1800 potum
3247 1748 3260 1798 ;
3291 1731 3578 1790 humores
3597 1715 3708 1791 no-

2054 1804 2206 1874 xios,
2229 1813 2456 1878 ventos,
2481 1810 2787 1869 daemones
2808 1820 2864 1870 et
2888 1816 3077 1873 multa
3097 1818 3217 1874 alia
3236 1836 3372 1892 quas
3399 1839 3593 1895 pcenae
3613 1824 3710 1881 vel

2056 1895 2350 1984 supplicia
2365 1899 2787 1957 nominantur?
2808 1905 3023 1959 Verum
3035 1905 3171 1978 plus
3184 1907 3411 1981 aliquid
3426 1912 3709 1984 Dionysio

2053 1982 2417 2058 philosopho
2463 1990 2846 2064 astruis:qui
2886 2009 3026 2048 cum
3069 1995 3237 2067 prius
3274 1997 3545 2056 dolorem
3578 1982 3706 2057 non

2055 2086 2190 2126 esse
2216 2075 2445 2132 malum
2476 2087 2905 2150 asseverasset,
2938 2089 3147 2155 postea
3175 2101 3503 2158 oppressus
3549 2089 3706 2147 cala-

2053 2161 2382 2252 mitatibus,
2402 2171 2458 2222 et
2472 2166 2676 2225 dolore
2696 2171 3015 2243 cruciatus,
3031 2175 3209 2246 coepit
3227 2175 3526 2234 afﬁrmare
3542 2179 3708 2252 quod

2052 2248 2225 2304 dolor
2248 2259 2404 2309 esset
2440 2271 2751 2313 summum
2787 2260 3062 2318 omnium
3100 2263 3422 2322 malorum.
3465 2269 3535 2323 Et
3560 2248 3710 2341 quia

2054 2353 2193 2429 cum
2219 2341 2470 2413 Epicuro
2507 2344 2656 2401 dicis
2709 2365 2721 2402 :
2763 2351 2914 2404 Mors
2963 2350 3096 2423 ipsa
3123 2352 3273 2408 nihil
3301 2359 3410 2424 est,
3467 2361 3707 2429 poteras

2052 2427 2233 2483 etiam
2255 2445 2393 2487 cum
2421 2431 2555 2505 ipso
2581 2435 2775 2492 dicere
2809 2455 2822 2492 :
2850 2439 2987 2494 Post
3018 2444 3274 2497 mortem
3293 2443 3443 2500 nihil
3469 2427 3596 2514 est;
3652 2448 3710 2502 et

2063 2533 2204 2573 cum
2255 2523 2673 2592 peccatoribus
2748 2526 3166 2598 quibusdam:
3227 2531 3636 2602 Comedamus,
3659 2540 3717 2590 et

2051 2607 2339 2678 bibamus,
2371 2627 2506 2668 cras
2532 2614 2684 2670 enim
2714 2617 3039 2673 moriemur
3059 2619 3118 2687 (Ι
3160 2619 3298 2676 Cor.
3356 2637 3456 2692 xv,
3506 2623 3615 2694 32).
3651 2622 3711 2679 Si

2047 2696 2250 2770 itaque
2275 2702 2431 2756 Deus
2458 2717 2706 2774 poenam
2731 2705 3102 2761 merentibus
3129 2723 3254 2764 non
3273 2708 3508 2781 inﬂigit,
3559 2711 3709 2784 quid

2049 2791 2137 2842 est
2187 2789 2350 2861 quod
2395 2807 2503 2863 per
2548 2793 2908 2866 prophetam
2957 2795 3178 2852 Isaiam
3227 2799 3486 2856 dicitur?
3517 2802 3712 2858 Stulti

281 2885 428 2938 runt
452 2881 579 2953 [al.,
608 2880 985 2953 maluerunt].
1021 2885 1082 2937 In
1117 2882 1323 2938 Latina
1345 2886 1543 2939 autem
1565 2881 1772 2952 lingua
1793 2881 1939 2955 quid
2044 2877 2202 2945 facti
2222 2886 2363 2934 sunt
2372 2881 2680 2951 principes
2695 2885 2939 2951 Taneos,
2966 2891 3707 2959 emarcueruntprincipes

284 2969 458 3026 aliud
479 2969 795 3041 negligitur
822 2970 937 3026 nisi
965 2971 1132 3043 quod
1162 2987 1286 3027 non
1312 2971 1545 3042 legitur,
1607 2971 1670 3027 id
1697 2975 1787 3026 est
1815 2987 1937 3026 non
1971 3005 2011 3061 Ο
2047 2965 2768 3061 Μεθηρξιεοεέίθεεῃρνιιηι
2784 2972 3132 3042 ίΕρῃριωη
3148 2977 3440 3044 angulum
3455 2978 3707 3046 populo-

284 3059 542 3130 eligitur.
571 3059 732 3116 Unde
752 3060 931 3118 etiam
959 3061 1145 3132 legem
1175 3077 1211 3117 θ,
1233 3061 1501 3132 tegendo,
1533 3061 1596 3116 id
1625 3066 1712 3118 est
1741 3061 1819 3117 ab
1841 3061 1941 3116 eli.
1982 3058 2008 3061 "
2049 3069 2185 3110 rum
2212 3058 2358 3125 ejus.
2390 3058 2681 3114 Dominus
2710 3061 2948 3117 miscuit
2965 3064 3030 3118 in
3050 3063 3243 3120 medio
3273 3067 3402 3136 ejus
3424 3067 3705 3136 spiritum

278 3149 500 3221 gendo,
534 3147 718 3205 Latini
746 3153 1018 3207 auctores
1048 3149 1413 3222 appellatam
1466 3165 1595 3205 esse
1641 3149 1937 3204 dixerunt.
2051 3145 2360 3214 vertiginis
2390 3145 2675 3217 (Isa.x1x,
2709 3148 2814 3215 13).

282 3237 390 3292 His
414 3237 873 3310 quodammodo
898 3238 1164 3309 vestigiis
1194 3239 1490 3308 colligitur
1517 3238 1683 3310 quod
1710 3237 1806 3293 ille
1835 3237 1939 3292 de-
2120 3233 2264 3289 Hinc
2297 3236 2352 3291 S.
2403 3236 2800 3308 Hieronymus
2827 3239 2910 3295 ita
2962 3240 3229 3314 loquitur
3279 3244 3366 3316 (in
3416 3245 3557 3301 Isai.
3585 3260 3702 3316 x1x,

284 3326 522 3400 linquit,
551 3327 656 3402 qui
679 3327 912 3386 bonum
970 3329 1306 3403 dereliquit,
1366 3333 1423 3385 et
1474 3327 1867 3400 relinquendo
1904 3344 1942 3385 α
2056 3320 2140 3393 ll)
2174 3338 2187 3376 :
2217 3322 2357 3393 [Hoc
2384 3323 2678 3394 signiﬁcat
2705 3327 2871 3399 quod
2896 3344 3150 3400 regnum
3183 3331 3492 3404 sapientia:
3516 3349 3706 3392 seacu-

286 3414 452 3473 bono
482 3417 659 3490 cadit,
680 3419 826 3492 quia
846 3418 1112 3490 negligit,
1145 3418 1207 3474 id
1237 3422 1326 3474 est
1373 3434 1498 3474 non
1537 3417 1696 3488 legit.
1735 3420 1942 3474 Pecca-

282 3509 414 3563 tum
433 3522 573 3564 vero
603 3507 765 3564 unde
791 3507 866 3564 sit
891 3507 1140 3578 dictum,
1173 3507 1339 3580 quod
1367 3509 1563 3564 Graece
1593 3507 1826 3581 ἁμαρτία
1855 3506 1942 3562 di—

283 3596 458 3665 citur,
489 3596 552 3652 in
572 3601 784 3654 neutra
812 3597 1019 3667 lingua
1047 3597 1198 3653 mihi
1242 3597 1480 3653 interim
1531 3596 1804 3653 occurrit.
1839 3600 1942 3652 Po-

281 3691 399 3744 test
429 3687 608 3743 etiam
637 3687 827 3744 videri
858 3687 1004 3743 illud
1035 3703 1166 3744 esse
1199 3687 1484 3743 delictum
1515 3688 1682 3760 quod
1715 3688 1940 3761 impru-

280 3777 515 3845 denter,
541 3776 603 3832 id
650 3781 741 3834 est
794 3777 1175 3847 ignoranter;
1227 3776 1374 3832 illud
1407 3782 1740 3849 peccatum,
1776 3777 1941 3850 quod

282 3865 369 3922 ab
399 3865 621 3922 sciente
647 3865 1052 3922 committitur.
1095 3865 1238 3921 Huic
1277 3865 1626 3921 differentiae
1664 3867 1941 3922 videntur

282 3954 407 4009 ista
431 3954 767 4011 testimonia
790 3970 1122 4012 consonare
1154 3953 1361 4009 divina
1387 3971 1400 4009 :
1429 3956 1664 4011 Delicta
1700 3957 1832 4027 quis
1855 3957 1941 4011 in-

283 4044 553 4114 telligit?
605 4045 971 4115 (Psal.xvm,
1005 4044 1117 4115 t3.)
1156 4047 1213 4099 et
1260 4042 1408 4098 illud
1463 4061 1476 4098 :
1532 4043 1824 4110 Quoniam
1875 4049 1939 4099 tu

277 4135 450 4193 scisti
472 4135 932 4206 imprudentiam
957 4149 1148 4191 meam
1165 4147 1190 4206 ,'
1214 4133 1501 4190 continuo
1530 4132 1753 4206 quippe
1776 4148 1940 4188 secu-

284 4229 388 4283 tus
418 4224 692 4296 adjunxit
719 4243 732 4280 :
756 4225 837 4279 Et
867 4224 1088 4281 delicta
1118 4239 1248 4280 mea
1278 4223 1382 4280 abs
1406 4228 1461 4279 te
1488 4237 1608 4278 non
1633 4227 1771 4278 sunt
1811 4221 1939 4278 abs-

283 4315 530 4373 condita
551 4315 736 4387 (Psal.
768 4329 964 4380 vam,
997 4316 1074 4385 6),
1110 4313 1271 4370 velut
1299 4313 1417 4368 alio
1446 4311 1628 4368 modo
1664 4316 1938 4384 repetens

283 4403 567 4461 eamdem
595 4403 972 4460 sententiam.
1027 4405 1142 4458 Nec
1173 4402 1250 4458 ab
1281 4401 1491 4459 eadem
1542 4401 1770 4458 ratione
1821 4401 1940 4458 dis-

285 4492 516 4561 cordat,
554 4491 723 4565 quod
752 4492 936 4564 paulo
963 4496 1100 4548 ante
1132 4491 1628 4556 commemoravi,
1679 4490 1944 4563 Apostoli

285 4582 520 4639 dictum
547 4583 651 4640 :Si
685 4587 1142 4653 praeoccupatus
1171 4583 1358 4653 fuerit
1405 4582 1576 4638 homo
1625 4581 1688 4636 in
1741 4582 1944 4652 aliquo

280 4672 502 4729 delicto
527 4673 684 4744 (Gal.
712 4688 791 4742 vx,
819 4672 863 4743 l)
886 4689 899 4742 ;
924 4671 1062 4726 hinc
1085 4671 1247 4726 enim
1267 4669 1435 4743 quod
1457 4674 1944 4742 praeoccupatum

283 4761 451 4830 dicit,
473 4760 916 4834 imprudentem
939 4761 1069 4822 [al.,
1091 4759 1522 4831 imprudenter]
1544 4757 1784 4830 lapsum
1806 4774 1944 4814 esse

283 4851 603 4922 signiﬁcat.
636 4849 956 4906 Peccatum
1003 4863 1140 4904 vero
1184 4847 1264 4903 ad
1315 4847 1598 4903 scientem
1653 4847 1944 4920 pertinere

277 4939 598 5014 apostolus
627 4938 886 4995 Jacobus
917 4941 1208 5010 tanquam
1237 4934 1528 4992 deﬁniens
1566 4937 1648 4994 ait
1678 4953 1691 4993 :
1718 4937 1950 4994 Scienti

277 5026 476 5096 igitur
503 5025 719 5080 bonum
741 5024 967 5094 facere,
1000 5029 1053 5079 et
1080 5037 1198 5078 non
1219 5022 1495 5092 facienti,
1525 5028 1837 5092 peccatum
1861 5027 1945 5078 est

278 5114 388 5170 illi
411 5114 564 5184 (Jac.
593 5130 669 5182 IV,
703 5113 808 5184 l7).

355 5205 400 5274 ἦ-
429 5203 571 5259 Post
593 5203 726 5259 haec
759 5201 1011 5259 adhibes
1041 5200 1216 5274 plura
1247 5199 1506 5274 exempli
1545 5201 1738 5272 gratia
1786 5201 1946 5278 (cap,

273 5310 387 5361 xv,
409 5309 578 5350 num.
617 5295 701 5363 14,
730 5295 871 5348 sect.
901 5296 980 5364 9),
1011 5290 1234 5364 quibus
1259 5306 1578 5364 poenarum
1601 5293 1783 5362 atque
1807 5307 1948 5362 sup-

274 5383 603 5458 pliciorum
630 5383 939 5441 veritatem
983 5381 1266 5452 deneges,
1319 5378 1594 5436 videlicet
1644 5377 1942 5448 tenebras,

278 5475 610 5546 silentium,
640 5473 931 5541 dolorem,
963 5471 1282 5539 tristitiam,
1317 5469 1610 5539 laborem,
1638 5467 1946 5526 stultitiam

278 5581 425 5638 quae
455 5581 579 5622 non
607 5568 861 5638 possunt
886 5561 1185 5619 ullatenus
1239 5559 1371 5615 sciri
1401 5559 1516 5614 nisi
1566 5558 1892 5615 nesciendo
1927 5577 1941 5615 :

279 5656 435 5730 quia
456 5672 598 5715 eum
621 5656 829 5714 deesse
867 5654 970 5712 lux
995 5652 1231 5723 dicitur,
1283 5653 1388 5708 aut
1412 5649 1788 5723 acclamatio,
1837 5655 1944 5711 aut

2046 3409 2186 3466 laris
2235 3411 2484 3468 stultum
2566 3431 2695 3471 esse
2774 3423 3157 3488 monstretur,
3205 3425 3263 3476 et
3328 3421 3704 3492 singulorum

2048 3499 2404 3570 dogmatum
2442 3502 2766 3577 principes,
2821 3506 2925 3580 qui
2979 3507 3443 3582 interpretantur
3494 3511 3703 3581 tribus,

2049 3598 2381 3662 arguantur
2433 3594 2643 3652 stultos
2713 3597 2998 3655 habuisse
3015 3651 3030 3659 ._
3058 3599 3351 3657 doctores.
3416 3603 3706 3660 Dominus

2048 3683 2202 3736 enim
2225 3683 2463 3738 miscuit
2511 3686 2592 3740 eis
2619 3686 2898 3754 spiritum
2960 3690 3293 3759 vertiginis,
3336 3689 3460 3746 sive
3489 3691 3708 3747 erroris

2049 3771 2178 3841 [al.,
2213 3778 2505 3837 errorum]
2528 3773 2702 3842 juxta
2721 3774 2869 3829 illud
2894 3775 3062 3847 quod
3083 3776 3372 3848 scriptum
3388 3783 3480 3834 est
3512 3779 3708 3836 :Etsi-

2048 3864 2147 3913 cut
2180 3875 2298 3915 non
2319 3861 2737 3929 probaverunt
2764 3864 2954 3918 Deum
2986 3864 3205 3920 habere
3224 3866 3285 3919 in
3309 3867 3544 3936 notitia,
3577 3874 3704 3922 tra-

2047 3947 2203 4002 didit
2232 3949 2369 4003 illos
2404 3951 2561 4004 Deus
2599 3951 2662 4004 in
2691 3950 3008 4019 reprobum
3046 3967 3281 4007 sensum
3312 3953 3499 4019 (Rom.
3522 3969 3564 4024 1,
3590 3958 3703 4026 28).

2048 4039 2116 4091 Et
2145 4035 2455 4108 quomodo
2491 4036 2598 4109 qui
2638 4041 2880 4094 sanctus
2906 4042 2994 4095 est
3024 4055 3163 4096 eum
3189 4041 3340 4097 lsaia
3367 4040 3563 4098 dicere
3593 4059 3704 4116 po-

2047 4125 2510 4195 test:Spiritum
2527 4127 2741 4182 salutis
2783 4132 2899 4183 tua:
2930 4129 3223 4199 faciemus
3259 4146 3441 4202 super
3479 4136 3703 4190 terram

2047 4215 2188 4287 (Isa.
2212 4232 2371 4284 xxvx,
2394 4217 2500 4287 t8),
2523 4216 2606 4272 sic
2626 4217 2731 4289 qui
2752 4221 3030 4290 peccator
3049 4225 3158 4288 est,
3173 4220 3338 4278 bibet
3359 4223 3490 4293 [al.,
3507 4222 3702 4295 faciet]

2051 4307 2286 4375 erroris,
2314 4306 2430 4363 hoc
2453 4311 2541 4363 est
2584 4307 2822 4364 malitiae
2849 4309 3148 4381 spiritum,
3173 4312 3504 4369 secundum
3535 4313 3704 4386 quod

2052 4400 2110 4452 et
2127 4395 2188 4452 in
2208 4396 2464 4453 Jeremia
2482 4396 2738 4468 legimus
2766 4398 3030 4470 :Arguet
3057 4405 3112 4456 te
3127 4402 3557 4469 praevaricatio
3575 4409 3700 4471 tua,

2052 4492 2106 4543 et
2131 4487 2368 4543 malitia
2398 4493 2503 4542 tua
2529 4488 2812 4556 corripiet
2837 4494 2892 4544 te
2920 4489 3060 4559 (Jer.
3097 4505 3159 4555 ιι,
3202 4489 3309 4561 19).
3358 4490 3459 4547 Sin
3497 4495 3702 4546 autem

2053 4575 2493 4632 scandalizatur
2516 4575 2849 4645 haereticus,
2873 4576 2975 4649 qui
2996 4579 3170 4632 Vetus
3202 4593 3326 4634 non
3344 4578 3552 4651 recipit
3571 4581 3704 4634 Tes-

2052 4669 2410 4735 tamentum,
2436 4664 2603 4736 quod
2628 4665 2915 4721 Dominus
2945 4666 3194 4724 miscere
3223 4667 3457 4724 dicatur
3487 4669 3703 4724 erroris

2052 4753 2460 4822 velverliginis
2499 4753 2792 4825 spiritum,
2829 4754 3037 4811 audiat
3069 4756 3358 4830 scriptum
3402 4756 3463 4812 in
3512 4764 3702 4831 Apos-

2054 4842 2194 4912 tolo,
2225 4842 2340 4898 hoc
2368 4845 2457 4897 est
2503 4841 2565 4897 in
2594 4846 2758 4898 Novo
2787 4846 3165 4901 Testamento
3200 4862 3213 4900 :
3241 4846 3517 4904 Tradidit
3563 4848 3702 4904 illos

2052 4933 2208 4988 Deus
2228 4932 2291 4987 in
2312 4932 2614 4988 desideriis
2637 4932 2830 4988 cordis
2853 4933 2948 4989 sui
2969 4950 3032 4989 in
3053 4935 3495 4993 immunditiam
3509 4937 3698 5008 (Rom.

2053 5037 2092 5092 ι,
2123 5022 2201 5093 2).
2229 5024 2294 5076 Et
2332 5020 2583 5076 iterum:
2624 5023 2952 5091 Propterea
3001 5025 3255 5080 tradidit
3312 5041 3405 5082 eos
3434 5027 3594 5083 Deus
3638 5028 3701 5082 in

2047 5112 2355 5182 passiones
2402 5111 2766 5180 ignominiae.
2823 5114 2891 5167 Et
2937 5128 3174 5168 rursum
3221 5129 3243 5168 ,ο
3294 5115 3570 5171 Tradidit
3609 5130 3702 5172 eos

2055 5203 2211 5258 Deus
2235 5203 2299 5256 in
2315 5199 2631 5270 reprobum
2647 5216 2901 5269 sensum,
2932 5207 2997 5256 ut
3018 5203 3253 5271 faciant
3268 5219 3396 5275 quae
3420 5221 3542 5260 non
3563 5219 3702 5259 con-

2057 5293 2322 5348 veniunt.
2375 5289 2712 5346 Traduntur.
2767 5295 2968 5347 autem
3024 5290 3088 5346 in
3139 5292 3447 5349 desideriis
3480 5291 3698 5363 cordis,

2055 5382 2199 5455 quia
2249 5385 2634 5438 mutaverunt
2681 5380 2934 5452 gloriam
2976 5381 3448 5456 incorruptibilis
3497 5383 3600 5440 Dei
3640 5383 3703 5440 in

2055 5470 2506 5528 similitudinem
2554 5471 2834 5541 imaginis
2878 5472 3279 5545 corruptibilis
3307 5472 3593 5541 hominis,
3649 5477 3706 5530 et

2055 5560 2392 5632 volucrum,
2433 5565 2490 5617 et
2518 5561 3008 5634 quadrupedum,
3062 5567 3120 5617 et
3156 5562 3478 5635 reptilium.
3531 5561 3704 5628 Quod

2063 5648 2310 5723 quidem
2360 5665 2484 5709 non
2549 5651 2745 5710 solum
2796 5651 2859 5708 in
2917 5651 3183 5724 Epistola
3235 5653 3316 5711 ad
3378 5657 3702 5725 Romanos,
