4116 6186
439 205 574 264 1210

1489 190 1548 249 S.
1587 185 1967 247 PRUDENTII
1995 173 2390 242 ‘TRECENSIS
2429 182 2766 242 EPISCOPI.

3727 177 3873 235 i220

438 331 545 387 sed
597 325 677 383 ad
709 317 1259 380 Thessalonicenses
1302 316 1377 372 de
1407 313 1766 372 Antichristo
1790 311 2080 383 legimus:
2113 311 2161 364 A
2197 321 2328 380 qua:
2372 309 2436 364 in
2484 313 2648 365 terra
2690 312 2828 363 sunt
2860 310 3284 363 consumentur
3313 303 3502 372 (ibid,
3539 303 3648 374 l7).
3685 303 3757 358 Et
3807 305 3873 359 in

438 423 560 477 Pro
581 433 644 474 eo
672 411 831 485 quod
858 408 1212 466 charitatem
1253 407 1521 463 veritatis
1567 422 1687 462 non
1739 403 2090 472 receperunt

439 509 558 581 [al.,
589 498 996 572 susceperunt]
1028 506 1089 552 ut
1121 497 1526 566 salvarentur,
1585 496 1780 550 mittet
1822 494 1901 548 eis
1934 491 2089 581 Deus

438 578 838 667 operationem
865 585 1107 652 erroris,
1143 591 1208 640 ut
1239 584 1488 642 credanl
1517 582 1826 640 mendacio
1848 586 1902 636 et
1923 578 2093 667 judi-f

439 666 650 740 centur
691 691 889 734 omnes
936 676 1042 746 qui
1084 689 1205 730 non
1254 673 1640 730 crediderunt
1693 670 1950 730 veritati,
1995 666 2095 723 sed

434 772 798 843 placuerunt
839 764 960 836 [a1.,
992 760 1508 833 complacuerunt]
1533 761 1647 817 sibi
1683 761 1746 815 in
1790 755 2096 814 mendacio

441 861 508 930 (Il
541 860 736 916 Thess.
770 871 831 922 ιι,
857 857 943 923 10,
973 853 1080 924 ll).

510 951 552 1020 εξ-
582 946 766 1003 Audis
792 942 1194 1013 traditionem,
1229 939 1604 1009 missionem,
1630 938 1974 994 mistionem
1999 931 2098 989 Dei

439 1041 500 1096 in
520 1037 759 1109 impios,
774 1037 831 1090 et
849 1032 1036 1089 audes
1053 1046 1304 1101 negares
1329 1045 1542 1103 poenas
1566 1045 1601 1085 a
1626 1032 1742 1084 Deo
1760 1023 2021 1100 prmsciri
2043 1027 2100 1078 et

440 1123 854 1201 prindestinari
875 1122 904 1177 ?
946 1120 1118 1187 Quod
1151 1120 1201 1174 si
1231 1135 1267 1174 a
1307 1118 1606 1174 contrario
1636 1116 1778 1173 velis
1829 1111 2098 1201 intelligi,

441 1199 588 1289 quid
599 1210 853 1269 faciesin
874 1209 959 1264 eis
978 1208 1126 1264 locis
1146 1207 1206 1262 in
1227 1206 1450 1279 quibus
1468 1208 1814 1261 tractatores
1825 1200 1986 1257 verbi
2001 1199 2101 1254 Dei

444 1305 558 1362 sub
587 1318 709 1359 uno
763 1299 1099 1371 eodemque
1142 1295 1440 1352 vocabulo
1489 1295 1813 1350 destinatos
1837 1291 1926 1348 vel
1953 1306 2103 1363 prae-

443 1389 772 1446 destinatos
807 1387 884 1442 ad
905 1401 1148 1458 poenam
1171 1383 1260 1440 vel
1283 1383 1537 1454 gloriam
1561 1382 1770 1438 crebro
1799 1380 2056 1436 fatentur
2074 1377 2102 1431 ‘t

515 1481 659 1534 Nam
685 1479 739 1533 S.
766 1473 1233 1545 Hieronymusin
1258 1470 1640 1543 Expositione
1659 1469 1822 1524 Isaiae
1846 1465 2102 1539 prophe-

445 1572 518 1624 tas
547 1568 628 1622 ita
658 1565 957 1637 eloquitur
979 1565 1058 1634 (in
1083 1563 1247 1629 Isai.,
1278 1577 1435 1628 xmv,
1472 1561 1528 1628 1)
1561 1577 1573 1614 :
1611 1555 2002 1630 [Etrevelabit
2022 1554 2105 1610 fa-

2199 396 2548 466 Evangelio:
2572 395 2776 453 Nolite
2805 398 3012 452 timere
3040 409 3132 451 eos
3160 395 3267 466 qui
3303 393 3582 450 occidunt
3616 409 3866 462 corpus,

2199 487 2462 542 animam
2493 491 2688 542 autem
2719 501 2839 540 non
2889 489 3138 554 possunt
3183 483 3490 553 occidere;
3530 483 3637 538 sed
3662 484 3872 551 potius

2199 589 2331 630 eum
2355 575 2548 632 timete
2570 575 2676 646 qui
2687 579 2880 643 potest
2906 579 2960 630 et
2989 574 3253 629 animam
3275 578 3331 628 et
3362 585 3579 641 corpus
3611 572 3872 640 perdere

2201 665 2263 720 in
2304 664 2579 736 gehenna
2629 665 2864 735 (Matth.
2900 681 2959 732 Χ,
2993 664 3104 735 28).
3138 665 3204 718 Et
3249 679 3456 718 rursus
3490 679 3502 716 :
3545 663 3694 718 Esto
3727 677 3872 719 con-

2201 756 2457 810 sentiens
2487 755 2833 812 adversario
2873 759 2973 808 tuo
3013 754 3152 808 dum
3185 767 3242 808 es
3280 753 3344 808 in
3377 753 3473 808 via
3506 768 3641 808 cum
3673 767 3762 821 eo,
3797 768 3876 809 ne

2197 844 2360 914 forte
2387 845 2592 900 tradat
2621 850 2674 900 te
2705 844 3086 900 adversarius
3106 842 3326 911 judici,
3355 846 3408 897 et
3430 841 3632 911 judezc
3657 843 3874 898 tradat

2207 938 2261 988 te
2289 933 2582 1000 ministro,
2615 937 2668 988 et
2694 934 2755 987 in
2780 946 3019 988 carcere
3047 932 3328 986 mittaris.
3353 930 3542 986 Amen
3575 929 3713 986 dico
3740 931 3871 1000 tibi,

2206 1037 2327 1077 non
2347 1022 2504 1077 exies
2534 1021 2675 1077 inde
2701 1021 2886 1077 donec
2907 1020 3124 1076 reddas
3147 1020 3533 1075 novissimum
3562 1019 3873 1089 quadran-

2209 1116 2319 1166 tem
2352 1110 2591 1181 (Matth.
2623 1127 2680 1178 ν,
2709 1111 2819 1181 25).
2862 1109 2918 1166 Si
2963 1110 3117 1165 Deus
3161 1123 3281 1164 non
3313 1108 3487 1180 punit
3531 1123 3667 1181 quae
3712 1108 3870 1178 fecit,

2208 1202 2343 1271 quis
2353 1199 2373 1270 j
2387 1199 2730 1255 lldlCﬂtlll'LlS
2744 1203 2830 1254 est
2850 1198 3019 1254 vivos
3038 1201 3093 1254 et
3114 1202 3384 1252 mortuos
3398 1197 3427 1252 ‘l
3448 1196 3587 1269 quis
3601 1196 3869 1253 dicturus

2207 1291 2295 1343 est
2321 1287 2558 1360 impiis:
2589 1288 2668 1343 Ite
2699 1288 2760 1342 in
2805 1288 2999 1357 ignem
3031 1291 3318 1343 aeternum
3351 1286 3456 1356 qui
3495 1292 3749 1355 paratus
3780 1291 3868 1342 est

2208 1377 2445 1434 diabolo
2491 1382 2545 1434 et
2591 1377 2821 1447 angelis
2858 1379 3038 1446 ejus?
3083 1375 3296 1446 (Matth.
3331 1391 3465 1441 xxv,
3510 1377 3626 1442 41.)
3677 1376 3756 1441 Si,
3785 1376 3874 1431 in-

2208 1483 2414 1539 quam,
2447 1482 2570 1521 non
2597 1465 2770 1539 punit
2799 1482 2933 1538 quae
2965 1465 3119 1532 fecit,
3148 1465 3321 1536 cujus
3349 1479 3467 1520 vox
3499 1470 3594 1521 est
3612 1464 3876 1521 intermi-

2209 1556 2443 1611 nantis?
2466 1557 2622 1626 ignis
2647 1571 2959 1612 succensus
2981 1561 3064 1611 est
3085 1555 3147 1610 in
3165 1555 3380 1624 furore
3400 1571 3550 1624 meo,
3569 1560 3626 1611 et
3639 1555 3872 1612 ardebit

445 1657 594 1712 ciem
625 1655 776 1725 ejus,
809 1657 874 1708 ut
901 1652 1232 1725 procedant
1258 1650 1480 1706 mortui
1512 1650 1586 1705 de
1616 1647 1904 1722 sepulcris
1935 1646 2096 1700 suis:
2129 1667 2173 1723 Β
2211 1652 2393 1716 utque
2430 1647 2510 1702 ad
2539 1646 2767 1715 inferni
2808 1646 3146 1711 novissima,
3174 1644 3601 1715 devorabitque
3648 1651 3870 1701 terram

447 1745 570 1801 sive
601 1742 858 1799 nudabit
889 1756 1024 1798 eam
1072 1744 1137 1796 ut
1183 1742 1389 1796 omnia
1428 1755 1615 1810 opera
1643 1739 1772 1808 ejus
1799 1735 2105 1810 proferan-

446 1838 541 1891 tur
571 1833 629 1888 in
660 1831 992 1901 publicum,
1021 1835 1079 1885 et
1116 1829 1542 1901 dispergantur
1569 1825 1938 1882 habitatores
1973 1823 2104 1894 ejus

446 1923 507 1979 in
529 1923 766 1978 diversa
790 1921 923 1976 loca
951 1918 1217 1992 praemiis
1249 1917 1337 1972 vel
1369 1915 1677 1990 suppliciis
1706 1913 2029 1984 destinati.]

517 2015 559 2083 ιιι
585 2010 951 2082 Augustinus
981 2009 1043 2064 in
1063 2008 1218 2064 libro
1244 2007 1319 2063 de
1345 2007 1587 2063 Civitate
1628 2005 1726 2061 Dei
1759 2003 1968 2078 quinto
1999 2002 2104 2059 de-

449 2103 605 2158 cimo
623 2107 778 2173 (cap.
795 2101 862 2160 1):
893 2098 1077 2172 [Quas
1100 2097 1280 2154 etiam
1301 2096 1552 2168 mystice
1574 2093 1950 2168 appellamus
1967 2093 2109 2148 civi-

451 2195 598 2248 tates
623 2189 793 2257 duas,
820 2189 934 2244 hoc
965 2191 1053 2242 est
1073 2186 1229 2242 duas
1257 2185 1564 2241 societates
1584 2184 1922 2249 hominum,
1954 2197 2103 2254 qua-

447 2295 583 2336 rum
611 2283 698 2334 est
728 2291 848 2334 una
881 2291 1016 2349 quas
1046 2275 1468 2348 praedestinata
1495 2277 1583 2329 est
1609 2272 1671 2327 in
1701 2277 1989 2328 aeternum
2019 2285 2106 2326 re-

451 2385 636 2441 gnare
658 2384 798 2425 cum
823 2369 960 2434 Deo,
981 2365 1164 2422 altera
1185 2369 1474 2420 aeternum
1508 2361 1869 2435 supplicium
1903 2359 2106 2414 subire

451 2474 590 2513 cum
622 2455 914 2524 diabolo.]
942 2455 978 2520 1-
1001 2452 1202 2509 Cernis
1224 2449 1457 2524 absque
1487 2450 1609 2506 ulla
1635 2451 1980 2519 exceptione
2010 2447 2108 2502 de-

451 2547 701 2603 stinatos
721 2543 984 2618 praimiis
1015 2541 1110 2597 vel
1131 2540 1440 2613 suppliciis
1459 2539 1597 2608 dici,
1621 2542 1677 2594 et
1695 2537 1878 2594 latras
1900 2554 1938 2592 a
1967 2551 2107 2591 con-

453 2634 634 2690 trario
652 2632 870 2686 debere
894 2629 1162 2698 intelligi,
1185 2643 1402 2700 nempe
1422 2628 1470 2682 si
1501 2626 1811 2699 suppliciis
1830 2623 2108 2681 destinati

452 2736 564 2796 pro
579 2735 702 2777 non
724 2717 1030 2774 destinatis
1044 2715 1649 2789 accipiuntur,procul
1670 2714 1857 2770 dubio
1879 2719 1935 2770 et
1953 2729 2105 2786 prae-

454 2811 591 2868 miis
611 2807 890 2865 destinati
901 2823 973 2862 ex
985 2821 1161 2878 aequo
1177 2821 1288 2878 pro
1303 2819 1426 2860 non
1441 2803 1752 2861 destinatis
1776 2801 2109 2876 accipiendi

452 2896 787 2964 sunt.0uod
797 2896 942 2969 quia
961 2894 1466 2952 absurdissimum
1490 2897 1576 2949 est
1596 2893 1807 2949 saltem
1820 2892 2103 2962 cogitare,

2211 1752 2345 1791 cum
2361 1737 2625 1806 germine
2638 1741 2824 1802 suo,et
2842 1737 3131 1791 montium
3147 1734 3549 1804 fundamenta
3564 1736 3873 1792 comburat

2213 1822 2404 1896 (Deut.
2425 1841 2604 1891 χχχιι,
2639 1825 2751 1896 22).
2785 1827 2852 1880 Et
2878 1840 3158 1880 rursum:
3192 1824 3321 1894 Ego
3361 1825 3643 1894 occidam,
3677 1829 3735 1881 et
3761 1840 3866 1895 ego

2211 1915 2404 1971 vivere
2429 1916 2656 1984 faciam
2676 1928 2701 1986 ,'
2721 1915 3080 1984 percutiam,
3111 1917 3166 1970 et
3213 1929 3320 1985 ego
3365 1915 3615 1980 sanabo;
3647 1920 3705 1968 et
3733 1929 3855 1968 non

2211 2010 2294 2062 est
2319 2005 2422 2078 qui
2450 2006 2522 2061 de
2549 2021 2733 2062 manu
2759 2019 2888 2061 mea
2924 2007 3109 2074 possit
3137 2017 3362 2060 eruere.
3401 2004 3617 2059 Levabo
3644 2003 3724 2058 ad
3744 2018 3856 2059 cae-

2215 2095 2338 2150 lum
2354 2110 2597 2151 manum
2616 2110 2826 2165 meam,
2846 2099 2901 2150 et
2923 2095 3156 2151 dicam:
3180 2093 3320 2150 Vivo
3337 2108 3440 2164 ego
3458 2093 3521 2148 in
3539 2098 3826 2148 aeternum
3845 2109 3861 2146 2

2211 2185 2265 2239 si
2290 2198 2507 2240 acuero
2537 2190 2604 2240 ut
2641 2183 2862 2256 fulgur
2902 2183 3174 2254 gladium
3213 2199 3429 2247 meum,
3456 2187 3510 2239 et
3540 2183 3872 2252 arripuerit

2202 2274 2505 2344 judicium
2537 2289 2750 2330 manus
2790 2289 2939 2329 mea.
2973 2273 3239 2330 Reddam
3278 2274 3564 2329 ultionem
3609 2271 3876 2327 hostibus

2215 2363 2378 2433 meis,
2408 2368 2462 2418 et
2495 2363 2584 2420 his
2613 2361 2721 2433 qui
2741 2361 2995 2418 oderunt
3043 2377 3137 2418 me
3161 2362 3492 2418 retribuam
3517 2377 3531 2416 :
3565 2361 3877 2416 inebriabo

2213 2453 2463 2520 sagittas
2488 2466 2646 2507 meas
2681 2451 2994 2521 sanguine,
3026 2457 3079 2506 et
3110 2449 3353 2521 gladius
3378 2463 3542 2506 meus
3568 2448 3877 2505 devorabit

2216 2554 2445 2624 carnes.
2478 2541 2564 2597 De
2583 2555 2796 2596 cruore
2823 2541 3150 2596 occisorum
3182 2546 3234 2597 et
3276 2541 3349 2597 de
3374 2541 3733 2610 captivitate
3765 2554 3874 2594 nu-

2215 2628 2347 2685 dati
2374 2628 2748 2686 inimicorum
2783 2629 2996 2699 capitis
3028 2627 3215 2701 (lbid..
3249 2628 3460 2701 39-42).
3485 2631 3554 2684 Et
3579 2627 3701 2684 alia
3726 2625 3876 2683 mul-

2214 2720 2295 2783 ta,
2324 2730 2462 2786 quas
2489 2717 2797 2786 nequeunt
2825 2713 2939 2768 nisi
2969 2729 3005 2768 a
3033 2712 3374 2770 nolentibus
3404 2712 3692 2783 ignorari.

2290 2805 2347 2862 Si
2378 2802 2530 2859 Deus
2561 2803 2639 2859 ab
2667 2803 2760 2859 his
2799 2819 2935 2876 quae
2967 2802 3104 2860 fecit
3131 2803 3430 2860 naturalia
3464 2817 3714 2860 munera
3745 2819 3878 2858 non

2217 2893 2384 2961 tollit,
2401 2892 2549 2966 quid
2579 2897 2669 2948 est
2694 2897 2757 2949 ut
2780 2892 2854 2948 de
2875 2894 3101 2950 caeteris
3128 2893 3357 2960 sileam,
3380 2892 3550 2966 quod
3568 2897 3650 2949 tot
3675 2891 3883 2947 homi-

452 2989 866 3045 incunctanter
896 2983 1207 3041 fatendum
1236 2987 1324 3039 est
1347 2989 1404 3039 et
1427 2981 1693 3055 praemiis
1725 2985 1781 3038 et
1801 2981 2109 3053 suppliciis
2137 3019 2179 3073 Ο
2218 2997 2324 3036 nes
2355 2997 2564 3048 caecos,
2597 2979 2836 3049 surdos,
2869 2985 3089 3050 mutos,
3123 2979 3373 3050 debiles,
3405 2979 3676 3043 claudos,
3705 2978 3880 3034 inﬁr-

455 3077 801 3142 destinatos,
826 3078 1058 3132 remota
1083 3071 1250 3128 omni
1288 3071 1723 3142 contrarietate,
1748 3074 1866 3127 Deo
1901 3069 2109 3142 justis-

458 3167 644 3222 simos
689 3164 913 3236 judice,
945 3162 1065 3218 ﬁde
1097 3162 1457 3218 inconcussa
1496 3161 1682 3216 libere
1715 3159 2107 3216 contitcndos.

525 3257 892 3327 Quocunque
921 3253 1101 3323 igitur
1125 3251 1213 3308 vis
1242 3251 1427 3306 modo
1455 3250 1547 3306 vel
1569 3266 1769 3316 sensu,
1794 3249 1996 3321 accipe
2017 3248 2111 3304 vel

453 3350 702 3418 peccata
728 3343 824 3400 vel
852 3358 1064 3415 poenas
1086 3344 1296 3406 Deum,
1320 3340 1765 3413 rationalesque
1809 3343 2110 3395 creaturas

455 3434 604 3489 scire
625 3433 718 3488 vel
741 3430 1199 3503 przedestinare:
1227 3444 1338 3485 nos
1383 3429 1730 3485 auctoritate
1767 3427 2108 3482 divinorum

456 3522 852 3592 eloquiorum,
886 3523 941 3574 et
979 3532 1280 3573 consensu
1317 3519 1590 3572 omnium
1637 3516 2110 3572 orthodoxorum

455 3607 780 3664 fatebimur
809 3608 996 3660 Deum
1036 3610 1285 3677 peccata
1329 3605 1638 3677 praescisse
1669 3609 1724 3659 et
1762 3604 1928 3670 scire,
1959 3603 2111 3672 judi-

456 3711 594 3753 care
623 3700 803 3767 atque
827 3695 1139 3761 damnare,
1163 3709 1498 3766 pinnasque
1539 3709 1747 3749 eorum
1780 3693 2110 3748 constituis-

457 3801 542 3854 se,
587 3784 814 3851 fecisse,
859 3799 1114 3854 creasse,
1163 3783 1469 3856 praescisse
1525 3787 1581 3838 et
1631 3782 2106 3855 praedestinasse,

457 3874 744 3942 intulisse,
778 3874 1096 3943 irrogasse,
1147 3872 1398 3940 misisse,
1442 3872 1720 3942 voluisse,
1753 3871 2106 3937 decrevisse,

457 3979 726 4038 parasse,
757 3964 1142 4036 disposuisse,
1177 3967 1234 4018 et
1279 3978 1672 4037 praeparasse,
1701 3963 1797 4019 vel
1833 3966 1968 4019 ante
1995 3978 2107 4017 sse-

457 4055 592 4112 cula
622 4055 683 4111 in
713 4053 1089 4127 prmscientia
1135 4055 1193 4108 et
1220 4051 1760 4124 praedestinatione,
1792 4051 1886 4108 vel
1911 4052 1971 4106 in
2003 4067 2109 4107 sae-

457 4145 606 4201 culis
632 4159 738 4216 per
765 4143 899 4198 loca
936 4148 993 4198 et
1029 4146 1302 4214 tempora
1330 4147 1693 4215 opportuna,
1721 4141 1814 4197 vel
1843 4145 2110 4214 postmo-

456 4234 606 4292 dum
635 4232 698 4288 in
728 4231 1066 4291 aeternitate.
1099 4235 1278 4288 Porro
1303 4232 1470 4304 quod
1489 4232 1671 4287 infers
1700 4248 1714 4286 :

1024 4389 1270 4432 πομπῆες
1309 4389 1537 4430 SCOTUS.

529 4483 694 4556 (Cap.
734 4483 817 4554 15,
847 4497 1015 4539 num.
1052 4481 1138 4544 15,
1170 4485 1310 4536 sect.
1349 4481 1454 4550 10.)
1487 4485 1526 4534 Θ
1551 4480 1688 4535 Νοη
1727 4480 1882 4536 enim
1933 4479 2110 4535 Crea-

458 4580 554 4631 tor
577 4573 752 4644 punit
783 4587 918 4645 quas
946 4571 1112 4643 fecit,
1144 4585 1252 4626 nec
1293 4570 1369 4627 ab
1397 4571 1477 4627 eis
1506 4570 1820 4627 naturalia
1859 4584 2107 4626 munera

459 4665 639 4722 tollit.

1124 4767 1424 4809 CORRECTIO
1432 4796 1444 4808 .

529 4863 566 4929 1-
599 4866 792 4929 Quam
836 4861 914 4918 sit
955 4861 1189 4918 veritati
1220 4860 1536 4917 adversum
1579 4858 1810 4932 liquido
1836 4863 2016 4932 patet.
2053 4859 2110 4914 Si

457 4951 620 5008 enim
650 4953 804 5004 Deus
849 4965 974 5006 non
1015 4950 1189 5023 punit
1232 4964 1368 5021 quas
1399 4950 1554 5018 fecit,
1595 4949 1816 5006 fallitur
1845 4950 1976 5023 ipse
2007 4948 2112 5022 qui

457 5038 626 5098 dicit:
663 5039 875 5094 Delebo
905 5041 1198 5096 hominem
1237 5054 1405 5108 quem
1438 5040 1640 5096 creavi
1662 5055 1699 5096 a
1725 5040 1888 5109 facie
1916 5044 2110 5106 terrm,

459 5130 536 5187 ab
578 5127 814 5183 homine
863 5141 1050 5197 usque
1097 5127 1178 5183 ad
1224 5128 1581 5197 animantia,
1613 5141 1651 5182 a
1696 5127 1903 5197 reptili
1929 5141 2113 5197 usque

460 5219 543 5277 ad
568 5217 838 5274 volucres
867 5216 1040 5271 caeli:
1099 5217 1351 5284 paenitet
1419 5217 1570 5272 enim
1617 5231 1710 5271 me
1745 5216 1956 5282 fecisse
2022 5229 2115 5270 eos

457 5309 629 5380 (Gen.
685 5321 765 5372 vi,
817 5305 891 5377 7).
948 5306 1014 5359 Et
1070 5303 1248 5358 item:
1301 5305 1470 5359 Finis
1541 5305 1837 5360 universae
1913 5304 2113 5359 carnis

459 5397 621 5454 venit
680 5409 879 5450 coram
945 5407 1056 5460 me,
1110 5391 1340 5460 repleta
1396 5397 1479 5449 est
1529 5397 1693 5448 terra
1755 5391 1946 5462 (Ibid.,
2003 5393 2110 5466 t3).

458 5487 528 5542 Et
573 5482 774 5540 infra:
826 5485 979 5540 Ecce
1026 5497 1132 5554 ego
1179 5481 1477 5538 adducam
1528 5481 1748 5538 diluvii
1789 5498 1976 5553 aquas
2023 5500 2116 5540 su-

455 5591 567 5647 per
612 5584 854 5642 terram,
907 5581 973 5630 ut
1029 5573 1388 5643 interﬁciam
1456 5587 1684 5628 omnem
1752 5589 1991 5632 carnem
2049 5576 2112 5630 in

460 5681 581 5742 qua
645 5665 894 5738 spiritus
949 5666 1088 5724 vitae
1141 5670 1225 5723 est
1283 5663 1488 5722 subter
1543 5663 1776 5735 cretum,
1833 5666 2112 5724 universa

2217 3087 2370 3141 mos,
2401 3071 2609 3144 pigros
2652 3069 3013 3144 hebetesque
3062 3070 3373 3126 videmus:
3424 3070 3578 3126 adeo
3627 3073 3690 3125 ut
3730 3069 3884 3125 nihil

2219 3160 2467 3216 omnino
2494 3175 2706 3216 sensus
2737 3159 2958 3216 habere
2987 3159 3326 3228 videantur,
3355 3173 3506 3233 quos
3535 3158 3726 3228 vulgo
3757 3173 3889 3214 mo-

2216 3251 2416 3307 riones
2447 3250 2708 3306 vocant?
2737 3249 2845 3310 Qui
2869 3250 3145 3323 estquod
3177 3250 3305 3321 ipse
3345 3249 3406 3305 in
3435 3247 3766 3317 Evangelio
3794 3247 3890 3304 di~

2218 3340 2293 3395 cit
2316 3340 2604 3396 adversus
2631 3339 2900 3412 pecuniis
2937 3356 3059 3395 sure
3090 3343 3459 3414 repostorem
3485 3357 3499 3394 :
3557 3337 3780 3395 Tollite
3809 3339 3892 3394 ab

2217 3444 2286 3487 ea
2332 3446 2554 3499 mnam,
2610 3435 2663 3486 et
2714 3431 2854 3487 date
2898 3429 2996 3485 illi
3041 3430 3147 3501 qui
3193 3429 3368 3487 habet
3417 3427 3614 3486 decem
3662 3444 3888 3485 mnus:

2217 3521 2380 3576 omni
2403 3522 2556 3576 enim
2590 3518 2833 3576 habenti
2858 3519 3103 3576 dabitur
3133 3525 3186 3577 et
3209 3517 3573 3585 abundabit;
3603 3519 3658 3574 ei
3677 3523 3891 3575 autem

2216 3611 2321 3681 qui
2371 3627 2491 3665 non
2545 3608 2740 3678 habet,
2786 3616 2840 3664 et
2895 3610 3055 3680 quod
3110 3609 3285 3665 habet
3330 3609 3649 3677 auferetur
3689 3607 3770 3664 ab
3820 3624 3891 3665 eo

2216 3700 2383 3770 (Luc.
2411 3699 2650 3766 xxx,2»i).
2676 3700 2742 3754 Et
2760 3714 2867 3771 per
2891 3698 3105 3754 lsaiam
3130 3717 3142 3754 :
3177 3698 3309 3755 Ideo
3341 3712 3470 3754 ecce
3495 3713 3599 3769 ego
3629 3698 3885 3762 addam,

2216 3795 2280 3844 ut
2338 3788 2793 3845 admirationem
2836 3787 3061 3857 faciam
3109 3789 3337 3858 populo
3387 3789 3526 3844 huic
3576 3789 3889 3844 miraculo

2215 3878 2439 3948 grandi
2467 3884 2523 3934 et
2562 3879 2852 3947 stupenda
2877 3895 2888 3932 :
2925 3878 3148 3947 peribit
3178 3879 3334 3934 enim
3364 3877 3661 3947 sapientia
3708 3893 3745 3934 a
3774 3893 3884 3935 sa-

2215 3967 2514 4037 pientibus
2567 3969 2714 4038 ejus,
2771 3972 2827 4023 et
2870 3968 3209 4023 intellectus
3261 3965 3653 4037 prudentium
3709 3967 3887 4024 illius

2217 4057 2616 4113 abscondetur
2643 4059 2775 4123 (lsa.
2803 4071 2959 4124 XXIX,
2996 4055 3099 4126 14).

2292 4145 2464 4212 Quod
2494 4150 2735 4201 sanctus
2783 4144 3180 4216 Hieronymus
3209 4144 3291 4200 ita
3322 4144 3567 4217 exponit
3597 4145 3682 4215 (in
3715 4145 3881 4212 Isai.,

2220 4252 2416 4302 χχχιχ,
2456 4235 2576 4307 14);
2626 4232 2718 4306 [Ut
2762 4233 2995 4306 perdat,
3044 4226 3344 4307 inquiens,
3387 4250 3596 4291 eorum
3646 4235 3888 4308 sapien-

2219 4324 2358 4381 tiam
2392 4323 2496 4396 qui
2525 4338 2649 4379 non
2677 4328 3029 4396 receperunt
3063 4323 3162 4380 Dei
3192 4323 3500 4390 virtutem;
3532 4324 3759 4397 Deique
3787 4340 3886 4380 sa-

2219 4412 2505 4487 pientiam
2555 4415 2611 4467 et
2646 4411 3010 4468 intellectum
3042 4413 3430 4485 prudentium
3460 4412 3799 4470 abscondat
3826 4417 3886 4470 et

2219 4502 2479 4572 celet,ne
2511 4500 2732 4557 scilicet
2755 4517 2894 4556 eum
2924 4501 3226 4574 reperiant
3252 4502 3360 4574 qui
3390 4501 3451 4558 in
3480 4502 3672 4560 littera
3693 4504 3885 4560 conti-

2218 4597 2410 4648 netur.
2443 4593 2522 4647 De
2550 4591 2663 4646 hoc
2708 4590 2841 4646 loco
2875 4591 3186 4664 apostolus
3225 4591 3444 4648 Paulus
3491 4591 3765 4648 scribens
3793 4592 3878 4648 ad

2220 4682 2549 4741 Corinthios
2597 4681 2798 4755 posuit
2833 4682 3280 4739 testimonium:
3328 4684 3592 4740 Perdam
3636 4683 3871 4752 sapien-

2220 4774 2364 4830 tiam
2393 4773 2749 4843 sapientium
2775 4777 2830 4829 et
2855 4773 3223 4828 intellectum
3254 4773 3645 4842 prudentium
3674 4787 3883 4842 repro-

2220 4861 2368 4919 babo
2395 4862 2455 4935 (Ῑ
2473 4862 2612 4918 Cor.
2642 4878 2683 4932 1,
2720 4861 2840 4930 l9);
2876 4860 3004 4916 aliis
3051 4860 3248 4917 verbis
3293 4861 3577 4918 eumdem
3627 4877 3883 4918 sensum

2220 4951 2569 5008 edisserens.
2602 4953 2727 5006 Non
2755 4949 2921 5023 quod
2949 4950 3102 5006 Deus
3132 4950 3205 5006 sit
3233 4949 3513 5008 inimicus
3544 4951 3882 5024 sapientiae,

2221 5042 2393 5112 cujus
2420 5044 2590 5112 pater
2617 5043 2722 5105 est,
2751 5045 2807 5096 et
2838 5055 2942 5113 per
2965 5055 3153 5112 quam
3183 5040 3382 5096 omnis
3407 5045 3494 5096 est
3522 5041 3584 5096 in
3613 5040 3886 5098 homini-

2219 5129 2335 5186 bus
2361 5127 2674 5200 sapientia,
2703 5127 2808 5184 sed
2848 5144 2986 5183 cum
3029 5127 3441 5185 additamento
3473 5127 3691 5201 posuit,
3725 5134 3794 5186 ut
3821 5130 3888 5185 in

2220 5217 2512 5273 Hebraico
2541 5220 2671 5272 est:
2717 5216 3086 5286 Sapientiam
3124 5217 3344 5287 populi
3389 5225 3447 5274 et
3482 5216 3885 5289 prudentiam

2221 5308 2408 5380 illius,
2441 5305 2502 5363 id
2551 5311 2638 5363 est
2681 5306 2890 5380 populi
2919 5306 3289 5364 Judseorum.
3322 5307 3386 5364 Et
3417 5323 3622 5366 revera
3649 5309 3886 5380 grande

2221 5397 2582 5454 miraculum
2626 5398 2781 5453 Deus
2835 5396 2972 5453 fecit
3021 5397 3082 5453 in
3113 5396 3339 5471 pOpulo
3365 5403 3504 5472 post
3546 5398 3885 5456 adventum

2222 5486 2457 5542 Domini
2499 5485 2837 5554 Salvatoris,
2870 5490 2936 5542 ut
2979 5502 3102 5543 uno
3143 5491 3323 5561 atque
3361 5486 3576 5545 eodem
3605 5493 3882 5562 tempore

2223 5575 2456 5632 arderet
2493 5576 2824 5632 Jerusalem
2852 5575 3268 5650 templumque
3297 5583 3596 5634 corruerat
3621 5582 3676 5634 et
3705 5577 3879 5634 omni

2224 5667 2499 5737 tqtutgro
2519 5665 2861 5737 [al.,omnis
2888 5664 3338 5740 magistrorum]
3369 5667 3620 5726 scientia
3641 5667 3876 5726 tollere-
