4128 6200
230 176 359 231 122i

1154 175 1244 230 DE
1293 173 1971 231 PREDESTINATIONE
2008 165 2287 228 CONTRA
2325 175 2373 228 εἰ.
2419 173 2713 232 SCOTUM.

227 303 322 355 tur
347 295 592 376 impleto
621 296 721 354 illo
747 297 912 372 quod
939 313 1122 371 supra
1169 297 1395 354 dictum
1426 303 1513 354 est
1544 318 1556 354 :
1591 300 1744 355 Ecce
1774 299 1877 355 do-
1917 299 1960 352 A
1998 296 2256 364 miseria,
2314 297 2426 353 nisi
2483 298 2773 355 adversus
2844 313 2983 354 eum
3034 299 3438 359 inobedientia
3509 307 3644 377 ejus

227 389 489 443 minator
517 389 805 443 Dominus
847 387 1097 443 sabaoth
1146 390 1382 456 auferet
1425 390 1502 445 ab
1548 389 1880 444 Jerusalem

227 483 335 533 eta
365 477 532 533 Juda
578 477 844 532 valid-um
894 481 946 533 et
978 476 1263 546 validam,
1297 493 1524 533 omnem
1564 478 1882 547 fortitudi-

227 582 357 623 nem
382 567 587 635 panis,
625 572 680 621 et
713 581 882 621 omne
910 566 1096 621 robur
1117 581 1328 637 aquae;
1352 569 1675 637 gigantem,
1701 574 1752 623 et
1787 566 1885 621 ho-

227 657 438 712 minem
475 655 843 722 bellatorem,
868 660 922 710 et
934 655 1201 724 judicem
1226 661 1278 710 et
1303 658 1660 725 prophetam
1683 661 1738 712 et
1769 657 1885 711 col-

229 746 499 801 lectorem
534 743 659 815 [al.,
691 744 1129 814 conjectorem],
1162 749 1215 800 et
1254 759 1468 815 senem,
1500 750 1554 800 et
1586 746 1883 815 quinqua-

227 835 563 904 genarium,
595 835 649 887 et
704 831 1120 888 admirabilem
1165 837 1220 888 et
1251 833 1682 899 consiliarium,
1710 837 1762 886 et
1793 843 1884 887 sa-

227 923 478 993 pientem
499 921 916 986 architectum,
932 925 986 975 et
1007 921 1368 992 prudentem
1385 921 1720 977 auditorem
1737 921 1879 991 (Isa.

229 1015 396 1082 111,1,
426 1009 502 1080 2),
531 1014 587 1065 et
611 1013 824 1064 caetera
873 1025 1008 1081 quis
1055 1011 1444 1082 propheticus
1493 1026 1690 1066 sermo
1739 1025 1882 1065 con-

228 1099 454 1170 texuit]
484 1098 520 1165 '1'
549 1101 683 1154 Post
714 1097 1183 1154 interfectionem
1217 1099 1442 1172 quippe
1469 1100 1625 1155 illius
1669 1115 1882 1155 omnes

229 1189 430 1261 gratiae
477 1191 532 1244 et
573 1187 927 1243 donationes
975 1189 1222 1245 sublatae
1256 1195 1393 1245 sunt
1439 1190 1680 1256 Iudaeis,
1711 1193 1766 1246 et
1797 1205 1885 1245 se-

231 1279 492 1335 cundum
518 1276 686 1350 quod
715 1276 776 1331 in
813 1277 1134 1346 Evangelio
1183 1279 1475 1350 scriptum
1506 1283 1595 1334 est
1629 1298 1640 1334 :
1673 1281 1800 1334 Lex
1829 1283 1884 1334 et

229 1370 530 1440 propheta:
560 1383 745 1438 usque
765 1367 846 1423 ad
869 1368 1163 1424 Joannem
1194 1369 1532 1438 Baptistam
1566 1369 1730 1441 (Luc.
1759 1383 1881 1440 xv1,

235 1462 345 1528 t6).
380 1458 415 1523 1'
443 1457 589 1512 Hinc
617 1457 742 1529 ipse
776 1456 1065 1511 Dominus
1094 1455 1361 1528 loquitur
1381 1458 1458 1513 ad
1481 1460 1713 1514 Mosen:
1743 1460 1883 1527 Quis

226 1547 370 1616 fecit
423 1547 697 1604 surdum.
749 1552 803 1602 et
857 1552 1109 1608 mutum,
1160 1546 1452 1602 videntem
1504 1553 1558 1602 et
1611 1563 1830 1604 cereum
1857 1551 1885 1603 ?

228 1648 424 1692 nerine
452 1651 555 1706 ego
577 1640 604 1691 ?
633 1635 853 1702 (Exod.
885 1651 964 1703 1v,
997 1639 1106 1702 11).
1136 1635 1346 1690 Dicens
1374 1652 1515 1706 ergo
1546 1654 1558 1692 :

793 1758 1038 1798 JOANNES
1084 1757 1312 1798 SCOTUS.

298 1850 459 1922 (Cap.
502 1854 584 1916 15,
617 1864 786 1904 num.
825 1849 906 1914 16,
943 1854 1084 1905 sect.
1125 1849 1234 1920 10.)
1261 1853 1299 1901 Θ
1329 1849 1594 1906 Proinde
1635 1850 1740 1920 qui
1786 1851 1884 1905 do-

230 1941 326 2007 let,
360 1939 508 2010 quid
533 1941 663 2005 scit,
695 1940 813 1994 nisi
831 1939 1029 1994 abesse
1056 1939 1373 1995 sanitatem
1394 1943 1423 1993 ?
1461 1941 1728 1995 Dolendo
1781 1941 1887 2010 igi-

229 2036 328 2085 tur
358 2045 474 2084 non
505 2030 698 2098 ipsum
732 2028 1017 2099 dolorem,
1049 2029 1152 2084 sed
1175 2030 1365 2097 ipsam
1415 2031 1732 2085 sanitatem
1781 2046 1884 2085 no-

229 2121 330 2185 vit,
364 2135 542 2189 quam
570 2120 836 2188 prefecto
864 2134 983 2174 non
1015 2129 1228 2187 nosset,
1262 2119 1313 2174 si
1341 2119 1415 2174 de
1443 2119 1553 2174 illa
1585 2121 1880 2176 notionem

229 2207 549 2279 quamdam
579 2223 699 2262 non
732 2207 993 2264 haberet.
1028 2208 1381 2263 Recordatio
1413 2208 1632 2278 quippe
1659 2210 1882 2264 sanita-

230 2298 302 2352 tis
328 2298 387 2351 in
411 2297 678 2352 sensibus
709 2301 997 2365 remanet,
1032 2297 1164 2365 ipsa
1196 2311 1332 2351 vero
1362 2297 1424 2351 in
1455 2297 1567 2352 illa
1611 2297 1884 2352 substan-

232 2387 315 2442 tia
351 2402 530 2457 quam
563 2391 712 2442 Deus
735 2386 958 2441 creavit
992 2385 1254 2455 residet;
1282 2401 1402 2440 non
1434 2385 1588 2442 enim
1634 2386 1886 2442 Creator

226 2478 400 2545 punit
429 2491 564 2548 quae
589 2476 756 2545 fecit,
797 2489 904 2531 nec
933 2475 1008 2530 ab
1034 2476 1115 2531 eis
1144 2477 1457 2531 naturalia
1487 2490 1740 2531 munera
1775 2476 1882 2530 tol-

233 2565 323 2620 lit.
356 2566 512 2621 Nam
541 2566 594 2620 si
622 2565 684 2620 in
715 2566 848 2634 ipsa
895 2569 1121 2618 natura
1150 2563 1404 2619 dolentis
1451 2564 1882 2635 quodammodo

229 2655 458 2710 sanitas
496 2670 616 2709 non
646 2655 877 2716 inesset,
907 2668 1035 2709 eam
1065 2654 1304 2721 penitus
1345 2653 1673 2722 ignoraret,
1696 2667 1885 2723 neque

231 2743 308 2798 ab
337 2745 462 2811 ejus
495 2745 729 2798 occulta
756 2743 1005 2798 scientia
1054 2745 1340 2796 memoria
1381 2742 1665 2810 patientis
1697 2741 1882 2809 ipsius

228 2833 498 2888 absentia
525 2834 916 2903 formaretur,
950 2846 1137 2902 neque
1184 2847 1386 2888 amore
1424 2833 1708 2900 praesenti
1753 2833 1881 2901 eius

227 2928 629 2994 torqueretur.

884 3044 1212 3086 CORREO’I‘IO.

293 3137 329 3203 1'
369 3135 582 3192 Studes
625 3149 868 3191 omnem
913 3136 1277 3206 judiciorum
1310 3137 1429 3189 Deo
1457 3132 1788 3206 potentiam
1820 3136 1878 3188 et

218 3226 526 3281 veritatem
550 3224 864 3294 abrogare,
887 3225 1108 3296 quibus
1152 3225 1483 3297 saepissime
1535 3226 1878 3294 peccatores

227 3315 434 3370 merito
463 3332 584 3370 sua:
618 3315 940 3387 impietatis
971 3315 1146 3370 donis
1177 3314 1273 3369 Dei
1321 3314 1634 3385 privantur
1658 3331 1671 3379 ;
1698 3312 1878 3367 etiam

228 3404 361 3476 ipsa
387 3404 605 3460 sanitas
639 3404 906 3475 corporis
939 3403 1296 3459 creberrime
1323 3418 1445 3458 non
1469 3401 1667 3457 solum
1688 3417 1723 3455 a
1744 3416 1880 3472 pec-

227 3491 550 3560 catoribus,
571 3508 785 3547 verum
809 3491 987 3546 etiam
1010 3507 1044 3545 a
1061 3491 1235 3561 justis
1267 3489 1656 3554 subtrahitur,
1677 3487 1878 3543 causis

222 3586 494 3638 nostram
515 3582 926 3637 inﬁrmitatem
957 3580 1302 3649 latentibus,
1323 3581 1444 3634 Deo
1480 3593 1624 3634 vero
1645 3577 1880 3633 indubi-

223 3677 414 3730 tanter
454 3673 818 3746 patentibus.
851 3674 915 3728 Et
962 3671 1194 3743 quoties
1233 3669 1368 3743 quis
1398 3669 1755 3734 inﬁrmatur,
1782 3667 1878 3723 vel

223 3778 590 3836 quocunque
619 3762 909 3832 languore
939 3760 1312 3832 deprimitur,
1339 3758 1615 3830 nunquid
1646 3758 1798 3812 inest
1825 3757 1877 3812 ei

223 3853 477 3908 sanitas?
503 3852 841 3924 Siunquam
860 3847 1572 3919 decubuisses,potuisses
1591 3860 1879 3914 agnosce-

221 3959 284 3998 re
301 3943 559 3997 defuisse
581 3942 684 3997 tibi
703 3941 1018 3997 sanitatem
1040 3938 1296 3995 dicendo
1318 3953 1455 3992 cum
1476 3935 1771 4007 Propheta
1790 3951 1880 3990 sa-

221 4032 492 4089 lutariter
520 4032 879 4105 pmnitente:
915 4032 1048 4086 Non
1079 4035 1164 4086 est
1194 4029 1424 4085 sanitas
1453 4028 1517 4082 in
1549 4039 1732 4080 carne
1750 4039 1881 4079 mea

220 4137 257 4178 a
286 4123 448 4192 facie
466 4123 574 4176 ira
605 4127 740 4188 tuae,
774 4135 894 4176 non
921 4125 1004 4176 est
1059 4133 1187 4189 pax
1212 4117 1436 4173 ossibus
1489 4115 1630 4169 meis
1661 4127 1697 4168 a
1719 4112 1882 4180 facie

217 4217 600 4281 peccatorum
629 4225 894 4266 meorum
923 4209 1112 4275 (Psal.
1152 4222 1376 4271 xxxvn,
1408 4206 1464 4274 4,
1495 4204 1546 4275 8)
1573 4220 1586 4271 ;
1616 4205 1674 4257 et
1696 4200 1880 4272 paulo

219 4304 358 4373 post
389 4317 402 4354 :
440 4299 730 4366 Quoniam
765 4299 954 4354 lumbi
977 4298 1094 4352 mei
1134 4295 1368 4365 impleti
1392 4297 1532 4348 sunt
1577 4292 1876 4347 illusioni—

222 4363 351 4458 bus,
375 4396 429 4446 ct
452 4363 571 4444 non
599 4394 680 4444 est
703 4390 933 4444 sanitas
954 4388 1015 4442 in
1047 4363 1229 4442 carne
1253 4398 1384 4439 mea
1407 4381 1583 4454 (Ibid.
1626 4396 1679 4436 v.
1713 4381 1787 4449 8).
1813 4382 1881 4434 Et
1910 4363 1953 4418 Ῑ)

221 4481 516 4538 Dominus
538 4495 643 4552 per
665 4479 1059 4552 prophetam:
1092 4478 1276 4532 Omne
1296 4477 1477 4544 caput
1499 4471 1878 4543 languidum,

219 4577 274 4629 et
311 4585 485 4626 omne
511 4586 610 4626 cor
636 4582 922 4639 mterens,‘
954 4583 990 4624 a
1011 4569 1226 4636 planta
1253 4565 1421 4634 pedis
1441 4577 1624 4633 usque
1651 4561 1733 4616 ad
1757 4576 1881 4617 ver-

219 4662 398 4717 ticem
431 4675 546 4715 non
577 4667 662 4716 est
715 4661 777 4715 in
831 4673 894 4714 eo
939 4658 1167 4712 sanitas
1201 4656 1344 4720 (Isa.
1376 4668 1413 4719 1,
1460 4654 1535 4722 6).
1570 4654 1716 4706 Nam
1747 4649 1883 4705 licet

220 4749 654 4820 aegrotantibus
678 4747 854 4804 nobis
869 4745 931 4801 in
952 4742 1243 4800 memoria
1265 4746 1467 4797 nostra
1500 4740 1573 4793 sit
1600 4737 1877 4794 recorda-

221 4839 303 4895 tio
333 4838 631 4906 sanitatis,
661 4853 850 4910 quam
877 4833 1218 4907 appetimus
1248 4834 1304 4887 et
1333 4833 1635 4902 optamus,
1668 4826 1880 4882 deesse

215 4932 430 4985 tamen
458 4927 636 4984 nobis
668 4925 983 4984 sanitatem
1017 4921 1437 4994 cognoscimus
1464 4921 1521 4974 et
1549 4915 1878 4990 plurimum

212 5018 518 5075 dolemus.
552 5021 632 5074 Ac
658 5033 765 5082 per
784 5016 898 5072 hoc
919 5030 1041 5070 non
1071 5017 1159 5069 est
1178 5016 1317 5067 tunc
1338 5010 1398 5066 in
1417 5013 1634 5065 natura
1673 5010 1880 5063 nostra

211 5109 466 5177 sanitas,
501 5107 779 5182 quamvis
808 5106 871 5161 in
915 5102 1211 5160 memoria
1253 5099 1641 5156 recordemur
1671 5097 1828 5153 illius
1861 5113 1874 5152 :

208 5215 355 5272 quae
407 5214 532 5255 non
576 5201 662 5254 est
709 5196 925 5253 animae
969 5198 1188 5251 nostris
1233 5189 1588 5260 substantia,
1623 5185 1729 5242 sed
1755 5186 1873 5243 do-

207 5305 369 5346 num
396 5289 586 5345 divini
618 5288 902 5349 muneris,
933 5285 1218 5342 collatum
1255 5286 1471 5339 nostrae
1505 5276 1872 5334 substantiae.

286 5395 460 5453 Unde
487 5394 857 5466 Augustinus
890 5392 951 5449 in
979 5392 1132 5448 libro
1159 5390 1233 5446 de
1266 5388 1502 5445 Civitate
1527 5384 1629 5440 Dei
1659 5385 1877 5455 quarto

205 5487 457 5544 decimo
488 5487 643 5560 (cap.
681 5487 803 5561 15):
833 5484 1121 5557 [Denique
1151 5485 1215 5537 ut
1243 5479 1498 5536 breviter
1526 5476 1779 5541 dicatur,
1813 5472 1875 5529 in

203 5577 375 5633 illius
406 5577 631 5649 peccati
661 5591 844 5650 paena
869 5573 1017 5647 quid
1042 5567 1460 5627 inobedientia:
1511 5565 1623 5620 nisi
1669 5563 1876 5620 inobe—

202 5667 446 5726 dientia
485 5665 773 5723 retributa
815 5664 949 5721 est?
978 5665 1128 5720 Nam
1166 5675 1305 5732 quas
1347 5654 1608 5714 hominis
1636 5658 1725 5713 est
1751 5653 1872 5713 alia

1993 387 2199 458 ipsius,
2235 392 2298 442 ut
2325 388 2429 460 qui
2458 389 2623 460 quod
2653 388 2842 444 voluit
2871 389 3064 460 potuit
3089 390 3219 459 [al.,
3263 396 3325 446 ut
3353 396 3645 465 quoniam

1993 476 2181 531 noluit
2207 477 2372 548 quod
2402 478 2636 548 potuit],
2670 477 2836 549 quod
2865 493 2989 532 non
3015 483 3210 549 potest
3236 480 3425 536 velit?
3453 486 3517 537 In
3542 499 3645 555 pa-

1992 564 2194 619 radiso
2220 565 2380 620 enim
2411 565 2649 621 etiamsi
2688 581 2811 622 non
2852 566 3058 622 omnia
3088 572 3318 638 poterat
3347 575 3483 626 ante
3513 586 3646 642 pec-

1993 658 2216 724 catum,
2245 655 2540 726 quidquid
2561 659 2764 711 tamen
2787 671 2908 711 non
2939 659 3189 728 poterat,
3217 673 3339 713 non
3364 658 3643 728 volebat;

1993 747 2049 798 et
2094 744 2231 798 ideo
2283 749 2515 816 poterat
2561 745 2765 800 omnia
2813 761 2949 818 quae
2998 746 3256 802 volebat.
3305 751 3473 804 Nunc
3499 764 3643 805 vero

1993 833 2144 886 sicut
2189 832 2250 886 in
2297 833 2426 903 ejus
2481 834 2660 906 stirpe
2693 834 3140 905 cognoscimus,
3173 839 3230 890 et
3255 835 3461 892 divina
3492 837 3642 893 Scri-

1992 924 2168 991 ptura
2221 923 2484 988 testatur,
2531 923 2702 979 homo
2753 925 3013 979 vanitati
3055 925 3267 980 similis
3311 926 3513 995 factus
3560 932 3644 982 est

1992 1010 2180 1080 (Psal.
2215 1023 2405 1073 CXLII],
2436 1013 2513 1077 4).
2543 1011 2685 1077 Quis
2713 1012 2873 1067 enim
2902 1017 3210 1068 enumerat
3233 1029 3417 1085 quam
3455 1015 3645 1071 multa

1992 1113 2128 1169 quea
2153 1113 2275 1153 non
2301 1103 2496 1171 potest
2523 1099 2681 1167 velit,
2709 1099 2857 1155 dum
2904 1100 3016 1155 sibi
3042 1101 3190 1173 ipse,
3220 1100 3282 1156 id
3313 1106 3399 1158 est
3435 1102 3646 1159 volun-

1994 1187 2097 1242 tati
2124 1188 2277 1258 ejus,
2326 1189 2456 1260 ipse
2517 1188 2755 1243 animus
2784 1189 2938 1258 ejus,
2984 1205 3178 1260 eoque
3234 1189 3477 1247 inferior
3504 1204 3644 1248 caro

1994 1277 2123 1347 ejus
2154 1293 2277 1332 non
2308 1277 2732 1348 obtemperat?
2759 1282 2894 1349 Ipso
2925 1292 3190 1349 namque
3223 1278 3409 1336 invito
3438 1285 3494 1336 et
3522 1280 3646 1336 ani-

1994 1382 2129 1420 mus
2157 1367 2515 1439 plerumque
2567 1367 2860 1437 turbatur,
2895 1372 2951 1423 et
2993 1382 3132 1422 caro
3179 1366 3358 1436 dolet,
3391 1373 3448 1425 et
3489 1373 3645 1425 vete-

1992 1453 2189 1516 rascit,
2223 1459 2279 1509 et
2331 1455 2621 1520 moritur;
2677 1458 2734 1510 et
2785 1455 3081 1526 quidquid
3139 1455 3300 1511 aliud
3358 1457 3642 1530 patimur,

1992 1542 2158 1614 quod
2206 1557 2330 1597 non
2377 1546 2718 1614 pateremur
2763 1542 2951 1613 inviti,
2984 1543 3034 1597 si
3078 1543 3371 1601 voluntati
3426 1551 3645 1602 nostrae

1993 1636 2197 1686 nostra
2226 1636 2442 1687 natura
2471 1631 2824 1686 omnimodo
2867 1635 3047 1704 atque
3078 1647 3151 1686 ex
3194 1633 3478 1688 omnibus
3512 1648 3650 1706 par-

1993 1719 2152 1775 tibus
2195 1719 2482 1775 obediret.
2528 1724 2600 1774 At
2627 1720 2789 1775 enim
2820 1719 3046 1792 aliquid
3077 1736 3216 1776 caro
3251 1721 3490 1793 patitur,
3523 1737 3646 1794 quo

1995 1809 2215 1865 servire
2253 1823 2376 1865 non
2423 1809 2654 1864 sinitur.
2687 1808 2842 1874 Quid
2887 1809 3128 1865 interest
3173 1811 3354 1873 unde,
3385 1811 3534 1866 dum
3563 1814 3650 1868 ta-

1992 1914 2132 1953 men
2189 1914 2300 1970 pro
2352 1898 2580 1969 justitia
2624 1898 2969 1954 damnantis
3017 1896 3144 1972 [al.,
3196 1915 3304 1970 per
3353 1899 3646 1969 justitiam

1991 1987 2384 2058 dominantis]
2415 1987 2535 2054 Dei,
2568 1989 2664 2042 cui
2685 1987 2908 2043 subditi
2937 1987 3156 2042 servire
3184 1987 3512 2054 noluimus,
3545 2003 3645 2044 ca-

1993 2093 2060 2132 ro
2110 2082 2315 2134 nostra
2369 2077 2566 2148 nobis,
2615 2093 2752 2150 quae
2800 2079 2933 2148 [al.,
2985 2093 3108 2149 qua
3152 2077 3354 2149 nobis]
3405 2077 3648 2134 subdita

1993 2165 2205 2231 fuerat,
2236 2181 2360 2221 non
2409 2166 2724 2222 serviendo
2777 2167 3030 2222 molesta
3059 2167 3162 2236 sit;
3205 2167 3486 2241 quamvis
3533 2183 3684 2222 nos,

1994 2254 2112 2309 Deo
2168 2270 2291 2310 non
2349 2255 2683 2325 serviendo,
2739 2254 2972 2311 molesti
3029 2255 3208 2311 nobis
3269 2255 3644 2328 potuerimus

1994 2359 2142 2411 esse,
2173 2359 2296 2398 non
2325 2343 2452 2399 illi?
2483 2348 2684 2417 Neque
2712 2345 2874 2400 enim
2906 2345 2989 2400 sic
3036 2345 3131 2400 ille
3160 2350 3385 2414 nostro,
3423 2349 3484 2402 ut
3529 2361 3642 2400 nos

1993 2432 2225 2488 servitio
2269 2434 2535 2506 corporis
2582 2433 2922 2504 indigemus
2957 2449 2970 2488 :
3020 2438 3077 2490 et
3119 2433 3254 2490 ideo
3305 2437 3648 2491 nostra‘est

1993 2523 2157 2595 quod
2187 2523 2509 2594 recipimus
2529 2523 2661 2594 [al.,
2690 2523 3098 2596 percipimus],
3121 2539 3244 2579 non
3270 2524 3431 2579 illius
3461 2538 3644 2597 poena

1993 2611 2159 2683 quod
2187 2611 2456 2667 fecimus.
2492 2611 2732 2667 Dolores
2765 2628 2945 2684 porro
2974 2613 3078 2685 qui
3108 2612 3387 2668 dicuntur
3423 2613 3642 2678 carnis,

1995 2701 2210 2755 animae
2240 2704 2379 2756 sunt
2399 2701 2462 2756 in
2500 2716 2680 2756 carne
2710 2703 2766 2756 et
2793 2716 2866 2756 ex
2895 2713 3093 2756 carne.
3140 2700 3291 2765 Quid
3317 2700 3478 2756 enim
3503 2716 3645 2756 caro

1993 2805 2099 2861 per
2125 2789 2390 2862 seipsam
2420 2789 2546 2845 sine
2577 2791 2781 2845 anima
2800 2789 2893 2844 vel
2913 2788 3095 2858 dolet,
3118 2788 3211 2845 vel
3233 2789 3644 2862 concupiscit?

1992 2878 2108 2934 Sed
2133 2894 2272 2933 cum
2303 2879 2730 2951 concupiscere
2760 2893 2903 2933 caro
2928 2877 3144 2932 dicitur
3170 2877 3268 2932 vel
3292 2877 3513 2940 dolere,
3541 2880 3648 2933 aut

1991 2966 2119 3039 ipse
2147 2968 2331 3022 homo
2356 2970 2464 3032 est,
2494 2966 2644 3021 sicut
2669 2965 3066 3021 disseruimus
3090 2982 3103 3032 ;
3128 2969 3232 3021 aut
3262 2964 3490 3036 aliquid
3519 2964 3646 3020 ani—

1991 3072 2106 3110 mae
2135 3054 2303 3127 quod
2351 3053 2552 3109 carnis
2584 3053 2766 3109 afﬁcit
2804 3053 3030 3126 passio,
3061 3053 3157 3108 vel
3203 3066 3440 3125 aspera,
3473 3056 3538 3107 ut
3558 3052 3646 3108 fa-

1991 3144 2107 3199 ciat
2135 3142 2404 3198 dolorem
2431 3161 2443 3210 ;
2467 3141 2561 3197 vel
2590 3141 2765 3212 lenis,
2787 3146 2852 3196 ut
2874 3140 3266 3213 voluptatem.
3316 3140 3431 3198 Sed
3471 3138 3645 3196 dolor

1990 3233 2186 3288 carnis
2217 3231 2637 3287 tantummodo
2667 3229 2921 3285 offensio
2951 3234 3040 3285 est
3070 3229 3288 3285 animae
3326 3245 3400 3285 ex
3437 3243 3641 3293 carne,

1991 3325 2046 3377 et
2069 3321 2352 3394 quaedam
2382 3319 2460 3375 ab
2491 3320 2622 3390 ejus
2655 3319 2936 3392 passione
2965 3318 3288 3386 dissentio;
3321 3317 3474 3374 sicut
3518 3318 3644 3373 ani-

1990 3425 2105 3466 mm
2134 3410 2326 3475 dolor,
2358 3424 2494 3481 quae
2535 3409 2766 3464 tristitia
2792 3411 3196 3480 nuncupatur,
3226 3406 3521 3463 dissensio
3559 3410 3648 3463 est

1991 3501 2068 3556 ab
2119 3500 2211 3555 his
2255 3500 2435 3555 rebus
2473 3514 2609 3571 quae
2663 3498 2841 3554 nobis
2891 3497 3234 3554 nolentibus
3279 3497 3641 3554 acciderunt.

1993 3591 2106 3648 Sed
2139 3589 2430 3646 tristitiao
2462 3587 2821 3660 plerumque
2864 3586 3149 3660 praecedit
3195 3591 3409 3654 metus,
3458 3585 3564 3658 qui
3589 3589 3647 3641 et

1989 3681 2116 3752 ipse
2160 3679 2221 3734 in
2252 3679 2456 3735 anima
2483 3682 2590 3745 est,
2623 3693 2748 3733 non
2776 3677 2837 3732 in
2891 3691 3088 3732 carne.
3125 3675 3399 3731 Dolorem
3443 3679 3646 3731 autem

1991 3769 2186 3825 carnis
2215 3783 2338 3824 non
2369 3766 2651 3839 prsecedit
2680 3765 2834 3821 ullus
2859 3766 3039 3838 quasi
3063 3769 3259 3820 metus
3284 3763 3502 3834 carnis,
3543 3763 3648 3835 qui

1991 3863 2126 3914 ante
2157 3856 2428 3912 dolorem
2456 3855 2514 3910 in
2547 3869 2725 3910 carne
2765 3855 3068 3909 sentiatur.
3103 3851 3480 3923 Voluptatem
3503 3866 3648 3906 vero

1990 3945 2273 4019 praecedit
2301 3944 2602 4015 appetitus
2633 3940 2902 4012 quidam,
2935 3940 3038 4011 qui
3069 3939 3316 3994 sentitur
3363 3938 3424 3992 in
3466 3953 3647 3993 carne

1992 4034 2166 4107 quasi
2197 4032 2493 4103 cupiditas
2517 4031 2567 4100 ej
2579 4047 2668 4096 us,
2698 4029 2848 4084 sicut
2871 4027 3061 4083 fames
3087 4031 3144 4082 et
3173 4026 3316 4096 sitis,
3341 4029 3398 4081 et
3415 4041 3487 4082 ea
3510 4041 3648 4099 quas

1993 4127 2054 4180 in
2086 4121 2445 4194 genitalibus
2472 4119 2745 4175 usitatius
2773 4118 2962 4174 libido
2986 4117 3350 4186 nominatur,
3374 4133 3513 4173 cum
3532 4116 3648 4173 hoc

1997 4214 2073 4270 sit
2095 4211 2369 4282 generale
2396 4207 2762 4266 vocabulum
2793 4206 2990 4263 omnis
3023 4205 3474 4278 cupiditatis.]-1-
3503 4206 3648 4262 Item

2000 4301 2318 4359 subdendo
2344 4319 2357 4358 :

2567 4421 2808 4465 JOANNES
2849 4419 3076 4463 SCOTUS.

2070 4518 2238 4593 (Cap.
2277 4519 2359 4586 15,
2392 4533 2561 4573 num.
2621 4520 2703 4583 t7,
2732 4517 2875 4570 sect.
2910 4514 3017 4584 lO).
3051 4513 3090 4564 Θ
3119 4509 3311 4567 Nulla
3361 4507 3646 4580 siquidem

1997 4610 2317 4666 rationalis
2348 4612 2572 4662 natura
2594 4611 2697 4672 est,
2739 4619 2870 4675 qum
2897 4618 3016 4658 non
3061 4601 3201 4657 velit
3240 4599 3456 4669 fugere
3483 4596 3650 4651 mise-

2000 4699 2176 4762 riam,
2209 4702 2265 4752 et
2309 4709 2627 4766 pervenire
2674 4692 2749 4749 ab
2791 4690 3236 4756 beatitudinem,
3262 4693 3371 4745 aut
3406 4689 3650 4760 gustata

2002 4788 2284 4845 beatitate
2310 4785 2451 4842 velit
2479 4783 2752 4839 recedere
2779 4782 3171 4851 miseramque
3199 4792 3336 4835 esse.

2667 4911 2987 4954 CORREC‘IIO.

2073 5020 2108 5086 '1-
2133 5019 2248 5074 Cur
2266 5033 2390 5074 non
2411 5014 2665 5073 attendis
2687 5013 2996 5070 diabolum
3017 5015 3074 5070 et
3092 5011 3341 5083 angelos
3379 5011 3510 5083 ejus
3541 5026 3652 5082 gu-

2003 5114 2156 5166 stata
2202 5107 2482 5164 beatitate
2520 5103 2851 5160 voluntarie
2896 5101 3231 5166 recessisse,
3277 5101 3652 5172 miserosque

2000 5200 2188 5256 factos
2218 5210 2536 5268 nunquam
2558 5209 2593 5249 a
2613 5192 2852 5249 miseria
2868 5191 3018 5248 velle
3040 5191 3333 5259 recedere,
3358 5205 3553 5261 neque
3575 5187 3655 5244 ad

1999 5286 2434 5345 beatitudinem
2475 5282 2817 5356 pervenire;
2840 5281 3103 5337 maxime
3137 5280 3368 5336 dicente
3401 5274 3654 5333 Domino

2004 5377 2083 5434 ad
2110 5376 2253 5433 Job:
2281 5375 2396 5442 Qui
2419 5375 2622 5445 factus
2648 5377 2730 5429 est
2761 5377 2826 5428 ut
2858 5372 3098 5427 nullum
3123 5371 3354 5426 timeret
3383 5365 3515 5437 (Job
3533 5380 3650 5432 xm,

2002 5467 2112 5539 24).
2138 5465 2301 5523 Unde
2327 5464 2539 5520 beatus
2565 5461 2880 5532 Gregorius
2909 5461 2970 5516 in
3001 5457 3341 5525 Moralibus,
3372 5454 3526 5512 libro
3555 5452 3656 5510 tri-

2005 5558 2232 5631 gesimo
2258 5558 2473 5628 quarto
2499 5557 2654 5627 (cap.
2693 5554 2805 5624 l7):
2839 5553 3082 5622 (Factus
3109 5554 3190 5605 est
3217 5562 3380 5617 ergo,
3420 5551 3487 5602 ut
3515 5544 3654 5631 nul:-

1986 5629 2108 5707 lum
2135 5648 2383 5703 timeret.
2419 5644 2656 5701 Nullum
2697 5639 2989 5707 videlicet,
3007 5637 3153 5710 quia
3171 5651 3282 5694 nec
3313 5637 3521 5701 Deum,
3546 5629 3656 5687 sed
