4116 6186
532 159 665 214 1223

1603 149 1659 204 S.
1701 146 2074 204 PBUDENTII
2113 140 2494 199 TRECENSIS
2537 142 2848 200 EPISCOPI

3814 148 3835 198 1
3846 147 3954 202 224

527 297 725 356 neque
754 280 867 335 hoc
896 275 1062 349 quod
1109 289 1398 346 passurus
1441 276 1529 328 est
1557 272 1783 328 metuit.
1814 271 1919 326 Cui
1947 268 2174 327 felicius
2209 267 2255 320 A
2357 266 2572 321 Annon
2617 269 2745 322 erat
2772 271 2992 323 natura
3021 264 3187 332 Cain,
3229 263 3336 336 qui
3387 261 3618 356 primus
3662 266 3954 325 omnium

527 371 813 428 nimirum
861 365 1054 421 fuerat
1097 363 1362 420 timendo
1410 362 1597 418 vitare
1643 361 1954 434 supplicia,
1986 375 2174 432 quam

526 475 650 515 non
679 453 945 512 timendo
973 452 1222 509 tolerare
1253 469 1265 519 ;
1297 451 1630 524 appetitum
1654 450 1856 522 itaque
1881 447 2175 505 celsitudi-

526 548 620 602 nis
649 543 820 601 vertit
839 543 899 598 in
929 542 1188 613 rigorem
1219 541 1454 606 mentis,
1486 545 1548 596 ut
1569 539 1893 595 damnatus
1919 539 2046 610 jam
2069 551 2176 610 per

526 634 810 691 duritiam
841 648 902 688 se
924 631 1081 687 male
1110 647 1240 686 esse
1270 631 1400 702 [al.,
1424 629 1637 700 egisse]
1667 643 1786 684 non
1821 628 2052 694 sentiat,
2071 625 2176 698 qui

525 739 781 798 praeesse
832 737 939 794 per
991 719 1241 790 gloriam
1292 718 1619 791 quaerebat.
1675 721 1845 783 Nam,
1891 715 2032 789 quia
2073 715 2173 786 jus

525 812 786 887 quaesitae
834 811 1144 884 potestatis
1188 825 1310 866 non
1340 808 1615 874 obtinuit,
1661 807 1835 880 quasi
1863 805 2176 879 quoddam

527 901 822 974 superbiae
854 917 978 956 sua».
1015 898 1348 955 remedium
1379 897 1677 954 insaniam
1710 894 2176 951 insensibilitatis

525 989 770 1059 invenit,
803 994 859 1044 et
907 988 1051 1060 quia
1092 987 1360 1059 profectu
1412 983 1744 1054 transgredi
1791 988 2006 1038 cuncta
2053 998 2176 1037 non

523 1079 735 1152 potuit,
789 1077 1080 1149 despectu
1131 1091 1192 1130 se
1247 1078 1454 1130 contra
1506 1076 1721 1129 cuncta
1772 1070 2175 1144 praeparavit.]

525 1167 560 1234 '1-
583 1170 647 1221 ln
675 1165 889 1222 eodem
911 1163 1224 1234 Gregorius
1246 1161 1446 1232 (Ibid.)
1470 1179 1482 1216 :
1513 1164 1622 1218 Cor
1644 1161 1773 1232 ejus
1798 1159 2178 1216 indurabitur

525 1256 701 1330 quasi
730 1255 905 1328 lapis,
939 1269 1042 1309 cor
1071 1252 1231 1308 enim
1262 1251 1492 1324 antiqui
1514 1251 1700 1306 hostis
1727 1255 1792 1305 ut
1820 1249 1974 1322 lapis
2005 1249 2176 1304 indu-

525 1345 774 1407 rabitur,
805 1343 949 1415 quia
988 1340 1154 1396 nulla
1206 1356 1477 1412 unquam
1525 1339 1933 1394 conversionis
1992 1338 2178 1410 poeni-

527 1433 709 1490 tentia
757 1431 1074 1488 mollietur.
1108 1430 1143 1495 'f
1173 1431 1252 1484 De
1301 1445 1424 1500 qua
1453 1445 1515 1482 re
1545 1429 1689 1500 quia
1725 1427 2177 1499 insequentibus

531 1522 718 1578 multa
744 1518 1144 1594 prosequeris,
1180 1522 1238 1573 et
1261 1532 1372 1572 nos
1401 1516 1638 1572 interim
1658 1516 1892 1572 favente
1924 1517 2177 1572 Domino

526 1610 913 1681 respiramus.

1155 1697 1378 1752 CAPUT
1416 1697 1548 1750 XVI.

527 1799 613 1853 De
641 1814 706 1853 eo
734 1795 900 1866 quod
928 1795 1102 1850 nulla
1129 1799 1352 1849 natura
1381 1797 1665 1866 naturam
1693 1791 1894 1861 punit,
1931 1797 1982 1848 et
2024 1791 2178 1848 nihil

563 1869 737 1924 aliud
748 1865 870 1923 esse
885 1881 1095 1935 poenas
1110 1870 1512 1934 peccatorum,
1526 1865 1645 1919 nisi
1652 1871 1900 1932 peccata
1918 1879 2140 1920 eorum.

600 1967 808 2022 Sextus
841 1963 1110 2019 decimus
1139 1961 1598 2034 phantasiarum
1631 1965 1870 2016 tuarum
1903 1961 2116 2016 horror
2142 1977 2180 2017 a

526 2054 788 2120 veritate,-
820 2058 1000 2125 atque
1049 2051 1397 2106 auctoritate
1429 2050 1646 2106 Veteris
1693 2055 1749 2105 et
1788 2049 1933 2106 Novi
1981 2053 2176 2106 Testa-

527 2142 712 2199 menti
756 2140 1106 2198 omnimodo
1145 2139 1516 2195 convincitur
1555 2138 1804 2194 alienus.
1839 2139 1924 2195 Ita
1953 2139 2177 2212 quippe

523 2232 685 2288 virus
717 2235 830 2288 tua:
859 2229 1127 2304 perfidiae
1157 2229 1413 2284 cuditur.

1091 2333 1338 2375 JOANNES
1380 2333 1607 2374 SCOTUS.

599 2410 791 2482 (Num.
829 2414 880 2465 1.
910 2408 972 2464 in
1000 2408 1090 2480 T.)
1119 2412 1157 2460 Θ
1190 2409 1274 2463 De
1299 2423 1362 2464 eo
1409 2407 1567 2479 quod
1611 2407 1789 2463 nulla
1815 2412 2043 2464 natura
2073 2423 2178 2464 na-

526 2505 726 2555 turam
767 2499 967 2568 punit,
1001 2503 1057 2554 et
1098 2496 1257 2552 nihil
1286 2497 1460 2552 aliud
1505 2512 1625 2553 esse
1663 2511 1874 2566 poenas
1905 2503 2179 2566 peccato-

524 2602 682 2656 rum,
714 2589 834 2642 nisi
856 2592 1104 2656 peccata
1131 2601 1355 2641 eorum.

1184 2688 1494 2731 CORRECTIO
1505 2715 1517 2728 .

595 2763 816 2831 fQuod
828 2767 981 2820 Deus
993 2763 1202 2836 puniat
1221 2767 1584 2834 peccatores,
1599 2778 1811 2819 omnes
1833 2762 2173 2820 divinorum
2200 2823 2201 2826 η

523 2852 900 2926 eloquiorum
927 2851 1165 2925 paginae
1205 2854 1514 2907 testantur.
1562 2854 1751 2922 Negas
1798 2866 1940 2921 ergo
1985 2855 2173 2909 Deum

523 2956 654 2996 esse
674 2945 957 2996 naturam
979 2939 1082 3013 qui
1103 2939 1293 3011 punit,
1308 2943 1365 2994 et
1379 2937 1624 3010 angelos
1645 2944 1975 3012 apostatas,
1993 2945 2171 3013 atque
2203 2973 2244 3029 ρ

519 3029 796 3086 homines
823 3033 1325 3100 trangressorum,
1359 3044 1512 3100 quos
1541 3029 1731 3100 punit.
1760 3032 1908 3085 Nam
1951 3029 2025 3085 de
2050 3030 2173 3086 dia-

518 3117 661 3174 bolo
689 3133 797 3191 per
824 3118 1184 3190 prophetam
1228 3115 1306 3172 ad
1355 3116 1543 3171 Deum
1591 3115 1806 3172 dicitur
1833 3133 1846 3171 :
1878 3118 2174 3190 Nunquid

519 3221 639 3263 non
690 3213 753 3262 tu
793 3206 1115 3276 percusisti
1172 3205 1512 3275 superbum,
1564 3206 1900 3262 vulnerasti
1957 3207 2170 3263 draco-

519 3310 652 3352 nem
676 3298 704 3350 ?
735 3294 876 3366 (Isa.
901 3311 974 3362 L1,
998 3297 1076 3360 9.)
1098 3296 1164 3350 Et
1189 3295 1329 3349 item
1360 3311 1372 3348 :
1409 3295 1495 3348 Tu
1517 3294 1855 3350 humiliasti
1870 3297 2022 3352 sicut
2044 3297 2173 3352 vul—

517 3389 795 3440 neratum
822 3384 1162 3453 superbum.
1187 3384 1258 3437 In
1278 3383 1520 3439 brachio
1544 3384 1785 3439 virtutis
1807 3389 1924 3440 tua:
1950 3385 2173 3454 disper-

517 3472 650 3526 sisti
677 3471 944 3525 inimicos
976 3475 1107 3524 tuos
1138 3470 1325 3539 (Psal.
1361 3486 1623 3541 Lxxxvm,
1655 3471 1761 3540 ll).
1796 3475 1860 3528 Et
1888 3489 2128 3528 rursum
2155 3490 2167 3527 :

521 3560 607 3612 Tu
639 3558 990 3627 confregisti
1019 3558 1220 3626 capita
1243 3557 1522 3612 draconis
1543 3574 1564 3612 .·
1585 3559 1802 3616 dedisti
1818 3575 1946 3617 eum
1981 3577 2170 3618 escam

510 3647 758 3716 populis
775 3645 1144 3715 zEthiopum
1169 3647 1358 3713 (Psal.
1378 3662 1576 3717 Lxxm,
1606 3647 1712 3718 14).
1736 3648 2010 3705 Peccanti
2030 3666 2172 3708 vero

514 3734 746 3791 homini
774 3734 1001 3790 dictum
1031 3737 1119 3789 est
1157 3734 1360 3806 utique
1387 3750 1423 3790 a
1448 3736 1568 3791 Deo
1601 3752 1614 3791 :
1642 3737 1970 3794 Maledicta
2008 3745 2172 3797 terra

516 3825 580 3880 in
623 3840 798 3895 opere
845 3830 946 3880 tuo
999 3823 1164 3895 (Gen.
1197 3839 1278 3891 ιιι,
1318 3825 1403 3893 17)
1439 3841 1451 3878 :
1485 3824 1625 3881 Cum
1674 3833 1954 3896 operatus
1979 3829 2171 3898 fueris

515 3929 665 3981 eam,
697 3931 818 3970 non
845 3914 1012 3971 dabit
1035 3915 1280 3984 fructus
1305 3929 1440 3970 suos
1473 3915 1636 3984 (Gen.
1664 3932 1742 3986 1v,
1794 3917 1898 3989 12).
1949 3918 2171 3987 Spinas

515 4009 570 4061 et
601 4005 853 4060 tribulos
894 4005 1254 4075 germinabit
1283 4004 1392 4059 tibi
1421 4021 1433 4059 :
1471 4005 1543 4060 In
1586 4007 1802 4063 sudore
1833 4009 2035 4064 vultus
2085 4009 2176 4064 tui

515 4095 776 4153 comedes
800 4109 1020 4163 panem
1050 4100 1217 4149 tuum
1253 4095 1480 4150 cunctis
1508 4095 1712 4152 diebus
1742 4096 1876 4152 vita:
1905 4103 2041 4168 tuae,
2073 4097 2175 4154 do-

515 4199 622 4240 nec
652 4183 974 4239 revertaris
999 4182 1062 4236 in
1094 4187 1317 4238 terram
1349 4182 1422 4237 de
1448 4198 1567 4253 qua
1596 4190 1867 4253 sumptus
1915 4201 1993 4253 es,
2028 4187 2171 4257 quia

512 4273 714 4344 pulvis
740 4287 818 4339 es,
846 4272 977 4328 etin
998 4272 1308 4340 pulverem
1331 4273 1826 4338 reverteris(Gen.
1856 4275 2162 4345 ιιι-,18,19).

512 4363 698 4419 Audis
730 4363 917 4418 Deum
956 4360 1306 4434 punientem
1353 4360 1782 4434 hominemque
1838 4363 2165 4434 punitum?

513 4458 570 4511 et
598 4470 721 4511 non
751 4452 946 4509 solum
986 4451 1317 4521 hominem,
1348 4467 1557 4506 verum
1607 4452 1787 4507 etiam
1835 4456 2055 4508 terram
2099 4453 2162 4510 in

510 4561 756 4618 poenam
805 4542 961 4599 illius
1008 4540 1284 4614 punitam
1310 4541 1338 4596 ?
1380 4544 1438 4596 et
1480 4555 1668 4610 negas
1716 4545 1930 4596 natura
1967 4543 2166 4614 puniri

509 4634 822 4692 naturam!
858 4635 1002 4689 Item
1025 4630 1172 4687 dixit
1196 4630 1485 4686 Dominus
1514 4633 1668 4686 Deus
1689 4631 1767 4687 ad
1790 4636 2168 4704 serpentem:

514 4725 665 4792 Quia
691 4724 894 4795 fecisti
920 4723 1050 4789 hoc,
1082 4720 1438 4777 maledictus
1485 4735 1544 4777 es
1601 4721 1759 4778 inter
1791 4723 1991 4779 omnia
2039 4723 2168 4780 ani-

511 4815 744 4870 mantia
769 4818 822 4869 et
855 4813 1066 4868 bestias
1093 4817 1266 4868 terra:
1289 4827 1313 4868 .·
1339 4811 1538 4880 Super
1555 4817 1763 4880 pectus
1807 4818 1977 4868 tuum
2024 4827 2166 4884 gra-

512 4901 714 4967 dieris,
747 4905 801 4955 et
824 4905 1047 4956 terram
1079 4900 1340 4957 comedes
1367 4901 1597 4956 cunctis
1622 4899 1826 4956 diebus
1856 4903 1994 4958 vitae
2025 4908 2162 4959 tuae.

511 4988 870 5043 Inimicitias
911 5002 1135 5056 ponam
1162 4989 1329 5045 inter
1366 4995 1421 5044 te
1449 4994 1504 5044 et
1531 4990 1862 5062 mulierem,
1890 4997 1944 5046 et
1972 5007 2166 5048 semen

513 5081 681 5132 tuum
703 5080 755 5130 et
779 5089 972 5130 semen
1003 5076 1167 5130 illius
1193 5093 1205 5131 :
1238 5079 1369 5146 ipsa
1396 5083 1655 5134 conteret
1685 5085 1866 5148 caput
1898 5085 2086 5147 tuum,
2112 5086 2169 5137 et

512 5171 578 5222 tu
610 5162 988 5222 insidiaberis
1010 5164 1291 5220 calcaneo
1316 5169 1444 5235 ejus
1478 5167 1640 5237 (Gen.
1673 5183 1753 5235 ιιι,
1790 5168 1898 5239 ll).
1945 5168 2171 5242 Mulieri

509 5268 754 5328 quoque
784 5250 932 5308 dixit
963 5251 1420 5320 :Multiplicabo
1443 5270 1743 5312 aerumnas
1787 5261 1922 5312 tuas
1953 5264 2006 5312 et
2037 5273 2170 5314 con-

511 5351 714 5414 ceptus
742 5349 872 5398 tuos
897 5358 911 5397 :
945 5342 1008 5398 in
1039 5339 1244 5396 dolore
1271 5344 1471 5410 paries
1494 5344 1674 5412 ﬁlios,
1707 5349 1762 5400 et
1784 5345 1893 5399 sub
1924 5346 2045 5401 viri
2066 5362 2169 5416 po-

511 5437 721 5490 testate
749 5433 885 5492 eris,
917 5436 970 5487 et
1018 5431 1143 5498 ipse
1166 5427 1576 5485 dominabitur
1607 5432 1698 5484 tui
1724 5431 1894 5502 (Gen.
1930 5449 2020 5502 ιιι,
2059 5435 2162 5507 16).

513 5521 693 5578 Audis
723 5519 1000 5593 punitum
1033 5515 1336 5588 angelum,
1368 5516 1708 5590 pariterque
1752 5519 2038 5580 feminam
2065 5542 2078 5594 ;
2111 5527 2168 5581 et

509 5610 778 5670 difﬁteris
806 5613 1025 5670 natura
1052 5606 1252 5684 puniri
1282 5607 1594 5666 naturam!

2195 4329 2239 4384 D

2286 353 2631 410 mortalium
2655 354 2890 410 invidiae
2923 353 3157 410 facibus
3189 367 3478 408 accensus
3497 351 3746 408 fratrem
3769 371 3955 412 suum

2285 441 2551 498 occidit?
2575 442 2730 497 Audi
2751 442 3005 515 qualiter
3030 446 3086 497 et
3105 441 3232 513 ipse
3253 440 3501 513 punitus
3525 440 3630 497 sit:
3654 443 3958 516 Dixitque

2285 531 2366 587 ad
2392 547 2522 587 eum
2545 532 2831 587 Dominus
2855 548 2868 586 :
2896 531 3049 599 Quid
3071 530 3311 600 fecisti?
3335 545 3451 586 v0.7:
3470 532 3793 601 sanguinis
3815 533 3954 603 fra-

2289 621 2396 675 tris
2429 620 2521 674 tui
2549 621 2769 676 clamat
2801 620 2882 676 ad
2910 635 3001 676 me
3028 619 3100 676 de
3127 624 3292 676 terra
3325 637 3338 674 :
3367 619 3545 676 Nunc
3574 634 3720 690 ergo
3770 625 3957 680 male-

2285 709 2476 764 dictus
2508 710 2623 764 eris
2653 724 2833 778 super
2861 714 3105 776 terram,
3139 723 3270 779 quae
3299 708 3536 777 aperuit
3577 723 3640 764 os
3689 725 3872 766 suum
3901 720 3954 768 et

2283 798 2539 866 suscepit
2569 798 2878 868 sanginem
2906 799 3125 867 fratris
3156 797 3252 851 tui
3276 797 3348 852 de
3392 811 3577 852 manu
3611 803 3721 854 tua
3741 814 3766 855 .'
3800 800 3952 856 Cum

2283 892 2565 954 operatus
2587 887 2783 955 fueris
2805 901 2956 958 eam,
2971 902 3091 941 non
3113 885 3280 942 dabit
3295 886 3538 954 fructus
3564 901 3733 941 suos:
3760 902 3953 960 vagus

2283 980 2334 1029 et
2361 975 2665 1043 profugus
2697 975 2812 1030 eris
2839 990 3019 1044 super
3065 981 3311 1031 terram.
3359 974 3651 1045 Dixitque
3681 975 3840 1032 Cain
3871 978 3955 1034 ad

2283 1064 2603 1119 Dominum
2629 1080 2642 1118 :
2687 1064 2890 1133 Major
2919 1069 3004 1120 est
3050 1064 3338 1135 iniquitas
3367 1078 3499 1118 mea
3547 1079 3730 1134 quam
3762 1071 3831 1121 ut
3862 1082 3952 1123 ve-

2283 1154 2447 1209 niam
2477 1168 2728 1210 merear.
2757 1154 2911 1209 Ecce
2939 1154 3134 1222 ejicies
3165 1167 3256 1208 me
3287 1152 3462 1209 hodie
3487 1167 3524 1208 a
3551 1153 3713 1222 facie
3742 1160 3947 1225 terra,

2284 1249 2338 1298 et
2361 1257 2395 1298 a
2425 1243 2588 1311 facie
2613 1248 2720 1298 tua
2749 1242 3103 1309 abscondar,
3137 1247 3193 1298 et
3224 1257 3322 1298 ero
3349 1256 3540 1312 vagus
3560 1247 3611 1297 et
3637 1244 3948 1315 profugus

2286 1332 2349 1386 in
2381 1336 2543 1387 terra
2584 1349 2596 1386 :
2626 1332 2813 1387 omnis
2871 1332 3080 1401 igitur,
3108 1331 3214 1402 qui
3248 1331 3544 1387 invenerit
3588 1346 3679 1388 me
3715 1334 3947 1389 occidet

2286 1435 2395 1476 me.
2427 1421 2713 1492 Dixitque
2739 1422 2792 1477 ei
2814 1421 3101 1475 Dominus
3126 1437 3139 1474 :
3160 1421 3559 1491 Nequaquam
3587 1422 3677 1476 ita
3699 1423 3825 1493 ﬁet,
3847 1424 3949 1479 sed

2285 1511 2474 1565 omnis
2528 1511 2633 1581 qui
2671 1509 2954 1566 occiderit
3008 1510 3180 1576 Cain,
3235 1510 3580 1578 septuplum
3627 1512 3944 1579 punietur.

2209 1621 2248 1676 Β
2285 1597 2610 1668 Posuitque
2637 1599 2925 1654 Dominus
2954 1597 3106 1653 Cain
3139 1598 3397 1668 signum.
3429 1604 3496 1652 ut
3528 1614 3650 1654 non
3693 1615 3824 1656 eum
3854 1602 3944 1656 in-

2287 1686 2578 1754 terﬁceret
2609 1687 2798 1742 omnis
2826 1687 2930 1758 qui
2953 1687 3268 1742 invenisset
3296 1701 3428 1742 eum
3447 1687 3615 1756 (Gen.
3639 1704 3717 1751 iv,
3742 1688 3940 1759 10-15).

2285 1773 2430 1829 Item
2456 1791 2468 1829 :
2497 1776 2782 1846 Dixitque
2804 1775 3058 1831 Lamech
3088 1774 3380 1830 uxoribus
3409 1776 3532 1830 suis
3557 1776 3708 1832 Adae
3736 1783 3792 1834 et
3822 1777 3944 1834 Sel-

2289 1864 2361 1918 ιω
2393 1881 2405 1918 :
2439 1864 2660 1920 Audite
2688 1879 2885 1921 vocem
2905 1879 3118 1934 meam,
3145 1879 3363 1920 uxores
3391 1865 3664 1936 Lamech,
3695 1868 3945 1922 auscul-

2289 1957 2410 2008 tate
2455 1968 2780 2009 sermonem
2838 1969 3030 2009 meum
3079 1953 3364 2024 quoniam
3404 1953 3586 2009 occidi
3625 1954 3824 2010 virum
3868 1957 3934 2011 in

2286 2041 2506 2096 vulnus
2531 2057 2744 2112 meum,
2763 2047 2816 2098 et
2838 2042 3346 2098 adolescentulum
3369 2043 3431 2096 in
3455 2042 3690 2098 livorem
3709 2057 3934 2114 meum;

2284 2131 2625 2200 septuplum
2647 2131 2796 2186 ultio
2823 2131 3070 2186 dabitur
3111 2130 3183 2186 de
3209 2129 3384 2200 Cain,
3414 2131 3486 2186 de
3509 2131 3774 2187 Lamech
3802 2147 3941 2189 vero

2283 2220 2617 2290 septuagies
2646 2221 2856 2288 septies
2894 2218 3062 2291 (Gen.
3094 2235 3168 2284 iv,
3200 2218 3291 2287 23,
3321 2220 3435 2290 '24).
3461 2219 3658 2275 Audis
3686 2219 3934 2292 punien-

2284 2309 2395 2379 tes,
2425 2307 2599 2363 audis
2629 2307 2906 2380 punitos;
2941 2311 2999 2364 et
3030 2307 3217 2364 audes
3264 2308 3516 2378 gannire
3562 2313 3791 2366 natura
3825 2325 3938 2366 non

2284 2396 2487 2470 puniri
2513 2400 2793 2452 naturam
2809 2397 2838 2452 ‘I

2357 2488 2474 2542 Aut
2497 2485 2674 2555 igitur
2698 2484 2917 2540 falsum
2947 2487 3036 2540 est
3063 2483 3230 2558 quod
3272 2501 3457 2542 verax
3507 2485 3818 2560 Scriptura
3865 2491 3942 2544 te~

2284 2577 2490 2641 statur,
2523 2578 2580 2630 et
2607 2589 2818 2629 verum
2847 2573 2956 2629 erit
2982 2573 3150 2646 quod
3196 2572 3379 2630 fallax
3425 2573 3588 2631 ﬁctio
3631 2577 3941 2633 commini-

2284 2665 2504 2731 scitur;
2543 2666 2645 2718 aut
2674 2663 2719 2719 si
2750 2662 3093 2719 nullatenus
3142 2663 3293 2720 ratio
3347 2663 3608 2720 admittit
3669 2665 3940 2721 Veritatis

2285 2752 2650 2825 Scripturam
2673 2767 2850 2824 posse
2874 2751 3128 2819 mentiri,
3162 2752 3432 2824 sequitur
3460 2769 3568 2826 per
3592 2755 3802 2810 omnia
3833 2754 3943 2810 fal-

2283 2859 2418 2897 sum
2448 2857 2580 2897 esse
2631 2841 2799 2914 quod
2841 2845 2946 2897 tua
2990 2839 3216 2896 falsitas
3242 2840 3562 2898 adinvenit.
3591 2845 3814 2898 Annon
3847 2848 3948 2899 est

2281 2937 2517 2999 natura,
2549 2931 2649 3004 qui
2682 2931 2824 2987 dicit
2855 2949 2869 2986 :
2901 2931 3118 2988 Delebo
3157 2931 3474 3001 hominem,
3512 2947 3674 3004 quem
3708 2936 3943 3001 creavi,

2281 3038 2318 3078 a
2345 3023 2503 3093 facie
2534 3027 2728 3088 terrae,
2762 3021 2838 3077 ab
2868 3020 3104 3078 homine
3141 3037 3325 3092 usque
3375 3023 3458 3078 ad
3507 3024 3876 3090 animantia,
3909 3040 3946 3080 a

2280 3111 2490 3181 reptili
2513 3125 2699 3182 usque
2725 3110 2806 3165 ad
2859 3110 3128 3166 volucres
3157 3111 3310 3168 coeli.
3340 3112 3600 3168 Paenitet
3649 3113 3813 3168 enim
3855 3128 3947 3169 me

2276 3203 2486 3272 fecisse
2515 3216 2608 3257 eos
2637 3215 2660 3256 .·
2690 3201 2754 3255 Et
2782 3198 2937 3255 infra
2965 3216 2978 3254 :
3010 3200 3180 3256 Finis
3228 3201 3520 3257 universae
3545 3204 3755 3258 carnis
3783 3204 3948 3259 venit

2281 3304 2483 3346 coram
2512 3304 2604 3344 me
2631 3305 2644 3342 :
2679 3289 2908 3357 repleta
2937 3293 3022 3343 est
3054 3293 3219 3346 terra
3244 3290 3561 3360 iniquitate
3590 3305 3628 3346 a
3649 3291 3822 3360 facie
3854 3307 3946 3347 eo-

2279 3396 2434 3446 rum,
2468 3383 2522 3434 et
2544 3393 2648 3449 ego
2679 3377 3022 3447 disperdam
3051 3393 3146 3434 eos
3172 3393 3304 3434 cum
3337 3385 3520 3434 terra.
3551 3381 3620 3434 Et
3645 3395 3901 3437 rursum
3933 3398 3944 3435 :

2276 3470 2427 3525 Ecce
2454 3484 2558 3539 ego
2588 3468 2885 3524 adducam
2915 3467 3130 3524 diluvii
3158 3483 3347 3538 aquas
3374 3483 3555 3538 super
3587 3473 3853 3535 terram,
3887 3476 3948 3525 ut

2279 3559 2634 3626 interﬁciam
2665 3573 2894 3613 omnem
2939 3573 3199 3626 carnem,
3233 3559 3295 3613 in
3344 3574 3463 3630 qua
3501 3560 3758 3627 spiritus
3811 3562 3951 3616 vita:

2280 3652 2361 3704 est
2409 3647 2613 3702 subter
2657 3648 2893 3703 caelum.
2950 3647 3259 3718 Universa,
3302 3663 3432 3719 qua?
3482 3649 3544 3702 in
3576 3653 3750 3705 terra
3779 3656 3948 3713 sunt,

2279 3741 2702 3794 consumentur
2730 3736 2899 3808 (Gen.
2931 3752 3006 3799 v1,
3029 3743 3082 3805 7,
3120 3741 3204 3806 13,
3243 3742 3349 3804 17).
3381 3739 3447 3793 Et
3470 3737 3730 3794 iterum:
3767 3740 3950 3796 Cum-

2278 3841 2391 3898 que
2419 3827 2770 3882 transissent
2793 3831 3010 3896 septem
3040 3825 3183 3894 dies,
3216 3841 3389 3897 aqua?
3411 3826 3633 3883 diluvii
3677 3829 3949 3886 inunda-

2278 3921 2492 3972 verunt
2514 3930 2694 3985 super
2721 3921 2944 3972 terram
2971 3931 2992 3970 .·
3020 3916 3322 3988 Ruptique
3348 3922 3489 3972 sunt
3516 3931 3722 3974 omnes
3740 3919 3946 3988 fontes

2279 4005 2480 4076 abyssi
2514 4020 2769 4075 magnae,
2800 4010 2852 4060 et
2883 4009 3208 4063 cataractae
3245 4006 3385 4062 caeli
3427 4011 3654 4075 aperta
3683 4014 3860 4076 sunt,
3892 4013 3944 4065 et

2274 4096 2609 4166 factwsunt
2622 4095 2848 4163 pluvia?
2858 4109 3037 4164 super
3052 4099 3275 4151 terram
3298 4096 3712 4167 quadraginta
3729 4098 3945 4154 diebus

2279 4190 2334 4241 et
2363 4185 2770 4255 quadraginta
2795 4184 3063 4243 noctibus
3089 4185 3256 4251 (Gen.
3281 4201 3385 4250 vn,
3411 4189 3496 4247 10,
3524 4190 3609 4256 11,
3633 4185 3743 4250 l2).
3765 4190 3836 4243 Et
3859 4189 3945 4243 in-

2276 4274 2414 4331 fra:
2478 4273 2818 4340 Quindecim
2862 4274 3074 4330 cubitis
3129 4276 3316 4332 altior
3357 4276 3479 4345 fuit
3533 4291 3697 4348 aqua
3753 4293 3947 4348 super

2277 4367 2524 4429 montes,
2546 4377 2690 4432 quos
2716 4369 3053 4432 operuerat.
3081 4363 3445 4435 Consumpta
3467 4370 3550 4422 est
3576 4368 3772 4422 omnis
3793 4383 3945 4424 caro

2277 4467 2410 4525 qua?
2429 4451 2780 4507 movebatur
2805 4466 2988 4520 super
3011 4458 3256 4516 terram,
3288 4455 3620 4522 volucrum,
3647 4457 3944 4513 animan-

2277 4543 2446 4612 tium,
2475 4540 2816 4610 bestiarum,
2847 4542 3227 4614 omniumque
3267 4544 3598 4613 reptilium,
3631 4559 3767 4615 quae
3798 4562 3946 4616 rep-

2277 4637 2408 4689 tant
2435 4645 2614 4701 super
2629 4635 2875 4700 terram,
2905 4632 3174 4688 universi
3196 4633 3481 4703 homines,
3512 4639 3566 4690 et
3615 4640 3838 4690 cuncta
3872 4637 3944 4690 in

2275 4722 2488 4793 quibus
2518 4720 2892 4790 spiraculum
2923 4722 3060 4778 vitae
3084 4727 3188 4786 est,
3213 4723 3275 4778 in
3300 4728 3464 4779 terra
3501 4727 3732 4780 mortua
3758 4729 3944 4779 sunt.

2273 4811 2355 4867 Et
2383 4811 2599 4867 delevit
2616 4824 2844 4866 omnem
2872 4810 3265 4867 substantiam
3288 4827 3418 4883 quae
3446 4817 3578 4868 erat
3604 4827 3782 4882 super
3818 4819 3946 4870 ter-

2276 4916 2430 4969 ram,
2453 4899 2527 4956 ab
2559 4899 2792 4956 homine
2814 4915 2997 4971 usque
3020 4900 3102 4956 ad
3122 4916 3326 4971 pecus,
3359 4907 3481 4958 tam
3511 4904 3731 4974 reptile
3753 4919 3947 4975 quam

2276 4991 2546 5046 volucres
2568 4989 2740 5059 caeli;
2757 4994 2810 5045 et
2857 4989 3054 5045 deleta
3073 4995 3212 5045 sunt
3245 4991 3316 5047 de
3342 4995 3507 5048 terra
3536 4991 3706 5062 (Cen.
3732 4997 3945 5062 “1,20,

2275 5077 2365 5145 21,
2392 5080 2481 5144 22,
2513 5077 2624 5148 23).
2655 5076 2809 5140 Quid
2827 5077 3200 5135 manifestius
3231 5083 3335 5136 aut
3359 5079 3576 5137 certius
3597 5081 3901 5154 quaeritur
3919 5083 3948 5136 ‘I

2277 5168 2432 5222 Deus
2451 5164 2657 5237 utique
2677 5169 2895 5222 natura
2911 5172 2997 5223 est
3012 5167 3384 5241 incorporea,
3399 5169 3945 5243 incommutabilis,

2277 5255 2681 5328 omnipotens,
2703 5256 3085 5329 sempiterna,
3110 5259 3361 5314 creatrix
3381 5258 3637 5315 aliarum
3658 5261 3948 5317 omnium

2275 5350 2650 5413 naturarum,
2694 5346 3096 5419 corporalium
3135 5351 3313 5422 atque
3352 5349 3862 5423 incorporalium,
3893 5355 3949 5406 et

2275 5435 2680 5494 mutabilium.
2721 5437 2865 5492 Ecce
2907 5452 3093 5493 verax
3137 5438 3441 5511 Scriptura
3491 5441 3683 5495 Deum
3717 5440 3950 5497 clamat

2274 5524 2562 5581 delevissc
2580 5530 2880 5582 creaturas
2895 5525 3235 5597 hominum,
3250 5527 3583 5598 volucrum,
3601 5528 3948 5586 bestiarum

2275 5617 2455 5688 atque
2473 5614 2796 5689 reptilium,
2810 5632 2947 5691 quae
2966 5617 3111 5692 quia
3129 5618 3366 5677 mentiri
3381 5635 3699 5694 nunquam
3713 5623 3950 5694 potest,
