4128 6200
250 169 382 225 1225

1162 169 1251 222 DE
1288 162 1956 223 PREDESTINATIONE
1994 165 2270 221 CONTRA
2306 163 2358 218 J.
2408 162 2703 220 SCOTUM.

3532 164 3670 224 1226

244 289 573 348 certissime
625 305 738 346 nos
786 289 958 346 docet
1005 288 1263 353 credere,
1298 294 1355 346 et
1398 289 1582 346 libere
1627 288 1896 345 confiteri
1929 291 1974 343 A
2016 288 2242 344 thaaum
2264 288 2430 360 (Cap.
2457 303 2544 355 xx,
2569 286 2679 358 28.)
2702 287 2784 343 ita
2807 285 3445 359 edissex-it.[Duplicem
3468 290 3670 344 autem

242 385 543 442 naturam,
575 378 787 451 punire
817 385 1115 435 naturam.

315 471 457 536 Quae
493 473 695 523 tamen
732 467 961 540 punitio
1008 466 1070 522 in
1109 467 1478 541 quibusdam
1512 468 1900 525 abolitionem

243 555 683 618 omnimodam,
715 555 774 609 in
821 554 1188 626 quibusdam
1235 559 1664 629 temporariam
1693 573 1903 629 opera-

243 651 353 702 tur.
388 648 536 700 Nam
585 642 917 699 animantia
959 643 1206 699 rationis
1256 645 1520 716 expertia
1552 644 1900 700 omnimode

243 733 518 792 consumi
572 731 723 787 ratio
773 735 831 787 et
875 733 1196 788 auctoritas
1244 733 1549 802 indicant;
1581 733 1902 788 rationales

242 840 379 880 vero
406 825 712 878 creaturas
743 835 865 876 non
895 820 1220 888 omimode,
1252 821 1333 878 ita
1362 826 1427 877 ut
1455 837 1577 878 non
1604 821 1756 877 sint:
1800 837 1901 877 ve—

243 930 378 969 rum
409 912 492 967 ita
516 916 581 967 ut
603 910 761 981 juste
788 926 856 965 ac
883 926 1148 980 congrue
1174 927 1286 982 pro
1312 911 1509 967 modis
1531 911 1644 966 sibi
1664 927 1903 984 compe-

249 1002 506 1058 tentibus
549 998 836 1054 ordinatae
865 1003 1044 1071 atque
1071 1000 1352 1071 judicatus
1384 999 1500 1055 sint
1528 1000 1772 1072 quidem
1797 1015 1905 1072 per

247 1088 664 1151 substantiam,
730 1086 838 1143 sed
893 1103 1018 1143 non
1080 1088 1196 1144 sint
1245 1105 1353 1160 per
1402 1089 1899 1152 misericordiam,

244 1195 449 1252 quam,
477 1177 539 1232 in
566 1176 760 1248 prenis
786 1176 1010 1232 meritis
1037 1178 1395 1244 constitutae,
1424 1193 1742 1249 nunquam
1765 1193 1906 1233 con-

247 1267 415 1342 sequi
443 1265 850 1323 merebuntur.
881 1268 1103 1337 Nempe
1134 1268 1330 1336 ignem
1364 1273 1417 1322 et
1463 1267 1724 1335 sulphur
1744 1267 1902 1336 pluit

244 1358 531 1414 Dominus
587 1370 624 1411 a
672 1356 946 1425 Domino,
1007 1361 1062 1411 et
1123 1358 1485 1425 consumpsit
1535 1356 1798 1412 homines
1851 1361 1907 1411 et

245 1447 445 1504 omnia
468 1460 597 1518 qua?
617 1445 868 1514 fuerant
899 1446 962 1500 in
994 1447 1313 1515 Pentapoli
1337 1445 1507 1513 (Gen.
1539 1462 1659 1516 xxx,
1692 1445 1816 1516 24);
1844 1445 1906 1499 in

245 1540 330 1592 tot
374 1534 568 1608 plagis
617 1549 654 1589 a
697 1533 952 1589 Domino
1000 1533 1059 1589 in
1107 1535 1420 1607 rEgyptios
1447 1534 1642 1602 illatis,
1671 1549 1908 1606 semper

2012 392 2141 433 esse
2174 379 2514 448 gehennam
2561 375 2732 432 nimii
2769 375 2923 446 ignis
2955 380 3012 432 et
3041 374 3278 446 frigoris
3306 376 3368 430 in
3415 376 3525 432 Job
3553 377 3676 449 ple-

2006 465 2257 522 nissime
2286 466 2563 538 legimus.
2597 466 2639 535 νι-
2679 464 2836 521 Beda
2863 465 2925 521 in
2959 463 3328 536 expositione
3357 464 3675 522 Parabola-

2004 570 2142 610 rum
2192 554 2528 611 Salomonis
2563 552 2685 624 (lib.
2719 569 2806 616 xxx,
2838 569 2974 626 cap.
3003 553 3063 610 31
3113 553 3176 609 in
3227 553 3490 623 medio):
3538 554 3674 612 Non

2009 643 2234 699 timebit
2264 644 2470 699 domui
2495 657 2621 699 sua?
2651 657 2688 698 a
2712 643 3048 713 frigoribus
3071 643 3224 698 nivis
3250 659 3262 697 :
3288 647 3542 715 possunt
3572 659 3678 702 au-

2009 735 2128 786 tem
2159 731 2381 801 frigora
2409 730 2559 786 nivis
2606 733 2787 786 etiam
2816 735 3113 788 tormenta
3152 736 3376 788 aeterna
3406 731 3671 802 intelligi,

2008 837 2146 892 quae
2169 821 2306 891 igne
2347 824 2404 877 et
2435 820 2652 892 frigore
2683 820 2857 877 mista
2889 837 3018 877 esse
3047 820 3324 894 legimus.
3360 823 3507 878 Cum
3534 821 3680 878 dici-

2011 912 2144 966 tur:
2173 911 2271 966 Ibi
2291 912 2467 982 ﬂetus
2499 917 2555 967 et
2583 912 2809 967 stridor
2837 911 3105 968 dentium
3145 910 3383 982 (Matth.
3413 927 3534 981 V111,
3571 911 3676 992 12),

2011 997 2217 1054 ﬂetum
2263 1000 2488 1072 quippe
2547 1000 2756 1064 oculis,
2784 1000 2939 1069 ignis
2985 1005 3040 1057 et
3089 1000 3311 1068 fumus,
3361 1001 3676 1057 stridorem

2014 1103 2157 1143 vero
2187 1088 2468 1144 dentibus
2500 1088 2648 1145 solet
2675 1088 2863 1158 frigus
2895 1089 3158 1158 gignere.
3183 1089 3348 1145 Unde
3379 1094 3436 1146 et
3462 1089 3675 1146 beatus

2009 1177 2122 1233 Job
2155 1177 2229 1234 de
2268 1178 2464 1250 poenis
2511 1177 2908 1251 reproborum
2955 1177 3208 1251 loquens
3253 1180 3532 1236 aeternis:
3581 1179 3680 1236 Ad

2013 1267 2294 1333 calorem,
2341 1267 2552 1340 inquit,
2586 1268 2836 1323 nimium
2883 1273 3196 1325 transeant
3243 1269 3318 1324 ab
3367 1271 3537 1340 aquis
3589 1270 3679 1325 ni-

2014 1356 2173 1410 vium
2199 1355 2345 1425 (Job.
2370 1372 2536 1420 xxxv,
2560 1355 2689 1423 19).]
2716 1357 2814 1412 Sin
2844 1373 2986 1414 vero
3013 1357 3226 1414 eadem
3244 1357 3468 1431 duplex
3491 1373 3675 1430 poena

2011 1458 2135 1498 non
2165 1443 2244 1499 ad
2293 1442 2594 1516 duplicem
2625 1445 3029 1501 substantiam
3064 1461 3237 1518 aqum
3269 1452 3326 1502 et
3352 1446 3532 1517 ignis,
3567 1445 3676 1502 sed

2014 1531 2092 1587 ad
2118 1547 2324 1595 unam,
2354 1531 2626 1588 videlicet
2651 1532 2806 1602 ignis
2833 1533 3144 1591 referenda
3184 1535 3383 1606 potius
3411 1535 3676 1589 aestima-

248 1625 534 1681 Dominus
573 1623 788 1692 facere,
823 1627 880 1678 et
923 1627 1206 1679 creaturae
1259 1623 1490 1679 Domini
1536 1622 1905 1679 voluntatem
1943 1643 1981 1696 Β
2015 1624 2128 1687 tur,
2160 1624 2372 1691 potest,
2403 1621 2738 1677 secundum
2767 1622 3103 1696 Philippum
3125 1622 3550 1696 presbyterum
3575 1638 3677 1678 cx-

247 1716 642 1786 exsequentes
671 1711 1056 1768 inducuntur.
1090 1715 1240 1768 Num
1272 1717 1440 1769 erant
1467 1716 1695 1768 naturae
1724 1711 1908 1766 maris

250 1801 432 1859 Rubri
479 1802 722 1869 ﬂuenta,
755 1818 891 1873 quae
923 1802 1298 1857 Pharaonem
1330 1806 1386 1858 et
1421 1801 1550 1872 ejus
1583 1801 1908 1857 exercitum

251 1891 672 1948 interfecerunt
710 1891 917 1962 (Exod.
951 1907 1068 1960 xxv,
1098 1893 1187 1957 28)
1211 1891 1238 1946 ?
1289 1894 1418 1947 Non
1464 1893 1632 1946 erant
1680 1894 1908 1945 naturae

246 1981 404 2052 ignis
433 1981 494 2036 in
520 1996 722 2036 eremo
763 1985 1090 2052 serpentes,
1123 1984 1179 2036 et
1221 1980 1666 2048 exterminator,
1695 1979 1795 2050 qui
1826 1981 1912 2034 tot

247 2071 568 2127 hominum
589 2068 776 2124 millia
799 2071 1224 2142 peremerunt?
1255 2070 1455 2139 (Num.
1484 2086 1597 2138 xxx,
1626 2072 1678 2137 6,
1703 2075 1732 2123 7
1757 2068 1910 2140 seq.)

253 2159 366 2218 Sed
395 2159 542 2232 quid
567 2159 643 2214 de
677 2159 993 2231 Scripturis
1032 2162 1198 2214 tanta
1228 2158 1470 2229 congeri
1499 2174 1746 2214 necesse
1775 2163 1863 2213 est
1883 2159 1910 2213 ?

251 2265 393 2305 cum
422 2248 580 2304 facta
610 2247 963 2320 quotidiana
981 2263 1092 2303 nos
1116 2247 1374 2304 doceant
1397 2263 1715 2320 nunquam
1741 2251 1912 2302 natu-

248 2353 385 2393 ram
411 2337 529 2392 nisi
555 2341 776 2392 natura
803 2335 1022 2408 puniri.
1057 2340 1170 2391 Aut
1195 2335 1354 2391 enim
1386 2336 1513 2407 ipse
1538 2338 1774 2392 Creator
1802 2351 1912 2390 na-

247 2432 519 2484 turarum
546 2425 798 2482 rebelles
829 2425 942 2481 sibi
993 2430 1171 2497 atque
1211 2424 1620 2480 inobedientes
1667 2429 1912 2481 naturas

245 2515 573 2572 rationales
623 2520 774 2570 nutu
822 2513 1409 2586 omnipotentissimo
1456 2514 1629 2586 punit
1664 2518 1766 2569 aut
1804 2513 1914 2569 ali-

250 2605 500 2677 quando
538 2603 881 2670 manifesto,
923 2602 1251 2675 aliquando
1296 2602 1552 2665 occulto,
1596 2619 1912 2675 nunquam

259 2700 466 2750 tamen
509 2693 726 2764 injusto
754 2692 980 2763 judicio
1018 2696 1265 2748 naturas
1315 2697 1546 2748 creatas
1597 2709 1633 2748 a
1684 2693 1913 2749 naturis

264 2783 478 2839 creatis
512 2782 709 2855 puniri
733 2781 906 2853 jubet
940 2781 1035 2836 vel
1067 2781 1225 2836 sinit.

332 2871 612 2942 Nunquid
639 2872 821 2926 homo
850 2869 1158 2925 hominem
1189 2868 1568 2937 interﬁciens,
1592 2873 1697 2926 aut
1723 2870 1914 2926 bestia

2012 1709 2388 1782 planatorem
2424 1709 2581 1766 beati
2611 1710 2744 1780 Job,
2774 1715 2830 1766 et
2869 1711 2952 1768 ita
2995 1711 3260 1780 intelligi,
3292 1712 3397 1783 qui
3436 1711 3513 1768 de
3552 1728 3676 1768 me-

2013 1798 2259 1854 moratis
2288 1798 2449 1854 beati
2489 1798 2599 1854 Job
2641 1799 2838 1854 verbis
2889 1800 2972 1856 ita
3017 1799 3252 1856 locutus
3293 1805 3380 1856 est
3421 1801 3508 1871 (in
3544 1801 3677 1870 Job,

2012 1887 2115 1943 lib.
2144 1905 2204 1959 xx,
2229 1872 2277 1942 ὁ.
2308 1891 2398 1957 24,
2429 1888 2544 1944 sub
2573 1888 2802 1959 ﬁnem).

2088 1976 2289 2051 [Quasi
2302 1978 2458 2034 duas
2481 1979 2788 2048 gehennas
2817 1982 3057 2035 sanctus
3086 1980 3195 2036 Job
3224 1979 3420 2050 dicere
3443 1979 3681 2037 videtur

2015 2066 2170 2135 ignis
2203 2072 2259 2123 et
2286 2067 2540 2138 frigoris,
2573 2083 2680 2140 per
2725 2085 2880 2141 quas
2927 2068 3228 2141 diabolus,
3269 2069 3580 2126 haereticus
3621 2075 3678 2126 et

2016 2156 2202 2212 homo
2222 2156 2878 2229 ixnpiuscommxxtetur,
2894 2174 3033 2214 cum
3059 2159 3120 2214 in
3142 2157 3467 2228 Evangelio
3489 2159 3682 2232 dupli-

2018 2246 2100 2300 cis
2149 2245 2331 2315 hujus
2361 2262 2558 2318 13031183
2603 2246 2717 2303 sibi
2761 2247 3066 2303 dissimilis
3112 2247 3526 2304 auctoritatem
3557 2263 3682 2304 non

2015 2334 2376 2392 habeamus.
2407 2338 2644 2393 Certum
2675 2336 2924 2409 quidem
2973 2341 3062 2392 est
3089 2353 3213 2393 non
3263 2337 3464 2393 minus
3494 2353 3683 2410 quam

2017 2425 2080 2480 in
2110 2424 2246 2493 igne
2275 2441 2403 2480 esse
2435 2425 2768 2482 adustionis
2798 2426 2859 2481 in
2884 2425 3101 2496 frigore
3127 2445 3140 2496 ;
3189 2425 3296 2482 sed
3325 2427 3374 2482 si
3403 2427 3683 2498 gehenna

2021 2513 2442 2570 tantummodo
2471 2514 2628 2584 ignis
2660 2518 2771 2580 est,
2802 2515 2949 2570 forte
2997 2514 3058 2570 in
3113 2514 3245 2587 ipsa
3292 2515 3425 2571 talis
3465 2531 3682 2571 sensus

2020 2601 2394 2657 cruciatuum
2438 2602 2541 2659 ﬁet
2593 2602 2706 2657 illis
2743 2602 2847 2674 qui
2898 2603 2960 2657 in
3013 2618 3084 2659 ea
3131 2603 3585 2675 torquebuntur,
3618 2606 3687 2659 ut

2019 2706 2181 2746 nunc
2210 2691 2386 2763 quasi
2421 2691 2625 2760 ignem
2670 2691 2980 2747 ardentem
3012 2691 3289 2760 sentiant,
3321 2707 3482 2748 nunc
3514 2691 3686 2747 nimii

2020 2780 2241 2851 algoris
2291 2781 2673 2849 incendium;
2707 2785 2761 2837 et
2797 2781 3052 2853 pcenalis
3083 2784 3499 2852 commutatio,
3521 2797 3684 2838 nunc

2019 2869 2206 2938 frigus
2257 2869 2670 2939 sentientibus,
2700 2885 2860 2924 nunc
2901 2869 3184 2934 calorem,
3217 2870 3390 2941 quasi
3432 2869 3506 2924 de
3549 2870 3684 2926 loco

253 2957 537 3021 bestiam,
565 2957 659 3012 vel
687 2958 810 3013 avis
841 2974 1035 3020 avem,
1071 2974 1174 3013 seu
1228 2958 1384 3028 ignis
1433 2957 1615 3027 ligna,
1650 2958 1773 3014 sive
1806 2958 1914 3014 fer-
1952 2992 1992 3046 Ο
2020 2959 2099 3014 a«l
2141 2958 2343 3014 locum
2406 2958 2591 3014 alium
2655 2957 2939 3013 transitus
3003 2958 3346 3013 aestimetur.
3415 2960 3482 3013 Et
3542 2958 3684 3016 inde

252 3046 723 3118 ruxn,quzelibet
770 3046 1100 3102 animantia
1146 3063 1271 3103 non
1322 3051 1462 3102 sunt
1508 3053 1758 3110 naturas,
1801 3064 1913 3120 pu-

254 3136 480 3192 nientia
525 3142 581 3192 et
628 3136 892 3208 punita?
944 3136 1250 3208 Siquidem
1296 3151 1550 3204 veneno,
1582 3135 1794 3191 boletis
1824 3136 1914 3190 ni-

257 3225 498 3297 miaque
527 3224 937 3297 quorumlibet
963 3225 1236 3280 ciborum
1265 3225 1578 3292 edacitate,
1614 3229 1915 3297 potusque

259 3312 544 3384 superﬂui
575 3313 880 3379 ebrietate,
912 3313 1133 3368 multos
1163 3313 1376 3385 perimi
1405 3317 1461 3368 et
1489 3312 1828 3369 audivimus
1860 3317 1916 3370 et

256 3403 566 3460 dolemus:
599 3405 675 3460 de
719 3419 844 3476 qua
871 3420 934 3459 re
966 3404 1132 3459 nulla
1160 3404 1311 3460 inter
1348 3404 1672 3460 catholicos
1703 3409 1916 3461 tracta-

259 3498 417 3550 tores
441 3510 714 3567 unquam
737 3493 1115 3549 dissonantia
1142 3493 1270 3549 fuit.

327 3582 478 3638 Illud
510 3600 650 3639 vero
683 3582 848 3656 quod
898 3582 1072 3638 addis
1116 3589 1497 3653 peccatorum
1520 3599 1731 3653 pwnas
1757 3583 1917 3640 nihil

250 3688 379 3730 esse
407 3673 582 3728 aliud
632 3689 811 3744 quam
848 3678 1102 3742 peccata
1141 3687 1363 3728 eorum.
1409 3673 1723 3738 Quomodo
1753 3689 1915 3728 nunc

248 3766 504 3834 peccata
532 3778 745 3834 pmnas
792 3767 1174 3834 peccatorum
1207 3761 1504 3829 enuntias,
1536 3779 1668 3834 quae
1721 3763 1917 3819 hacte-

249 3869 374 3908 nus
404 3852 552 3907 nihil
589 3867 721 3907 esse
772 3851 1129 3907 conﬁrmare
1172 3851 1414 3909 molitus
1441 3852 1552 3908 es?
1600 3850 1916 3917 Quomodo

248 3944 525 4014 peccata,
547 3956 685 4014 quae
711 3940 858 3996 nihil
879 3944 1038 4008 sunt,
1060 3954 1256 4011 paenae
1282 3943 1559 4012 poterunt
1580 3955 1733 4010 esse,
1756 3955 1913 4011 quae,

251 4029 596 4086 secundum
625 4035 700 4100 te,
725 4028 992 4085 similiter
1017 4027 1164 4083 nihil
1191 4028 1376 4083 sunt?
1405 4027 1518 4083 Sed
1539 4028 1681 4100 quia
1701 4043 1917 4102 poenas

250 4118 406 4174 nihil
437 4118 601 4174 aliud
645 4134 834 4190 quam
883 4116 1309 4174 conscientiam
1339 4121 1725 4189 peccatorum
1746 4117 1918 4188 juxta

250 4208 596 4278 Origenem,
623 4206 720 4263 vel
745 4206 1077 4263 secundum
1109 4210 1164 4261 te
1197 4205 1392 4261 solum
1419 4205 1754 4262 absentiam
1772 4205 1916 4262 bea-

250 4295 524 4352 titudinis
554 4295 644 4351 vis
687 4294 952 4366 intelligi,
985 4299 1042 4350 et
1070 4293 1132 4349 in
1171 4294 1560 4367 sequentibus
1601 4294 1916 4367 loquacius

246 4385 381 4441 imo
426 4384 698 4441 fallacius
753 4400 825 4440 ea
872 4383 1236 4457 exsequeris,
1280 4383 1427 4441 locis
1485 4384 1611 4441 suis
1664 4383 1916 4456 (Christo

248 4473 536 4548 propitio)
584 4475 660 4531 de
708 4473 959 4545 singulis
1006 4474 1344 4531 videamus.
1397 4474 1672 4547 Sequeris
1717 4473 1916 4545 igitur,

257 4568 324 4621 et
355 4563 526 4620 dicis.

833 4651 1078 4694 JOANNBS
1123 4649 1326 4692 SCOTUS
1337 4675 1350 4690 .

333 4742 496 4816 (Cap.
532 4748 620 4810 l6,
651 4759 820 4800 num.
853 4745 910 4807 2,
949 4745 1092 4797 secl.
1125 4740 1201 4814 l.)
1254 4744 1293 4793 Θ
1333 4740 1404 4796 In
1451 4755 1670 4811 magno
1717 4743 1920 4813 itaque

252 4835 475 4890 ceterni
498 4833 656 4904 ignis
703 4831 923 4888 ardore
951 4830 1108 4886 nihil
1155 4828 1328 4886 aliud
1367 4829 1443 4885 sit
1467 4831 1726 4900 paenulis
1755 4832 1920 4888 mise-

253 4922 379 4992 ria,
408 4937 588 4994 quam
621 4921 805 4978 beata
830 4919 1144 4990 felicitatis
1169 4917 1455 4976 absentia.

935 5095 1256 5138 CORBEC‘IIO.

331 5190 375 5260 σι·
398 5191 502 5245 Ast
523 5187 844 5246 orthodoxi
867 5190 1216 5244 tractatores
1238 5203 1361 5245 non
1383 5189 1580 5245 solum
1595 5189 1778 5248 aliam
1798 5207 1923 5263 pce-

251 5294 430 5346 nam,
454 5293 667 5334 verum
688 5277 870 5334 etiam
897 5277 1199 5351 duplicem
1214 5293 1346 5334 esse
1364 5293 1610 5350 poenam
1632 5279 1922 5348 gehennae

252 5366 527 5426 sentiunt
550 5366 900 5424 auctoritate
921 5369 1139 5423 sanctae
1157 5366 1492 5439 Scripturae,
1515 5380 1637 5438 qua
1653 5381 1760 5439 per
1780 5365 1922 5422 bea-

255 5462 397 5514 tum
425 5456 536 5514 Job
567 5456 821 5514 dicitur:
852 5455 952 5512 Ad
981 5456 1228 5512 nimium
1259 5457 1520 5513 calorem
1551 5459 1819 5514 transeat
1849 5457 1924 5513 ab

251 5545 438 5616 aquis
464 5547 695 5603 nivium
727 5545 877 5618 (Job.
909 5561 1070 5615 xxxv,
1097 5546 1202 5615 19).
1234 5545 1502 5610 Quorum
1534 5549 1778 5602 sanctus
1800 5547 1923 5604 Hie-

251 5650 562 5708 ronymus
585 5635 648 5691 in
678 5634 1046 5708 expositione
1074 5633 1380 5709 Evangelii
1409 5633 1743 5694 secundum
1783 5640 1922 5694 Mat-

626 5724 871 5780 ΡΑτιιοι..
928 5721 1089 5779 CXV.

2020 3047 2286 3103 fortassis
2307 3047 2461 3103 illud
2486 3047 2558 3102 sit
2586 3047 2753 3120 quod
2787 3046 3073 3102 Dominus
3104 3046 3184 3103 ait
3212 3047 3274 3103 in
3322 3046 3679 3116 Evangelia:

2019 3139 2240 3193 Mittite
2277 3138 2452 3192 illum
2497 3138 2559 3192 in
2588 3136 2858 3193 tenebras
2903 3137 3248 3204 exteriores,
3277 3137 3406 3192 illic
3435 3137 3548 3193 erit
3584 3138 3686 3207 ﬂe-

2021 3231 2114 3282 tus
2154 3231 2207 3282 et
2253 3225 2479 3281 stridor
2529 3226 2793 3281 dentium
2846 3226 3083 3297 (Matth.
3128 3241 3262 3292 xxxx,
3299 3225 3420 3297 t3);
3470 3228 3537 3280 ut
3586 3224 3685 3281 hic

2021 3317 2251 3372 stridor
2303 3317 2569 3373 dentium
2614 3315 2689 3372 de
2751 3315 2948 3386 rigore
3005 3314 3238 3386 frigoris
3297 3314 3540 3371 oriatur.
3572 3314 3687 3372 Ubi

2021 3411 2078 3463 et
2125 3406 2574 3462 similitudinem
2630 3406 2966 3479 quamdam
3026 3421 3102 3462 ex
3151 3404 3371 3465 nostris
3422 3405 3687 3478 corpori-

2019 3495 2136 3552 bus
2161 3496 2538 3569 aliquatenus
2566 3511 2891 3568 possumus
2920 3493 3209 3558 invenire,
3241 3493 3303 3550 in
3335 3494 3579 3568 quibus,
3611 3509 3685 3550 ex

2021 3584 2172 3640 fellis
2215 3585 2330 3640 ruﬁ
2373 3583 2767 3653 abundantia,
2804 3583 2972 3656 quod
3019 3587 3111 3640 est
3157 3581 3596 3640 calidissimum
3621 3581 3686 3638 in

2025 3674 2238 3746 topicis
2268 3674 2520 3740 morbis,
2552 3672 2942 3732 intolerabilis
2989 3672 3151 3742 rigor
3175 3672 3457 3744 praecedit
3481 3673 3685 3744 ignem

2021 3763 2172 3820 febri
2201 3762 2630 3819 ardentissima
2658 3766 3024 3818 secuturum.
3049 3764 3117 3819 Et
3139 3760 3421 3821 dicuntur
3442 3777 3479 3821 a
3495 3761 3684 3817 medi-

2023 3852 2106 3907 cis
2130 3853 2259 3907 haec
2303 3851 2426 3907 duo
2467 3866 2603 3922 quax
2652 3848 2765 3904 sibi
2795 3848 3096 3909 contraria
3123 3847 3579 3918 dignoscuntur,
3611 3863 3687 3904 ex

2023 3957 2146 3997 una
2174 3939 2324 3996 fellis
2353 3939 2606 3997 materia
2647 3937 2710 3996 in
2755 3937 3002 3994 homine
3029 3937 3377 4011 procreari]
3405 3939 3447 4008 -ξ-
3467 3937 3683 3995 Beatus

2025 4028 2340 4099 Gregorius
2370 4027 2433 4083 in
2465 4025 2846 4099 Expositione
2869 4025 3004 4095 Job,
3031 4025 3134 4083 lib.
3165 4043 3264 4084 xxx.

2095 4120 2197 4192 [Et
2227 4119 2385 4190 ignis
2415 4117 2722 4174 devorabit
2749 4117 3146 4174 tabernacula
3185 4133 3387 4176 eorum
3413 4118 3519 4192 qui
3552 4133 3684 4175 mu-

2023 4225 2173 4266 nera
2207 4209 2462 4265 libenter
2498 4207 2803 4277 accipiunt
2830 4207 2983 4276 (Job.
3013 4223 3111 4271 xv,
3140 4209 3231 4277 34)
3256 4223 3270 4262 :
3303 4208 3396 4263 sin
3419 4223 3560 4266 vero
3586 4223 3684 4266 θοι

2022 4314 2159 4354 rum
2209 4295 2600 4354 tabernacula
2656 4311 2911 4369 corpora
2956 4295 3250 4352 debemus
3306 4296 3575 4370 accipere
3620 4297 3685 4354 in

2022 4386 2247 4460 quibus
2292 4385 2532 4442 illorum
2581 4384 2798 4442 anima:
2842 4384 3139 4450 habitant,
3170 4384 3326 4456 ignis
3364 4401 3575 4442 eorum
3603 4390 3687 4443 ta-

2020 4474 2350 4532 bernacula
2380 4472 2664 4530 devorat:
2697 4473 2842 4546 quia
2871 4473 2978 4546 qui
3019 4473 3115 4530 hic
3144 4473 3206 4529 in
3245 4478 3443 4529 mente
3472 4473 3687 4530 ardent

2022 4565 2162 4634 igne
2186 4562 2474 4627 avaritiae,
2503 4561 2619 4617 illic
2663 4563 2847 4618 etiam
2889 4563 2952 4618 in
3002 4577 3182 4619 carne
3226 4566 3688 4619 concrementur

2024 4653 2266 4722 ignibus
2297 4650 2630 4726 gehennae]
2663 4653 2705 4722 -ι-
2738 4651 2902 4707 Idem
2950 4651 3013 4708 in
3055 4651 3209 4708 libro
3239 4667 3338 4708 xvx
3369 4655 3524 4725 (cap.
3551 4652 3641 4724 26)
3667 4669 3682 4709 :

2026 4742 2258 4813 [Nonne
2322 4741 2553 4796 succisa
2613 4746 2697 4796 est
2746 4741 2961 4797 erectio
3011 4755 3235 4812 eorum,
3281 4745 3336 4798 et
3400 4741 3687 4813 reliquias

2027 4845 2231 4888 eorum
2274 4828 2582 4885 devorabit
2629 4829 2761 4900 [al.,
2804 4827 3131 4900 devoravit]
3166 4830 3322 4900 ignis
3365 4829 3516 4900 (Job.
3544 4832 3684 4899 xxxi,

2027 4920 2166 4987 20)?
2239 4919 2340 4975 Hic
2426 4933 2692 4992 namque
2734 4917 2925 4991 iniqui
2989 4919 3164 4975 erecti
3214 4923 3352 4976 sunt
3421 4920 3566 4994 quia
3625 4920 3688 4977 in

2025 5009 2225 5086 pravis
2283 5007 2620 5066 actionibus
2667 5007 3048 5075 extolluntur,
3107 5009 3252 5082 quia
3305 5013 3363 5067 et
3411 5026 3689 5084 perverse

2027 5103 2234 5174 agunt,
2288 5103 2346 5156 et
2400 5103 2603 5156 tamen
2653 5114 2764 5173 pro
2819 5098 3114 5172 perversis
3163 5099 3396 5157 actibus
3442 5101 3690 5157 minime

2030 5191 2359 5248 feriuntur:
2420 5193 2674 5262 peccant
2734 5193 2790 5246 et
2843 5188 3078 5258 ﬂorent,
3146 5194 3392 5263 peccata
3447 5193 3688 5259 augent,

2031 5286 2089 5340 et
2117 5285 2351 5338 terrena
2377 5279 2543 5337 bona
2586 5279 3023 5354 multiplicant;
3081 5280 3187 5336 sed
3235 5295 3444 5336 eorum
3476 5278 3692 5335 erectio

2029 5374 2172 5427 tunc
2203 5369 2539 5426 succidetur
2567 5385 2708 5426 cum
2746 5369 2908 5426 vela
2954 5368 3234 5442 prmsenti
3272 5367 3396 5424 vita
3435 5367 3515 5425 ad
3543 5367 3694 5426 inte-

2029 5459 2233 5524 ritum,
2266 5457 2356 5513 vel
2381 5473 2416 5514 a
2442 5462 2772 5532 conspectu
2803 5458 3006 5515 (aeterni
3037 5457 3260 5529 judicis
3297 5457 3376 5513 ad
3404 5463 3696 5515 aeternum

2036 5549 2324 5620 gehennas
2367 5546 2716 5604 incendium
2758 5547 3202 5619 pertrahuntur.
3238 5545 3409 5612 Quia,
3451 5547 3556 5602 etsi
3602 5545 3697 5600 hic

2035 5637 2345 5695 mortuam
2378 5651 2554 5694 suam
2575 5651 2818 5695 carnem
2847 5634 3214 5708 relinquunt,
3234 5634 3435 5708 ipsam
3455 5647 3700 5706 quoque

3340 5724 3407 5775 39
