4116 6186
499 212 635 271 i227

1559 208 1617 265 s.
1656 202 2036 263 pauonum
2073 200 2447 262 Telemus
2484 170 2816 265 Episcopi.

3790 206 3941 262 1228

492 339 553 395 in
580 331 1342 404 resurrectionerecipiunt,
1373 330 1439 388 ut
1476 344 1614 387 cum
1665 340 1844 387 carne
1875 328 2145 395 ardeant,
2175 330 2219 384 Α
2258 329 2646 387 delectatione
2665 334 3027 404 pascuntur.
3063 328 3227 385 Unde
3258 327 3630 401 quibusdam
3664 326 3941 383 dicitur:

492 428 553 484 in
583 442 705 499 qua
741 426 1157 497 peccaverunt.
1194 421 1353 478 Sicut
1405 422 1566 478 enim
1616 434 1825 477 eorum
1863 417 2042 492 culpa
2086 418 2148 472 in

489 518 689 571 mente
720 512 827 569 fuit
872 515 929 568 et
957 526 1226 585 corpore,
1261 508 1342 567 ita
1371 524 1581 567 eorum
1630 524 1813 583 pcena
1840 507 1900 563 in
1944 506 2151 563 anima

489 604 600 662 erit
647 598 866 677 pariter
908 605 965 658 et
1009 616 1211 657 carne.
1246 601 1394 666 Quia
1421 616 1563 669 ergo
1611 614 1721 654 nec
1758 598 1873 653 hoc
1922 596 2006 651 eis
2044 596 2153 651 erit

487 693 795 750 liberuma
817 695 1131 757 tormento,
1150 690 1315 764 quod
1340 688 1436 746 hic
1460 694 1762 745 mortuum
1782 686 2148 758 relinquunt,

486 788 644 840 recte
695 797 857 838 nunc
912 782 1164 837 dicitur:
1217 781 1522 851 Reliquias
1571 792 1772 834 eorum
1838 774 2149 831 devorabit

486 872 688 945 ignis.]
718 873 753 938 Ἰ-
784 875 847 927 in
894 869 1106 927 eodem
1141 869 1262 938 (lib.
1296 886 1397 933 xv,
1432 885 1562 941 cap.
1598 872 1728 935 30):
1770 866 1849 921 Et
1878 866 2030 920 sicut
2053 865 2151 933 fa-

488 962 639 1019 villa
669 976 849 1033 quam
878 960 1053 1016 turbo
1096 960 1385 1029 dispergit
1429 963 1568 1014 ante
1598 954 2014 1024 omnipotentis
2042 953 2152 1008 Dei

487 1052 689 1109 oculos
732 1050 877 1121 (Job.
906 1065 1025 1113 xxx,
1064 1051 1171 1117 18).
1207 1048 1399 1120 Iniqui
1430 1046 1550 1103 vita
1574 1046 1798 1116 favilla
1837 1048 1947 1113 est,
1980 1042 2144 1114 quia,

488 1140 596 1198 etsi
624 1144 875 1212 apparet
912 1139 989 1195 ad
1017 1141 1394 1194 momentum
1419 1135 1642 1202 viridis,
1676 1134 1754 1189 ab
1785 1132 1913 1204 ejus
1943 1136 2146 1188 tamen

483 1231 710 1303 judicio
736 1231 865 1302 jam
884 1233 1244 1301 consumpta
1270 1226 1547 1293 cernitur,
1567 1225 1709 1298 quia
1739 1222 2149 1295 consumptio-

485 1320 551 1376 ni
599 1323 687 1375 est
733 1324 969 1374 aeterna)
1000 1317 1308 1390 deputata,
1340 1317 1499 1372 hanc
1540 1313 1799 1370 favillam
1855 1312 2031 1368 turbo
2060 1311 2147 1366 di-

488 1407 730 1481 spergit,
763 1407 907 1479 quia
935 1408 1092 1463 Deus
1134 1407 1486 1475 manifestus
1517 1405 1728 1469 veniet,
1762 1403 1917 1457 Deus
1948 1405 2147 1454 noster

488 1503 544 1555 et
572 1508 693 1554 nan
723 1496 938 1553 silebit.
972 1497 1137 1563 Ignis
1167 1496 1230 1549 in
1279 1499 1594 1562 conspectu
1648 1494 1774 1561 ejus
1806 1490 2058 1558 ardebit,
2091 1494 2143 1544 et

486 1588 552 1641 in
582 1587 841 1641 circuitu
872 1587 998 1654 ejus
1026 1589 1337 1652 tempestas
1369 1581 1575 1638 valida
1601 1581 1788 1647 (Psal.
1824 1592 1970 1639 χιιι,
1993 1581 2141 1643 3,4).

2270 421 2376 475 Vos
2392 427 2591 477 autem
2613 423 2673 477 in
2721 436 2906 477 carne
2934 436 3052 475 non
3080 420 3238 486 estis,
3271 418 3373 474 sed
3402 419 3463 473 in
3494 418 3719 487 spiritu
3741 419 3941 487 (Rom.

2256 524 2379 576 vui,
2404 514 2482 577 9).
2510 514 2706 582 Neque
2732 510 2891 565 enim
2913 511 2969 564 in
3000 523 3177 563 carne
3202 522 3325 562 non
3345 512 3535 569 erant,
3558 507 3665 579 qui
3683 522 3797 579 per
3817 524 3949 562 ma-

2258 597 2420 667 gistri
2454 598 2743 671 Epistolas
2761 596 3192 655 exhortationis
3215 596 3451 668 eloquia
3477 595 3942 668 suscipiebant-

2257 684 2361 741 sed
2390 686 2565 758 quasi
2585 687 2715 757 jam
2735 701 2856 742 non
2880 686 2938 740 in
2962 699 3140 740 carne
3166 699 3296 740 esse
3319 688 3430 753 est,
3450 683 3528 739 de
3549 699 3765 739 amore
3812 699 3939 751 car;

2254 775 2483 832 nalium
2526 776 2674 832 nihil
2718 775 2959 833 habere.
2994 780 3061 830 At
3089 779 3296 831 contra
3338 774 3585 846 iniquus
3617 773 3756 845 iste,
3789 775 3940 847 quia

2254 880 2434 921 omne
2462 866 2753 935 gaudium
2786 880 2963 921 suum
2995 864 3057 920 in
3090 863 3316 919 carnali
3348 864 3467 919 vita
3491 864 3724 936 posuit,
3748 864 3815 919 in
3848 870 3937 920 ta-

2251 953 2579 1011 bernaculo
2601 954 2798 1011 carnis
2819 954 3146 1022 habitavit;
3179 968 3366 1025 quam
3389 951 3937 1009 videlicetcarnem

2253 1056 2392 1098 cum
2441 1044 2499 1098 in
2544 1044 2973 1099 resurrectione
3014 1042 3322 1114 receperit,
3356 1057 3493 1097 cum
3525 1057 3597 1097 ea
3628 1042 3933 1111 gehennae

2253 1131 2493 1201 ignibus
2524 1130 2774 1188 traditus
2806 1131 3056 1199 ardebit,
3083 1136 3223 1186 tunc
3253 1130 3332 1187 ab
3354 1145 3426 1186 ea
3457 1130 3629 1187 educi
3663 1132 3930 1205 appetit,

2254 1225 2393 1277 tunc
2423 1222 2553 1293 ejus
2580 1226 2876 1278 tormenta
2901 1219 3240 1289 evadere,si
3271 1220 3488 1287 valeat,
3514 1222 3743 1293 quierit,
3770 1226 3929 1276 tunc

2251 1309 2456 1383 incipit
2482 1310 2628 1367 velle
2650 1313 2835 1366 vitare
2858 1310 3023 1383 quod
3056 1308 3311 1366 amavit:
3347 1309 3453 1365 sed
3479 1310 3619 1382 quia
3631 1309 3929 1365 eamdem

2252 1414 2492 1455 carnem
2528 1403 2645 1455 Deo
2675 1399 3021 1471 praeposuit,
3042 1399 3351 1470 judicante
3377 1401 3494 1455 Deo
3526 1399 3723 1469 agitur
3754 1405 3820 1455 ut
3848 1410 3927 1455 ex

2252 1505 2323 1545 ea
2355 1489 2615 1561 amplius
2664 1489 2725 1544 in
2770 1489 2908 1557 igne
2943 1488 3254 1544 crucietur.
3292 1488 3393 1543 ilic
3424 1488 3627 1560 itaque
3655 1502 3789 1544 eam
3820 1500 3923 1544 re-

2250 1578 2519 1651 linquere
2550 1594 2672 1633 non
2702 1577 2847 1645 vult,
2867 1582 2924 1634 et
2954 1584 3155 1635 tamen
3186 1578 3264 1634 ab
3294 1593 3364 1633 ea
3382 1574 3761 1633 abstrahitur.
3790 1576 3918 1634 illic

490 1674 701 1746 [Hujus
746 1673 907 1728 enim
964 1671 1332 1744 tempestatis
1382 1670 1615 1726 turbine
1664 1670 1742 1725 ab
1777 1668 1980 1724 aeterni
2010 1682 2148 1722 con-
2174 1680 2212 1737 η
2250 1682 2385 1726 eam
2401 1668 2735 1741 relinquere
2768 1669 3013 1741 appetit,
3033 1671 3088 1724 et
3112 1673 3311 1724 tamen
3329 1668 3389 1722 in
3412 1676 3485 1723 ea
3504 1672 3749 1740 propter
3777 1678 3919 1739 sup-

490 1766 699 1836 spectu
722 1761 941 1833 judicis
987 1759 1175 1833 iniqui
1221 1759 1555 1832 rapiuntur,
1588 1763 1644 1814 et
1694 1758 1798 1830 qui
1837 1758 1933 1812 hic
1980 1773 2146 1813 men-

486 1855 607 1908 tem
652 1848 947 1905 desiderio
983 1865 1261 1922 perverso
1296 1848 1717 1918 solidaverunt,
1751 1846 1828 1902 ibi
1870 1845 2057 1919 palea:
2089 1849 2145 1903 et

487 1940 698 1997 favillae
727 1939 1110 2009 videbuntur,
1142 1938 1287 2011 quia
1317 1954 1420 1995 eos
1467 1937 1545 1995 ad
1588 1943 1810 1994 (eterna
1849 1935 2143 2009 supplicia

485 2029 663 2086 turbo
731 2028 971 2101 rapiens
1036 2028 1350 2101 asportet.)
1404 2030 1446 2099 «ι-
1507 2031 1567 2083 in
1614 2026 1826 2084 eodem
1878 2025 1998 2097 (lib,
2058 2041 2139 2095 1v,

480 2133 619 2191 cap.
658 2118 763 2190 l7).

549 2208 893 2279 [Devorabit
937 2222 1068 2264 eum
1120 2207 1277 2277 ignis
1325 2206 1432 2279 qui
1460 2216 1593 2261 non
1626 2205 2008 2261 succenditur
2035 2202 2137 2274 [aL

475 2295 871 2354 succendetur
901 2296 1055 2369 (Job.
1080 2313 1182 2365 xx,
1204 2297 1315 2368 es).
1348 2296 1487 2352 Miro
1515 2294 1688 2351 valde
1714 2294 1898 2350 modo
1928 2293 2139 2366 paucis

474 2385 676 2444 verbis
706 2398 1030 2459 expressus
1084 2390 1176 2441 est
1221 2380 1377 2455 ignis
1420 2385 1730 2454 gehennae.
1773 2383 1929 2454 Ignis
1964 2398 2137 2438 nam-

475 2490 596 2548 que
625 2490 968 2546 corporeus,
1004 2478 1067 2530 ut
1110 2489 1239 2529 esse
1286 2474 1442 2543 ignis
1473 2473 1686 2537 valeat,
1717 2472 2017 2545 corporeis
2046 2470 2136 2527 in-

478 2562 641 2631 diget
666 2562 967 2629 fomentis,
1000 2562 1106 2634 qui
1154 2577 1293 2617 cum
1340 2578 1585 2617 necesse
1624 2566 1716 2617 est
1757 2565 1823 2617 ut
1851 2564 2135 2627 servetur,

475 2660 585 2723 per
615 2654 903 2720 congesta
933 2649 1097 2719 ligna
1124 2649 1335 2722 procul
1377 2649 1564 2705 dubio
1591 2650 1867 2719 nutritur,
1900 2664 2010 2704 nec
2040 2664 2139 2704 va-

475 2737 557 2795 let
584 2737 699 2795 nisi
730 2750 1054 2794 succensus
1093 2753 1225 2794 esse
1271 2742 1327 2795 et
1366 2738 1484 2793 nisi
1524 2738 1746 2794 refotus
1784 2737 2133 2794 subsistere.

475 2829 550 2884 At
575 2831 784 2884 contra
815 2827 1104 2898 gehennae
1155 2827 1309 2898 ignis
1348 2842 1488 2884 cum
1528 2827 1601 2883 sit
1643 2825 2053 2899 incorporeus,
2081 2830 2137 2883 et

474 2918 537 2973 in
588 2932 651 2972 se
698 2916 915 2978 missos
958 2916 1250 2989 reprobos
1305 2916 1691 2989 corporaliter
1742 2920 1971 2985 exurat,
2024 2932 2133 2972 nec

2249 1759 2429 1832 plicia
2460 1762 2747 1813 servatur.
2768 1758 2859 1813 Ad
2886 1763 3280 1827 augmentum
3312 1758 3520 1829 itaque
3550 1758 3835 1812 tormenti
3864 1762 3922 1813 et

2250 1848 2346 1903 hic
2377 1847 2452 1902 de
2479 1861 2729 1919 corpore
2761 1845 2971 1902 nolens
3015 1846 3306 1914 educitur,
3340 1851 3397 1901 ct
3426 1845 3543 1901 illic
3570 1846 3635 1901 in
3664 1856 3920 1918 corpore

2249 1942 2481 1995 tenetur
2523 1937 2765 1993 invitus.
2802 1938 2952 2003 Quia
2994 1948 3136 2007 ergo
3174 1937 3305 2008 ejus
3353 1936 3599 2009 spiritus
3646 1945 3915 2001 carnem,

2248 2044 2435 2101 quam
2484 2025 2597 2083 sibi
2650 2026 2807 2083 male
2854 2026 3120 2083 amando
3158 2027 3508 2099 praeposuit,
3550 2025 3814 2082 eVadere
3855 2028 3916 2083 in

2247 2120 2545 2174 tormento
2588 2116 2766 2187 volet,
2799 2120 2854 2172 et
2893 2132 3016 2172 non
3056 2116 3228 2188 valet,
3259 2121 3415 2172 recte
3452 2124 3620 2172 nunc
3660 2116 3914 2172 dicitur:

2248 2205 2545 2277 aiiligetur
2574 2205 2812 2261 relictus
2862 2206 2923 2262 in
2967 2204 3356 2262 tabernaculo
3405 2202 3566 2277 suo.]
3592 2205 3630 2272 τ
3661 2204 3830 2262 Idem
3858 2202 3917 2261 in

2245 2295 2399 2351 libro
2428 2310 2592 2351 nono
2617 2295 2774 2367 (cap.
2810 2295 2920 2367 38).

2317 2386 2675 2457 [Antequam
2695 2386 2910 2441 vadum
2925 2389 2978 2441 et
3000 2398 3120 2440 non
3138 2380 3504 2440 revertarad
3514 2388 3749 2441 terram
3768 2388 3915 2442 tene-

2247 2475 2479 2531 brosam
2500 2480 2554 2531 et
2576 2479 2841 2545 opertam
2868 2475 3072 2530 mortis
3094 2474 3355 2545 caligine
3376 2474 3529 2541 (Job.
3554 2482 3620 2537 x,
3640 2473 3914 2546 2!).Quid

2244 2563 2405 2619 enim
2449 2567 2619 2619 terra;
2671 2564 3002 2619 tenebrosae
3055 2563 3301 2619 nomine
3349 2562 3463 2618 nisi
3514 2566 3673 2619 terra
3708 2563 3907 2617 tartari

2244 2652 2503 2708 claustra
2532 2653 2868 2724 signantur,
2894 2664 3031 2725 quas
3052 2655 3289 2707 aeteer
3323 2651 3528 2707 mortis
3550 2651 3747 2721 caligo
3766 2660 3908 2723 opo-

2245 2741 2356 2797 rit?
2371 2741 2515 2814 quia
2532 2743 2854 2797 damnatos
2876 2752 3154 2815 quosque
3170 2740 3231 2796 in
3252 2744 3611 2814 perpetuum
3628 2754 3665 2797 a
3686 2741 3815 2797 vita
3835 2741 3918 2796 lu-

2244 2830 2327 2886 cis
2346 2831 2474 2902 [at.,
2491 2830 2614 2886 vita
2639 2830 2794 2902 luce]
2826 2830 2938 2902 disj
2948 2830 3116 2901 ungit
3138 2844 3151 2885 ε
3183 2844 3294 2885 nec
3315 2830 3605 2886 immerito
3622 2828 3920 2885 infernus

2244 2924 2401 2977 terra
2445 2919 2679 2989 dicitur,
2713 2920 2857 2993 quia
2903 2920 3112 2993 quiqui
3152 2916 3284 2993 [at.,
3317 2919 3680 2993 quicunque]
3724 2918 3814 2975 ab
3847 2935 3921 2976 eo

475 3005 675 3096 studio
714 3004 985 3064 humano
1032 3006 1433 3096 succenditur,
1464 3021 1575 3063 nec
1615 3006 1795 3096 lignis
1839 3007 2129 3063 nutritur:
2165 3038 2205 3096 ε
2245 3008 3916 3083 captifuerintstabilitertenentur.Scriptumquippeest:

474 3094 582 3152 sed
632 3100 866 3153 creatus
918 3096 1124 3161 semel,
1170 3094 1349 3153 durat
1385 3095 1875 3167 inextinguibilis,
1906 3100 1963 3152 et
2007 3113 2136 3153 suc-

474 3184 758 3242 censione
788 3200 911 3242 non
964 3184 1209 3257 indiget,
1242 3188 1299 3242 et
1342 3184 1558 3242 ardore
1608 3198 1732 3241 non
1767 3189 1945 3241 caret.
1983 3187 2133 3242 Bene

473 3287 617 3345 ergo
647 3274 723 3331 de
765 3272 880 3331 hoc
917 3274 1124 3348 iniquo
1167 3274 1420 3331 dicitur:
1465 3275 1778 3331 Devorabit
1807 3288 1939 3331 eum
1979 3276 2134 3343 ignis

473 3364 581 3435 qui
607 3378 727 3419 non
753 3364 1158 3419 succenditur.
1192 3363 1344 3430 (Job.
1376 3378 1477 3433 xx,
1509 3363 1620 3434 26.)
1663 3362 1814 3429 Quia
1845 3362 2131 3435 Omnipo-

474 3451 650 3506 tentis
687 3450 916 3521 justitia
960 3451 1296 3506 futurorum
1346 3450 1616 3523 praescia,
1649 3451 1729 3507 ab
1758 3451 1890 3524 ipsa
1920 3450 2133 3507 mundi

473 3537 705 3608 origine
734 3538 1023 3608 gehennae
1072 3538 1273 3607 ignem
1304 3540 1546 3603 creavit,
1575 3540 1680 3611 qui
1724 3540 1786 3595 in
1829 3554 2011 3612 paena
2038 3555 2131 3596 re-

471 3625 806 3699 proborum
865 3640 998 3683 esse
1063 3625 1248 3682 semel
1299 3626 1619 3697 inciperet:
1680 3628 1783 3683 sed
1852 3628 2131 3685 ardorem

471 3728 653 3771 suum
684 3712 864 3772 etiam
890 3715 1016 3771 sine
1036 3715 1213 3785 lignis
1232 3729 1553 3789 nunquam
1573 3715 1788 3772 ﬁniret.
1809 3712 2131 3775 Sciendum

469 3817 613 3861 vero
638 3808 729 3861 est
756 3804 922 3879 quod
947 3819 1158 3861 omnes
1184 3804 1444 3877 reprobi,
1465 3805 1607 3878 quia
1629 3821 1702 3862 ex
1726 3806 1928 3863 anima
1950 3804 2131 3863 simul

468 3895 529 3950 et
569 3908 748 3951 carne
794 3898 1214 3968 peccaverunt,
1267 3894 1387 3950 illic
1434 3895 1498 3951 in
1545 3896 1750 3952 anima
1801 3896 2022 3969 pariter
2072 3900 2131 3954 et

468 3992 648 4040 carne
695 3984 1055 4039 cruciantur.
1094 3982 1259 4039 Unde
1300 3998 1407 4057 per
1450 3984 1832 4042 Psalmistam
1878 3982 2125 4043 dicitur:

466 4071 660 4129 Panes
691 4088 785 4129 eos
840 4077 906 4128 ut
950 4072 1253 4130 clibanum
1300 4075 1476 4145 ignis,
1503 4076 1566 4130 in
1618 4080 1878 4145 tempore
1926 4077 2127 4131 vultus

468 4160 600 4232 tui;
624 4161 910 4216 Dominus
938 4161 1003 4216 in
1032 4161 1129 4218 ira
1166 4177 1276 4218 sua
1325 4163 1705 4219 conturbabit
1733 4178 1827 4219 eos
1856 4168 1910 4220 et
1949 4163 2123 4220 devo-

466 4246 626 4304 rabit
676 4262 770 4305 eos
819 4249 977 4320 ignis
1020 4250 1207 4321 (Psat.
1256 4264 1356 4319 xx,
1408 4253 1516 4318 10).
1548 4250 1831 4308 Clibanus
1859 4265 2122 4324 namque

463 4335 821 4393 intrinsecus
846 4337 1050 4406 ardet;
1083 4338 1135 4393 is
1163 4354 1305 4394 vero
1343 4339 1449 4411 qui
1492 4338 1571 4395 ab
1610 4340 1748 4409 igne
1777 4339 2117 4411 devoratur,

463 4424 543 4483 ab
573 4427 846 4483 exteriori
872 4426 1080 4501 incipit
1123 4430 1292 4500 parte
1331 4427 1721 4484 concremari.
1757 4431 1826 4484 Ut
1849 4444 1992 4500 ergo
2022 4444 2118 4485 sa-

461 4524 565 4573 cra
594 4514 835 4591 eloquia
861 4516 1070 4573 ardere
1100 4520 1159 4572 et
1186 4514 1443 4573 exterius
1472 4521 1530 4574 et
1556 4516 1801 4573 interius
1829 4517 2121 4591 reprobos

461 4604 963 4673 demonstrarent,
994 4622 1099 4663 eos
1137 4609 1195 4663 et
1235 4606 1316 4663 ab
1363 4606 1501 4678 igne
1543 4605 1840 4673 devorari,
1870 4611 1926 4663 et
1966 4606 2122 4664 sicut

462 4694 768 4755 clibanum
796 4696 941 4771 poni
982 4699 1290 4765 testantur,
1321 4701 1388 4754 ut
1416 4712 1524 4771 per
1553 4696 1753 4768 ignem
1784 4697 2121 4755 crucientur

460 4783 525 4840 in
554 4802 828 4859 corpore,
845 4791 902 4842 et
922 4802 1030 4859 per
1049 4785 1321 4843 dolorem
1347 4787 1599 4844 ardeant
1622 4787 1685 4843 in
1709 4792 1927 4844 mente.
1954 4786 2120 4844 Unde

460 4870 558 4926 hic
585 4888 852 4945 quoque,
885 4889 1024 4930 cum
1045 4873 1120 4931 de
1148 4876 1263 4932 hoc
1283 4876 1472 4949 impio
1492 4872 1787 4933 diceretur
1810 4876 2119 4934 devorabit

460 4974 594 5016 eum
621 4962 778 5031 ignis
807 4966 912 5033 qui
954 4974 1075 5021 nun
1120 4968 1526 5037 succenditur,
1555 4968 1829 5040 protinus
1866 4966 1942 5023 de
1984 4968 2116 5039 ejus

461 5046 675 5119 spiritu
704 5047 976 5105 additur:

528 5136 849 5208 Afﬂigitur
869 5135 995 5207 (8.1.,
1017 5139 1352 5215 afﬂigetur]
1369 5145 1616 5201 relictus
1638 5144 1704 5201 in
1727 5144 2115 5201 tabernaculo

456 5240 563 5283 suo
574 5241 599 5297 ,ο
626 5224 818 5299 iniqui
841 5225 1003 5282 enim
1026 5227 1485 5288 tabernaculum
1506 5247 1647 5289 caro
1665 5236 1753 5288 est
1773 5232 2112 5307 (Job.xvm),

455 5315 605 5388 quia
621 5316 820 5387 ipsam
839 5313 1012 5370 laetus
1033 5314 1348 5387 inhabitat,
1360 5323 1438 5389 et,
1453 5319 1506 5375 si
1523 5321 1596 5376 sit
1615 5320 2112 5394 possibile,optat,

455 5408 523 5462 ut
537 5420 673 5461 eam
689 5420 1007 5478 nunquam
1021 5405 1361 5480 relinquat,j
1371 5410 1488 5465 usti
1498 5409 1813 5481 vero,quia
1824 5412 2113 5481 gaudium

456 5510 638 5552 suum
651 5494 713 5550 in
730 5510 838 5569 spe
861 5494 1190 5553 caelestium
1212 5500 1788 5572 ponunt,eorumque
1808 5515 1914 5559 con
1924 5517 2115 5561 versa-

453 5586 537 5642 tio
558 5586 621 5641 in
648 5585 811 5642 cretis
838 5590 925 5643 est
956 5585 1139 5657 (Phil.
1164 5601 1244 5657 ur,
1263 5589 1377 5655 20),
1401 5591 1457 5644 et
1477 5602 1617 5643 cum
1638 5588 1836 5646 adhuc
1857 5591 1917 5647 in
1933 5607 2112 5649 carne

453 5678 617 5745 sunt,
636 5675 808 5750 quasi
832 5676 895 5734 in
915 5677 1233 5749 carnejam
1250 5693 1375 5736 non
1401 5680 1563 5749 sunt,
1586 5678 1905 5753 quianulla
1916 5684 2113 5741 carnis

2247 3100 2560 3155 Generatio
2576 3100 2873 3168 praeterit,
2897 3102 2950 3154 et
2969 3100 3274 3169 generatio
3296 3099 3556 3167 advenit,
3579 3102 3756 3154 terra
3780 3112 3917 3154 vero

2242 3191 2305 3245 in
2337 3195 2626 3245 aeternum
2652 3195 2790 3245 stat.
2826 3188 3002 3244 Recte
3030 3188 3207 3259 igitur
3227 3187 3439 3244 inferni
3462 3186 3737 3243 claustra
3758 3190 3916 3243 tene-

2241 3275 2422 3333 brosa
2438 3281 2594 3333 terra
2613 3277 3022 3340 nominantur,
3046 3276 3191 3349 quia
3211 3292 3366 3350 quos
3390 3275 3742 3349 puniendos
3764 3276 3917 3333 acci-

2240 3367 2432 3439 piunt,
2466 3378 2855 3439 nequaquam
2887 3378 3068 3439 poena
3098 3367 3440 3423 transitoria
3461 3364 3555 3422 vel
3585 3364 3918 3422 fantastica

2238 3455 2670 3525 imaginatione
2687 3455 2971 3523 cruciant,
2996 3453 3101 3510 sed
3124 3455 3346 3511 ultione
3376 3452 3571 3511 solida
3597 3460 3916 3528 perpetua:

2239 3543 2644 3625 damnationis
2663 3549 2921 3601 servant.
2941 3547 3081 3608 Qua:
3099 3544 3426 3618 aliquando
3449 3549 3653 3600 tamen
3666 3544 3796 3601 loci
3817 3562 3920 3620 ap-

2239 3634 2557 3708 pellatione
2597 3634 2928 3706 signantur,
2961 3634 3256 3708 propheta
3280 3636 3615 3701 attestante,
3651 3636 3767 3709 qui
3802 3636 3915 3692 ait:

2238 3724 2649 3780 Portaverunt
2667 3725 3061 3795 ignominiam
3082 3737 3251 3780 suam
3273 3739 3408 3780 cum
3436 3722 3527 3779 his
3549 3726 3660 3796 qui
3674 3725 3917 3782 descen-

2238 3813 2392 3870 dunt
2437 3814 2501 3870 in
2535 3814 2730 3871 locum
2767 3814 3003 3881 (Ezech.
3036 3828 3193 3883 xxvi,
3219 3817 3331 3881 20).
3360 3813 3633 3869 infernus
3678 3829 3836 3885 ergo
3864 3816 3917 3870 et

2237 3907 2391 3962 terra
2420 3905 2769 3961 nominatur
2793 3904 2938 3978 quia
2968 3908 3280 3977 susceptos
3318 3903 3612 3960 stabiliter
3634 3908 3833 3973 tenet,
3862 3910 3916 3962 et

2234 3993 2403 4051 lacUs
2427 3992 2643 4051 dicitur
2672 3993 2817 4067 quia
2845 3994 2956 4050 hos
2985 4006 3142 4067 quos
3171 3992 3358 4049 semel
3385 3992 3631 4066 ceperit,
3667 4009 3915 4069 semper

2234 4081 2593 4139 ﬂuctuantes
2624 4087 2679 4138 et
2706 4082 2972 4155 trepidos
3004 4082 3312 4139 tormentis
3340 4081 3912 4139 circumﬂuentibus

2234 4172 2536 4228 absorbet.
2584 4174 2835 4228 Sanctus
2894 4176 3095 4229 autem
3155 4172 3244 4227 vir
3296 4170 3418 4227 sive
3469 4186 3581 4227 sua
3633 4188 3750 4227 seu
3804 4174 3911 4229 hu-

2233 4260 2399 4316 mani
2424 4260 2656 4330 generis
2685 4277 2832 4317 voce
2878 4260 3095 4317 dimitti
3136 4277 3199 4317 se
3244 4260 3526 4333 postulat,
3568 4266 3904 4333 antequam

2233 4349 2455 4420 vadat;
2477 4364 2600 4405 non
2620 4348 2766 4421 quia
2790 4349 2870 4406 ad
2883 4352 3101 4407 terram
3126 4349 3509 4407 tenebrosam
3530 4350 3635 4423 qui
3653 4350 3906 4423 culpam

2231 4436 2590 4494 deﬂecturus
2621 4442 2727 4506 est,
2756 4439 2861 4494 sed
2888 4438 3033 4511 quia
3065 4439 3145 4495 ad
3172 4439 3330 4496 hanc
3356 4439 3566 4512 procul
3588 4439 3784 4496 dubio
3804 4440 3907 4513 qui

2230 4526 2515 4601 plangere
2541 4526 2803 4599 neglexit
2832 4528 2962 4599 [at.,
2995 4528 3280 4601 negligit],
3309 4528 3494 4585 vadit.
3531 4528 3695 4586 Sicut
3735 4529 3907 4585 debi-

2229 4616 2344 4674 tori
2371 4632 2482 4673 suo
2512 4616 2768 4673 creditor
2796 4617 2939 4674 dicit
2964 4636 2977 4674 :
3030 4619 3201 4676 Solve
3230 4618 3501 4674 debitum
3533 4618 3902 4691 priusquam

2228 4722 2339 4779 pro
2368 4705 2571 4762 debito
2594 4706 3056 4778 constringaris;
3088 4706 3193 4780 qui
3224 4710 3425 4764 tamen
3449 4722 3577 4762 non
3603 4706 3906 4762 constrin-

2229 4794 2404 4865 gitur,
2439 4794 2679 4869 siquod
2707 4794 2884 4852 debet
2924 4795 3152 4852 solvere
3195 4811 3320 4852 non
3371 4799 3659 4852 moratur.
3697 4794 3819 4852 Ubi
3849 4800 3906 4851 et

2225 4887 2382 4940 recte
2409 4882 2717 4939 subditur:
2763 4883 2899 4939 Non
2948 4889 3264 4957 revertar;
3303 4883 3449 4957 quia
3495 4897 3901 4957 nequaquam

2225 4972 2382 5029 ultra
2410 4972 2824 5029 misericordia
2850 4971 3147 5046 parcentis
3174 4972 3388 5030 liberat
3425 4986 3582 5046 quos
3614 4975 3813 5031 semel
3840 4974 3899 5029 in

2221 5061 2370 5119 locis
2401 5062 2743 5135 pcenalibus
2773 5064 2994 5136 justitia
3044 5064 3373 5136 judicantis
3426 5064 3722 5122 damnat:
3762 5082 3898 5139 quae

2222 5151 2424 5209 adhuc
2481 5151 2755 5210 subtilius
2802 5154 2937 5211 loca
2978 5152 3416 5211 describuntur.
3473 5158 3620 5213 Cum
3675 5155 3898 5211 dicitur

2220 5248 2386 5299 terra
2414 5243 2667 5299 miseriae
2696 5249 2751 5301 et
2794 5245 3195 5308 tenebrarum,
3233 5244 3475 5301 miseria
3515 5243 3593 5301 ad
3619 5243 3895 5301 dolorem

2220 5330 2497 5403 pertinet,
2528 5336 2585 5389 et
2613 5331 2876 5389 tenebrae
2910 5332 2989 5389 ad
3018 5333 3370 5391 caecitatem.
3404 5336 3486 5391 Ea
3514 5344 3660 5405 ergo
3688 5350 3832 5407 quae
3860 5347 3893 5388 a

2221 5424 2548 5492 conspectu
2603 5420 2853 5477 districti
2876 5421 3096 5493 judicis
3124 5421 3404 5497 expulsos
3433 5426 3593 5479 tenet
3629 5422 3892 5479 miserita

2221 5513 2279 5564 et
2307 5508 2693 5567 tenebrarum
2739 5513 2899 5567 terra
2945 5510 3314 5585 perhibetur,
3345 5511 3489 5587 quia
3542 5506 3687 5568 foris
3717 5510 3894 5568 dolor

2222 5597 2446 5654 cruciat
2476 5614 2629 5672 quos
2674 5600 2901 5657 divisos
2934 5617 2971 5657 a
3004 5617 3143 5658 vero
3187 5600 3411 5658 lumine
3456 5603 3616 5658 intus
3644 5601 3891 5657 caecitas

2220 5684 2536 5758 obscurat;
2568 5703 2750 5761 quam
2759 5689 2845 5747 vis
2860 5688 3118 5748 miseriae
3142 5694 3200 5748 et
3219 5689 3604 5749 tenebrarum
3627 5692 3782 5748 terra
3797 5688 3892 5744 ins
