4128 6200
595 193 726 246 1231

1662 183 1719 238 8.
1763 179 2133 238 PRUDENTII
2169 178 2539 241 TRECENSIS
2586 185 2898 242 EPISOOPI

3875 187 4025 242 1232

584 315 739 377 rant,
781 309 910 364 sine
940 306 1274 363 cessatione
1302 304 1742 378 pertimescant.
1781 307 1858 360 De
1895 303 1990 358 his
2017 303 2236 359 etenim
2267 305 2316 358 A
2347 310 2715 365 tormentum
2742 311 2958 375 servat,
2987 307 3151 381 quod
3180 307 3229 364 si
3268 307 3605 381 approbare
3648 308 4021 365 testimoniis

587 399 878 469 scriptum
903 399 1009 450 est:
1046 395 1268 450 Vermis
1299 409 1497 450 eorum
1520 410 1638 450 non
1665 395 1975 463 morietur,
2004 399 2055 448 et
2083 393 2236 462 ignis

583 502 786 545 eorum
817 501 936 541 non
967 485 1384 555 exstinguetur
1414 486 1554 550 (Isa.
1579 500 1730 550 LXVI,
1763 483 1874 552 24);
1904 482 2044 537 hinc
2070 479 2238 536 ﬂam-

581 591 705 643 ma,
733 591 870 648 quae
919 571 1226 629 succendit
1251 571 1568 641 illuminat,
1601 573 1780 641 illinc,
1839 573 1920 642 (ut
1965 570 2237 643 superius

586 665 776 723 verba
805 663 1134 721 Psalmistae
1174 664 1294 736 [Ps.
1327 679 1548 732 xxxvu,
1591 663 1647 734 9]
1677 661 2056 732 edocuimus)
2078 659 2236 730 ignis

583 755 689 829 qui
713 753 957 819 cruciat,
986 753 1290 810 obscurat.
1332 753 1477 809 Hinc
1508 757 1704 808 metus
1735 750 2043 817 amittitur,
2096 764 2236 805 cum

583 843 824 900 tolerari
848 843 977 914 jam
1006 842 1252 916 coeperit
1277 841 1446 914 quod
1474 841 1831 898 timebatur:
1860 839 2021 894 illinc
2048 843 2106 894 et
2126 837 2235 893 do-

577 931 672 990 lor
694 931 963 996 dilaniat,
1010 936 1067 988 et
1113 947 1305 1005 pavor
1347 934 1647 1001 angustat.
1699 928 2005 985 Horrendo
2054 927 2234 997 igitur

577 1021 764 1080 modo
793 1021 902 1078 erit
954 1026 1096 1077 tunc
1149 1020 1419 1094 reprobis
1461 1020 1635 1076 dolor
1701 1035 1839 1074 cum
1891 1017 2233 1083 formidine,

577 1111 828 1170 ﬂamma
856 1128 996 1168 cum
1021 1110 1384 1168 obscuritate
1408 1129 1420 1179 ;
1455 1109 1558 1178 sic,
1590 1109 1674 1165 sic
1699 1108 1973 1164 videlicet
2003 1123 2038 1163 a
2063 1107 2234 1162 dam-

577 1202 732 1260 natis
759 1201 962 1259 sentiri
998 1200 1241 1273 pondus
1295 1216 1548 1255 summae
1577 1199 1876 1272 aequitatis
1931 1198 2129 1254 debet.
2165 1198 2233 1253 Ut

577 1291 723 1367 quia
743 1307 780 1348 a
807 1290 1111 1347 voluntate
1133 1289 1468 1346 Conditoris
1496 1305 1888 1362 nequaquam
1921 1291 2060 1343 sunt
2085 1285 2234 1342 veri-

573 1380 619 1436 ti
647 1380 989 1453 discrepare
1013 1378 1163 1435 dum
1194 1378 1483 1450 viverent,
1515 1379 1578 1434 in
1605 1393 1815 1434 eorum
1860 1376 2232 1450 quandoque

575 1469 817 1526 interitu
846 1470 981 1542 ipsa
1017 1485 1056 1525 a
1093 1468 1217 1523 suis
1241 1467 1633 1540 qualitatibus
1688 1467 1866 1523 etiam
1930 1471 2232 1522 tormenta

574 1558 956 1627 discordent;
988 1561 1287 1630 quatenus
1319 1573 1442 1630 quo
1473 1572 1537 1612 se
1583 1556 1964 1628 impugnant,
1999 1554 2230 1610 crucia-

2345 393 2407 449 in
2429 411 2539 451 sua
2568 395 2950 469 expressione
2978 411 3102 452 non
3132 401 3765 468 possumus,superest
3786 399 3862 452 ut
3877 413 3912 452 e
3935 397 4020 452 di-

2347 499 2521 540 verso
2546 485 2892 541 doceamus.
2921 485 3065 541 Tres
3093 485 3319 558 quippe
3350 484 3613 540 Hebraeae
3641 485 3849 555 gentis
3881 501 4024 558 pue-

2346 573 2395 627 ri
2424 589 2531 646 per
2563 573 2822 630 Chaldaei
2846 573 3002 643 regis
3026 572 3370 646 imperium,
3425 573 3740 629 succensis
3788 574 4018 630 camini

2345 659 2606 730 ignibus,
2621 661 2821 732 ligatis
2854 662 3138 718 manibus
3168 661 3707 735 pedibusque,proj
3719 663 3842 718 ecti
3860 670 4017 732 sunt,

2345 765 2502 822 quos
2529 756 2897 818 tamen,cum
2928 751 3091 808 idem
3116 767 3219 807 rex
3247 751 3309 806 in
3340 751 3559 807 camini
3586 752 3890 808 incendio
3913 755 4017 808 mi-

2347 845 2579 896 seratus
2607 841 2966 915 exploraret,
2997 842 3206 898 itlwsis
3260 843 3515 898 vestibus
3543 841 4018 899 deambulantes

2344 931 2490 986 vidit
2516 931 2697 1002 (Dan.
2725 948 2806 1002 ιιι,
2841 936 2930 1000 22,
2964 935 3054 1001 24,
3088 935 3156 988 5O
3187 945 3339 1003 seq.,
3367 931 3478 1001 92).
3513 930 3622 987 Ubi
3646 935 3869 1004 aperte
3903 933 4019 988 col-

2342 1019 2544 1090 ligitur
2567 1020 2734 1092 quia,
2763 1021 2919 1077 mira
2947 1019 3400 1094 dispensatione
3430 1021 3562 1092 [al.,
3588 1020 4018 1094 dispositione]

2343 1108 2698 1180 Conditoris,
2728 1109 2885 1180 ignis
2917 1109 3180 1182 qualitas
3200 1109 3262 1165 in
3284 1107 3528 1165 diversa
3543 1109 3769 1166 virtute
3791 1115 4022 1183 tempe-

2342 1201 2492 1269 rata,
2520 1202 2576 1254 et
2605 1199 2964 1255 vestimenta
2994 1215 3118 1255 non
3149 1197 3363 1270 attigit,
3402 1203 3460 1254 et
3487 1198 3727 1255 vincula
3752 1217 4020 1256 succen-

2342 1286 2447 1352 dit,
2480 1287 2824 1361 sanctisque
2856 1287 3000 1344 viris
3029 1292 3086 1344 et
3116 1287 3195 1344 ad
3226 1287 3606 1344 inferendum
3633 1293 4018 1345 tormentum

2342 1376 2591 1432 ﬂamma
2621 1375 2842 1446 friguit,
2873 1381 2929 1432 et
2955 1376 3035 1432 ad
3065 1375 3379 1432 solutionis
3409 1375 3818 1434 ministerium
3850 1394 4020 1434 exar-

2343 1464 2434 1520 sit.
2466 1465 2624 1521 Sicut
2649 1481 2792 1536 ergo
2821 1465 3022 1522 electis
3055 1465 3210 1536 ignis
3259 1465 3468 1522 ardere
3514 1466 3686 1522 novit
3718 1467 3805 1522 ad
3861 1467 4013 1523 sola-

2341 1554 2511 1622 tium,
2543 1558 2600 1611 et
2629 1559 2832 1611 tamen
2875 1555 3085 1611 ardere
3114 1554 3192 1611 ad
3223 1555 3586 1628 supplicium
3616 1557 3840 1624 nescit,
3875 1558 3960 1613 ita
3985 1574 4010 1612 ε

572 1652 668 1704 tus
688 1651 970 1720 augeant,
1002 1651 1060 1703 et
1089 1662 1230 1702 cum
1276 1647 1439 1702 varie
1465 1645 1781 1718 prodeunt,
1828 1643 2231 1717 multipliciter
2265 1656 2310 1710 Β
2341 1643 2580 1700 diverso
2609 1644 2897 1715 gehennai
2944 1644 3195 1702 ﬂamma
3222 1645 3494 1718 reprobis
3524 1651 3580 1701 et
3610 1662 4010 1720 nequaquam

573 1737 927 1794 sentiantur.
963 1736 1106 1802 Quae
1136 1739 1342 1792 tamen
1365 1733 1662 1808 supplicia
1691 1733 1754 1789 in
1784 1750 1846 1789 se
1871 1732 2227 1800 diversos,et

571 1825 726 1882 ultra
745 1826 903 1882 vires
941 1824 1228 1895 cruciant,
1259 1829 1316 1881 et
1345 1824 1404 1880 in
1449 1823 1533 1879 eis
1557 1823 1694 1879 vitae
1724 1821 2063 1878 subsidium
2095 1838 2228 1878 exs-

569 1914 909 1985 tinguentes
935 1915 1064 1987 [al.,
1093 1911 1556 1985 exstinguendo]
1576 1915 1911 1983 servant,ut
1936 1911 2018 1967 sic
2047 1910 2228 1967 vitam

568 2002 864 2058 terminus
895 2003 1129 2075 puniat,
1161 2005 1458 2074 quatenus
1506 2017 1743 2074 semper
1799 2000 1926 2058 sine
1974 2001 2227 2058 termino

568 2089 864 2146 cruciatus
892 2090 1051 2147 vivat
1081 2108 1094 2159 ;
1125 2090 1270 2163 quia
1294 2095 1352 2146 et
1401 2089 1481 2146 ad
1531 2090 1717 2146 ﬁnem
1771 2105 1880 2162 per
1928 2094 2228 2146 tormenta

567 2184 876 2253 properat,
904 2183 961 2236 et
991 2180 1120 2236 sine
1148 2180 1270 2237 ﬁne
1298 2179 1584 2237 deﬁciens
1625 2179 1822 2238 durat.
1861 2179 1952 2237 Sic
1985 2177 2222 2254 [al.,sit]

567 2282 712 2338 ergo
732 2267 967 2325 miseris
999 2285 1164 2326 mors
1219 2269 1347 2326 sine
1375 2273 1589 2337 morte,
1621 2268 1760 2324 ﬁnis
1791 2269 1920 2324 sine
1946 2268 2086 2337 ﬁne,
2118 2268 2224 2326 de-

565 2356 758 2414 fectus
801 2357 929 2413 sine
974 2357 1244 2428 defectu;
1275 2357 1418 2431 quia
1461 2362 1518 2415 et
1570 2373 1734 2414 mors
1780 2358 1944 2426 vivit,
1976 2362 2033 2414 et
2083 2357 2223 2414 ﬁnis

567 2463 809 2519 semper
835 2447 1064 2520 incipit,
1091 2452 1150 2504 et
1195 2447 1450 2504 deﬁcere
1496 2447 1762 2504 deiectus
1809 2447 2017 2504 nescit.
2075 2447 2225 2511 Quia

564 2535 744 2607 igitur
773 2540 832 2593 et
853 2553 1019 2594 mors
1048 2536 1306 2610 perimit,
1351 2538 1457 2594 sed
1486 2552 1610 2593 non
1639 2537 1997 2607 exstinguit;
2051 2536 2224 2592 dolor

563 2627 812 2692 cruciat,
844 2625 949 2682 sed
979 2625 1326 2683 nullatenus
1363 2642 1657 2699 pavorem
1706 2626 1912 2696 fugat;
1970 2624 2223 2682 ﬂamma

566 2713 888 2782 comburit,
939 2715 1045 2772 sed
1073 2731 1465 2789 nequaquam
1499 2714 1777 2771 tenebras
1835 2713 2059 2770 decutit
2087 2715 2216 2787 [al.,

561 2803 843 2878 discutit]:
867 2810 1164 2878 quantum
1191 2820 1300 2878 per
1323 2804 1597 2862 notitiam
1623 2803 1936 2877 praesentis
1952 2803 2088 2859 vita:
2100 2803 2216 2860 col-

557 2889 780 2964 ligitur,
811 2893 1107 2967 supplicia
1135 2893 1410 2950 ordinem
1458 2909 1582 2950 non
1621 2892 1869 2960 habent,
1929 2909 2064 2966 quas
2094 2909 2218 2949 non

2338 1731 2496 1789 lucet
2518 1731 2597 1788 ad
2627 1732 3057 1789 consolationis
3102 1733 3378 1804 gratiam,
3414 1739 3471 1790 et
3498 1739 3710 1790 tamen
3744 1735 3911 1791 lucet
3937 1736 4008 1791 ad

2337 1823 2682 1894 poenam.Ut
2710 1821 3138 1879 damnatorum
3191 1822 3380 1879 oculis
3421 1823 3576 1895 ignis
3641 1824 3934 1897 supplicii
3960 1830 4008 1880 et

2337 1910 2504 1966 nulla
2531 1910 2795 1968 claritate
2813 1911 3092 1981 candeat,
3119 1916 3194 1980 et,
3218 1912 3296 1968 ad
3317 1912 3541 1968 doloris
3566 1913 4007 1978 cumulum,di-

2335 1997 2470 2056 lecti
2488 2000 2742 2074 qualiter
2771 2001 3113 2058 cruciantur
3141 2001 3436 2058 ostendat.
3471 2001 3631 2068 Quid
3673 2009 3890 2060 autem
3911 2005 4006 2059 mi-

2335 2105 2492 2161 rum,
2526 2089 2578 2145 si
2607 2090 2894 2160 gehennae
2926 2090 3129 2160 ignem
3159 2091 3458 2146 credimus
3507 2091 3748 2147 habere
3789 2094 4000 2166 suppli—

2337 2177 2497 2235 cium
2535 2178 2713 2235 simul
2743 2178 3124 2236 obscuritatis
3152 2184 3210 2236 et
3244 2179 3507 2248 luminis,
3540 2181 3812 2252 quando
3841 2199 4004 2255 expe-

2334 2268 2590 2325 rimento
2615 2269 2920 2337 novimus,
2953 2269 3099 2342 quia
3119 2273 3176 2325 et
3225 2269 3518 2326 taedarum
3548 2269 3823 2327 ﬂamma
3860 2271 4005 2328 lucet

2335 2356 2593 2414 obscura
2609 2357 2636 2412 ’Β
2659 2361 2819 2414 Tunc
2843 2358 2999 2414 edax
3044 2357 3296 2415 ﬂamma
3325 2359 3630 2416 comburit
3654 2377 3822 2434 quos
3851 2378 4004 2418 nunc

2335 2439 2930 2504 carnalis‘delectatio
2960 2446 3198 2520 polluit;
3232 2451 3371 2504 tunc
3394 2447 3629 2504 inﬁnite
3658 2456 3886 2522 patens
3927 2452 4006 2505 in-

2331 2532 2484 2590 ferni
2518 2533 2872 2590 barathrum
2900 2533 3147 2591 devorat
3198 2551 3352 2607 quos
3381 2549 3546 2591 nunc
3575 2535 3775 2592 inanis
3819 2537 4004 2593 elatio

2333 2622 2588 2691 exaltat;
2613 2628 2794 2696 atque
2817 2623 2923 2696 qui
2943 2623 3212 2697 quolibet
3243 2640 3317 2680 ex
3343 2624 3485 2681 vitio
3501 2624 3600 2680 hic
3624 2625 4004 2682 voluntatem

2332 2711 2531 2767 callidi
2549 2713 2928 2785 persuasoris
2955 2713 3512 2786 expleverunt,tunc
3542 2731 3686 2770 cum
3710 2715 3876 2771 duce
3895 2731 4003 2771 suo

2329 2800 2569 2872 reprobi
2591 2801 2670 2857 ad
2701 2805 2998 2858 tormenta
3018 2803 3480 2876 perveniunt.Et,
3502 2804 3799 2876 quamvis
3821 2820 4004 2874 ange-

2327 2888 2525 2946 lorum
2550 2894 2728 2963 atque
2744 2889 3061 2947 hominum
3091 2892 3268 2962 longe
3282 2892 3358 2948 sit
3387 2897 3586 2948 natura
3637 2884 3997 2961 aissimilis,

557 2998 734 3039 suam
759 2999 868 3056 per
891 2983 1100 3040 omnia
1129 2983 1480 3057 qualitatem
1523 2987 1762 3040 tenent:
1793 2983 2076 3056 quamvis
2100 2982 2217 3038 illic
2249 3008 2292 3063 ο
2330 2995 2452 3036 una
2474 2985 2676 3038 tamen
2699 2997 2882 3054 pcena
2927 2981 3195 3054 implicat
3249 2999 3404 3056 quos
3442 2999 3595 3039 unus
3644 2983 3715 3038 in
3745 2985 3996 3040 crimine

554 3069 711 3140 ignis
741 3075 799 3129 et
825 3071 905 3129 ad
929 3071 1408 3129 consolationem
1434 3087 1559 3129 non
1601 3072 1777 3141 lucet,
1811 3075 1868 3128 et
1913 3075 2119 3128 tamen
2148 3076 2216 3127 ut
2327 3075 2527 3128 reatus
2556 3070 2739 3141 ligat:
2772 3070 2937 3144 quod
2959 3072 3111 3128 bene
3142 3089 3212 3128 ac
3263 3073 3519 3130 breviter
3552 3072 3843 3130 insinuat
3869 3091 3992 3148 pro-

554 3160 750 3232 magis
779 3165 1057 3234 torqueat
1087 3161 1168 3218 ad
1209 3161 1441 3234 aliquid
1486 3160 1664 3217 lucet.
1720 3163 1869 3217 Nam
1927 3175 2216 3232 sequaces

553 3263 829 3322 quosque
859 3251 992 3322 [al.,
1014 3251 1280 3323 quoque]
1304 3265 1448 3306 suos
1472 3265 1680 3306 secum
1709 3248 1772 3304 in
1801 3253 2099 3305 tormento
2121 3265 2213 3304 re-

549 3337 729 3410 probi
753 3337 1004 3395 ﬂamma
1027 3338 1359 3397 illustrante
1373 3338 1556 3395 visuri
1587 3343 2020 3410 sunt,quorum
2051 3353 2216 3394 amo-

547 3439 613 3482 re
640 3425 1038 3497 deliquerunt,
1069 3431 1366 3498 quatenus
1395 3426 1500 3500 qui
1526 3442 1736 3483 eorum
1773 3426 1961 3482 vitam
1990 3442 2203 3482 carna-

549 3510 683 3567 liter
712 3517 922 3569 contra
949 3517 1252 3585 praecepta
1279 3514 1616 3572 Conditoris
1647 3519 2022 3580 amaverunt,
2043 3515 2208 3587 ipso-

549 3613 687 3656 rum
709 3615 953 3673 quoque
976 3617 1079 3657 eos
1113 3600 1385 3658 interitus
1413 3602 1476 3659 in
1514 3607 1841 3672 augmento
1872 3604 2004 3675 [al.,
2065 3619 2211 3676 aug-

549 3687 845 3764 mentum]
867 3705 991 3746 suae
1021 3688 1428 3746 damnationis
1457 3689 1704 3762 afﬂigat.
1742 3691 1912 3757 Quod
1944 3692 2210 3765 profecto

550 3775 872 3847 Evangelio
914 3781 1060 3835 teste
1098 3776 1458 3848 colligimus,
1508 3779 1572 3835 in
1601 3795 1746 3852 quo,
1779 3780 2030 3838 Veritate
2060 3797 2211 3839 nun-

545 3865 752 3936 tiante,
780 3867 947 3924 dives
974 3867 1092 3935 ille,
1119 3883 1305 3940 quem
1335 3868 1584 3940 contigit
1614 3869 1692 3926 ad
1718 3870 1922 3926 aeterni
1946 3869 2208 3927 incendii

547 3957 846 4013 tormenta
870 3955 1256 4024 descendere,
1275 3955 1543 4029 quinque
1573 3955 1828 4014 fratrum
1847 3958 2211 4017 describitur

545 4044 893 4102 meminisse
923 4046 1091 4112 (Luc.
1125 4061 1244 4116 xv1,
1273 4048 1364 4113 27,
1395 4049 1520 4114 28);
1568 4046 1674 4119 qui
1702 4047 2013 4105 Abraham
2045 4049 2213 4120 petiit

544 4135 612 4186 ut
640 4131 720 4186 ad
750 4147 960 4188 eorum
985 4132 1386 4191 eruditionem
1399 4149 1538 4192 eum
1557 4135 1830 4204 mitteret,
1855 4152 1932 4192 ne
1950 4137 2089 4194 illuc
2106 4153 2210 4194 eos

543 4219 914 4293 quandoque
942 4221 1250 4279 venientes
1274 4237 1386 4295 par
1406 4238 1588 4295 pcena
1615 4224 1923 4282 cruciaret.
1954 4226 2066 4291 Qui
2096 4226 2208 4296 igi-

543 4319 643 4372 tur
673 4308 754 4365 ad
801 4308 1026 4366 doloris
1078 4310 1170 4367 sui
1207 4310 1520 4368 cumulum
1568 4312 2051 4386 propinquorum
2091 4315 2208 4371 ab-

543 4397 802 4454 sentium
840 4398 1133 4466 meminit,
1184 4402 1417 4456 constat
1442 4399 1654 4474 procul
1708 4400 1896 4457 dubio
1926 4401 2071 4474 quia
2100 4419 2203 4460 eos

538 4485 620 4544 ad
649 4492 1075 4558 argumentum
1125 4486 1402 4560 supplicii
1430 4487 1615 4561 paulo
1646 4493 1784 4562 post
1802 4491 1996 4562 potuit
2019 4492 2200 4549 etiam

537 4581 862 4648 praesentes
879 4576 1104 4636 videre.
1134 4575 1288 4642 Quid
1317 4579 1519 4636 autem
1544 4577 1676 4652 [al.,
1703 4593 1846 4649 ergo
1873 4579 1946 4654 ei]
1977 4580 2202 4638 mirum

537 4665 587 4724 si
611 4683 817 4723 secum
847 4681 1090 4740 quoque
1119 4665 1412 4740 reprobos
1463 4667 1717 4741 aspiciat
1769 4669 2044 4742 cremari,
2076 4671 2203 4745 qui,

535 4755 614 4812 ad
644 4757 869 4813 doloris
900 4756 996 4814 sui
1015 4755 1504 4826 cumulum,eum
1529 4773 1714 4830 quem
1734 4758 2109 4833 despexerat,
2140 4761 2204 4818 in

535 4843 671 4899 sinu
698 4845 958 4901 Abrahae
989 4848 1280 4902 Lazarum
1324 4846 1512 4906 vidit?
1569 4846 1627 4904 Si
1684 4847 1758 4920 ei,
1791 4849 1886 4905 cui
1914 4853 1979 4905 ut
2019 4865 2206 4923 paena

533 4936 842 5000 cresceret,
875 4937 933 4988 et
960 4932 1050 4989 vir
1073 4933 1295 4991 electus
1317 4935 1620 5008 apparuit,
1651 4951 1758 4993 cur
1786 4953 1914 4994 non
1946 4938 2204 5001 creden-

531 5016 681 5074 dum
711 5019 783 5075 sit
813 5021 982 5092 quod
1009 5021 1213 5081 videre
1246 5023 1309 5080 in
1342 5023 1638 5098 supplicio
1669 5041 1772 5087 eos
1803 5027 1989 5084 etiam
2047 5043 2202 5100 quos

531 5111 744 5164 contra
773 5110 961 5166 Deum
990 5109 1273 5170 dilexerat
1299 5113 1540 5186 possit?
1569 5130 1696 5188 qua
1713 5130 1788 5174 ex
1811 5130 1875 5171 re
1902 5114 2203 5186 colligitur

529 5197 695 5271 quod
726 5214 828 5255 eos
859 5216 1014 5273 quos
1061 5200 1402 5260 inordinate
1455 5219 1618 5260 nunc
1645 5202 1888 5277 reprobi
1917 5202 2196 5276 diligunt,

524 5287 680 5345 miro
707 5287 920 5360 judicii
946 5289 1157 5348 ordine
1189 5307 1395 5349 secum
1424 5295 1567 5348 tunc
1596 5291 1660 5349 in
1691 5291 2006 5348 tormentis
2035 5294 2202 5351 vide-

521 5375 696 5448 bunt,
723 5383 788 5435 ut
807 5395 1055 5452 poenam
1083 5379 1340 5453 propriae
1367 5379 1696 5453 punitionis
1739 5387 2062 5452 exaggeret
2092 5384 2199 5444 illa

519 5466 764 5524 Auctori
817 5469 1147 5542 praeposita
1195 5468 1457 5528 carnalis
1515 5468 1816 5538 cognatio,
1860 5471 1995 5543 pari
2051 5478 2190 5532 ante

519 5554 730 5611 oculos
758 5547 982 5613 ultione
1039 5556 1351 5613 damnata.
1385 5556 1547 5626 Ignis
1592 5557 1794 5632 itaque
1824 5561 1930 5634 qui
1957 5561 2021 5619 in
2050 5563 2198 5622 obs-

517 5644 764 5700 curitate
799 5645 1046 5716 cruciat,
1100 5643 1470 5703 credendum
1520 5650 1610 5707 est
1655 5649 1799 5721 quia
1852 5650 2059 5712 lumen
2103 5654 2184 5714 ad

2327 3160 2509 3233 phet'i
2541 3160 2646 3232 qui
2679 3160 2796 3216 ait:
2831 3161 2927 3216 Ibi
2953 3161 3168 3229 Assur,
3201 3168 3255 3220 et
3287 3163 3472 3218 omnis
3503 3163 3855 3220 multitudo
3876 3167 3987 3232 ejus

2326 3251 2462 3306 etin
2493 3250 2751 3306 circuitu
2782 3252 2910 3320 ejus
2939 3252 3220 3322 sepulcra
3249 3252 3416 3307 illius
3445 3250 3696 3320 (Επειδὴ.
3727 3269 3876 3318 xxn,
3897 3255 3982 3318 l2).

2327 3341 2469 3406 Quis
2499 3355 2765 3412 namque
2789 3340 3254 3414 Assur,superbi
3279 3340 3435 3411 regis
3460 3340 3741 3412 nomine,
3766 3342 3890 3398 nisi
3906 3341 3982 3397 ille

2323 3444 2432 3502 per
2459 3428 2779 3485 elationem
2805 3427 3027 3485 cadens
3054 3429 3338 3502 antiquus
3367 3430 3559 3486 hostis
3607 3433 3976 3503 exprimitur,

2324 3517 2449 3590 qui,
2470 3533 2581 3590 pro
2604 3534 2674 3574 eo
2709 3518 2876 3590 quod
2905 3519 3126 3575 multos
3147 3518 3227 3575 ad
3257 3518 3496 3592 culpam
3527 3521 3977 3592 pertrahit,cnm

2323 3611 2536 3664 cuncta
2559 3623 2672 3662 sua
2699 3607 3077 3664 multitudine
3106 3608 3185 3665 ad
3206 3608 3420 3664 inferni
3447 3608 3718 3665 claustra
3737 3610 3977 3667 descen-

2323 3693 2450 3752 dit?
2483 3694 2767 3768 Sepulcra
2788 3701 2989 3752 autem
3022 3701 3292 3754 mortuos
3321 3701 3546 3767 tegunt.
3574 3700 3642 3753 Et
3670 3699 3815 3771 quis
3843 3699 3978 3754 alius

2321 3788 2577 3842 mortem
2605 3784 2802 3840 acrius
2848 3785 3092 3858 pertulit
3117 3802 3304 3858 quam
3334 3786 3384 3842 is
3413 3787 3540 3859 qui,
3572 3786 3978 3843 conditionem

2323 3891 2494 3931 suam
2522 3874 2881 3948 despiciens,
2928 3876 3110 3932 vitam
3155 3876 3432 3950 reliquit?
3464 3879 3659 3943 Quem
3705 3875 3979 3932 videlicet

2321 3968 2627 4020 mortuum
2651 3981 2790 4020 cum
2817 3964 3092 4021 humana
3111 3965 3296 4022 corda
3325 3966 3825 4038 suscipi1mt,ejus
3855 3981 3980 4038 pro-

2322 4053 2418 4110 cul
2446 4053 2633 4112 dubio
2655 4052 2928 4126 sepulcra
2955 4053 3108 4110 ﬁunt
3127 4055 3259 4128 [al.,
3283 4055 3464 4126 sunt].
3490 4055 3607 4112 Sed
3627 4057 3691 4110 in
3720 4057 3976 4110 circqu

2321 4141 2488 4197 illius
2515 4142 2794 4210 sepulcra
2822 4143 2948 4212 ejus
2982 4147 3144 4212 sunt,
3172 4143 3314 4214 quia
3341 4143 3403 4198 in
3433 4158 3696 4216 quorum
3720 4158 3789 4198 se
3815 4159 3978 4198 men-

2321 4229 2481 4286 tibus
2506 4245 2669 4286 nunc
2700 4245 2807 4302 per
2836 4230 3133 4290 desideria
3163 4231 3390 4304 sepelit,
3423 4231 3536 4288 hos
3559 4231 3675 4288 sibi
3703 4237 3979 4305 postmo-

2320 4317 2468 4374 dum
2493 4334 2600 4392 per
2630 4322 2927 4376 tormenta
2955 4321 3284 4393 conjungit.
3317 4324 3384 4377 Et
3407 4322 3701 4394 quoniam
3731 4338 3898 4378 nunc
3917 4323 3977 4377 in

2319 4407 2654 4480 semetipsis
2676 4408 2918 4481 reprobi
2935 4409 3235 4480 malignos
3267 4410 3513 4484 spiritus
3543 4411 3750 4467 illicita
3771 4427 3981 4484 perpe-

2317 4496 2533 4556 trando
2560 4497 2915 4570 suscipiunt,
2944 4503 3085 4556 tunc
3115 4499 3390 4574 sepulcra
3416 4517 3626 4558 eorum
3648 4517 3794 4558 cum
3824 4517 3980 4557 mor-

2317 4585 2432 4644 tuis
2471 4585 2815 4659 ardebunt.]

2387 4675 2424 4743 1·
2443 4677 2559 4732 Cur
2584 4680 2787 4733 autem
2816 4676 3163 4736 incredibile
3192 4679 3265 4736 sit
3290 4678 3406 4737 illic
3431 4680 3564 4752 jam
3592 4679 3650 4736 in
3673 4683 3975 4736 aeternum

2315 4765 2639 4824 damnatos
2688 4765 2813 4824 fore
2865 4767 3140 4838 miseros,
3195 4785 3335 4826 cum
3373 4770 3436 4826 in
3471 4771 3589 4826 hac
3620 4769 3740 4825 vita
3768 4769 3974 4827 adhuc

2316 4854 2431 4912 sub
2453 4870 2558 4928 spe
2576 4855 2940 4928 paenitentiae
2970 4856 3252 4928 degentes
3298 4858 3502 4916 multis
3547 4857 3811 4914 miseriis
3842 4875 3975 4916 eon-

2315 4944 2505 5016 tingat
2533 4944 2806 5003 involvi?
2829 4948 2908 5005 De
2936 4946 3159 5019 quibus
3202 4947 3416 5005 beatus
3447 4949 3800 5020 Gregorius,
3830 4950 3894 5006 in
3909 4949 3971 5004 li-

2311 5031 2426 5090 bro
2449 5033 2758 5090 Moralium
2783 5051 2864 5093 xx
2919 5035 3076 5109 (cap.
3134 5035 3242 5107 15).
3299 5041 3388 5095 Ita
3441 5037 3726 5096 disserit:
3759 5038 3970 5112 [Squa-

2316 5121 2499 5179 lentes
2525 5124 2873 5182 calamitate
2927 5131 2981 5182 et
3011 5126 3252 5184 miseria
3299 5127 3426 5198 (Job
3474 5144 3615 5193 xxx,
3649 5128 3730 5199 3).
3795 5129 3968 5198 dign

2311 5226 2576 5286 namque
2605 5229 2746 5270 caro
2779 5213 2826 5270 si
2876 5214 3142 5271 studiose
3186 5216 3382 5274 curari
3421 5216 3770 5287 negligitur,
3805 5232 3964 5290 squa-

2308 5299 2434 5358 lore
2459 5301 2718 5376 desuper
2767 5302 2948 5360 ducto
3007 5303 3069 5360 in
3112 5303 3456 5362 inﬁrmitate
3508 5305 3783 5362 deterius
3845 5321 3962 5377 gra-

2308 5395 2502 5462 vatur,
2571 5395 2646 5461 et,
2714 5391 2862 5448 dum
2943 5392 3266 5450 calamitati
3345 5393 3722 5466 aegritudinis
3793 5394 3958 5466 negl‘r
4069 5423 4071 5432 ι

2309 5480 2522 5550 gentia:
2575 5481 2818 5538 miseria
2870 5481 3091 5554 aditur,
3123 5483 3362 5555 gravior
3416 5483 3696 5542 molestia
3758 5485 3954 5543 oborto

2307 5567 2438 5638 [al.,
2504 5567 2739 5641 oborta]
2807 5570 3086 5643 squalore
3151 5571 3470 5630 toleratur.
3548 5576 3780 5630 Natura
3863 5572 3956 5643 igi-

2306 5659 2402 5715 tur
2433 5657 2705 5718 humana
2745 5658 2900 5718 bene
2941 5660 3202 5732 condita,
3261 5660 3369 5720 sed
3415 5662 3497 5722 ad
3548 5661 3958 5721 inﬁrmitatem
