4128 6200
129 230 269 285 1233

1071 228 1160 282 DE
1197 223 1856 283 PREDESTINATIONE
1894 223 2174 284 CONTRA
2211 229 2256 285 J.
2302 231 2594 292 SCOTUM.

3403 238 3539 294 {23E

122 353 264 409 vitio
295 349 552 423 propriae
570 348 897 408 voluntatis
924 351 1183 425 lapsa,in
1203 350 1608 407 calamitatem
1635 347 1782 405 ceci—
1811 346 1922 404 Ain
1954 349 2186 408 inferno
2216 355 2519 414 damnatis
2566 356 2858 426 attribuis,
2904 361 2962 415 et
3003 373 3042 416 a
3083 356 3322 415 miseris
3366 359 3543 417 mise-

121 441 232 508 dit,
273 438 419 512 quia
445 455 654 512 pressa
689 439 1019 497 innumeris
1048 440 1522 510 necessitatibus,
1548 438 1696 496 nihil
1717 437 1780 494 in

117 529 239 586 hac
281 529 409 586 vita
436 530 555 586 nisi
596 530 757 586 unde
794 530 1154 601 aﬂligeretur
1194 531 1457 601 invenit;
1489 531 1595 587 sed
1643 545 1783 587 cum

117 617 356 675 eisdem
398 622 629 674 naturae
673 623 891 675 nostra:
917 619 1373 677 necessitatibus
1404 621 1781 695 plerumque,

116 707 452 782 plusquam
481 707 742 780 expedit,
782 708 1178 777 deseruimus,
1210 710 1546 784 mentisque
1574 723 1784 766 curam

116 796 508 868 negligimus,
550 812 625 853 ex
665 797 906 855 miseria
926 799 1302 871 negligentiae
1324 799 1654 856 inﬁrmitati
1679 814 1784 855 no-

118 892 260 944 strae
285 886 568 943 addimus
595 887 937 960 squalorem
967 889 1179 963 culpae.
1213 891 1597 947 Necessitates
1615 905 1787 945 nam-

116 993 245 1050 que
265 975 569 1032 naturales
590 976 705 1032 hoc
717 977 940 1034 habere
957 978 1135 1035 valde
1151 979 1554 1052 periculosum
1572 979 1783 1046 solent,

115 1065 293 1139 quod
329 1080 488 1138 saepe
535 1065 599 1122 in
646 1067 730 1122 eis
766 1067 1015 1124 minime
1043 1068 1399 1125 discernitur
1445 1069 1593 1142 quid
1630 1069 1789 1124 circa

116 1155 259 1212 illas
288 1170 396 1228 per
425 1154 691 1212 utilitatis
723 1156 1007 1226 studium,
1054 1162 1112 1214 et
1147 1158 1296 1231 quid
1332 1174 1440 1230 per
1465 1156 1788 1230 voluptatis

112 1244 338 1300 vitium
359 1248 595 1314 agatur.
638 1244 857 1302 Crebro
878 1247 1062 1310 enim,
1086 1247 1404 1304 occasione
1427 1245 1788 1302 seductionis

115 1334 391 1400 inventa,
432 1331 581 1388 dum
608 1334 946 1391 necessitati
983 1334 1188 1392 debita
1215 1335 1546 1404 reddimus,
1578 1335 1788 1408 volup-

117 1423 261 1479 tatis
281 1421 423 1478 vitio
444 1421 839 1490 deservimus,
869 1428 925 1479 et
948 1423 1311 1481 infirmitatis
1330 1424 1622 1483 velamine
1651 1429 1787 1481 ante

115 1510 500 1567 discretionis
531 1510 740 1567 oculos
771 1513 1076 1569 excusatio
1105 1517 1312 1570 nostra
1351 1531 1413 1570 se
1457 1513 1682 1586 palliat,
1717 1527 1787 1568 ac

115 1599 303 1673 quasi
324 1599 437 1655 sub
458 1600 792 1671 patrocinio
813 1600 1122 1674 explendae
1146 1602 1471 1676 voluptatis
1493 1601 1782 1668 occultat;

116 1689 536 1745 inﬁrmitatem
562 1705 702 1746 vero
732 1695 962 1747 naturae
991 1695 1209 1746 nostrae
1229 1707 1336 1765 per
1364 1690 1786 1761 negligentiam
1823 1700 1860 1754 Β

117 1778 420 1847 relaxare,
451 1777 600 1834 nihil
620 1783 708 1836 est
730 1778 894 1835 aliud
921 1796 1108 1853 quam
1135 1780 1457 1837 calamitati
1482 1780 1784 1837 miseriam

116 1865 374 1935 addere,
416 1867 496 1924 ad
532 1867 816 1925 vitiorum
843 1868 1188 1941 squalorem
1213 1885 1286 1925 ex
1311 1869 1525 1925 eadem
1550 1869 1789 1926 miseria

116 1955 545 2028 multiplicare.
574 1957 740 2014 Unde
768 1958 958 2013 sancti
980 1957 1087 2013 viri
1113 1958 1175 2014 in
1195 1973 1375 2014 omne
1395 1958 1560 2031 quod
1580 1961 1786 2027 agunt,

119 2045 579 2102 studiosissima
625 2045 950 2102 intentione
993 2045 1341 2103 discernunt
1367 2063 1445 2103 ne
1473 2047 1619 2120 quid
1654 2046 1791 2120 plus

119 2133 208 2189 ab
252 2133 336 2189 eis
373 2137 605 2190 natura:
637 2150 758 2189 suae
797 2132 1115 2191 inﬁrmitas
1161 2151 1349 2207 quam
1397 2134 1505 2190 sibi
1543 2134 1794 2190 debetur

120 2221 349 2291 exigat,
398 2237 474 2277 ne
510 2222 626 2277 sub
672 2222 1048 2278 necessitatis
1089 2222 1350 2293 tegmine
1379 2222 1440 2278 in
1471 2222 1555 2278 eis
1582 2221 1793 2278 vitium

120 2307 454 2381 voluptatis
509 2313 831 2366 excrescat.
884 2309 1057 2366 Aliud
1105 2309 1268 2366 enim
1312 2326 1386 2366 ex
1431 2308 1793 2374 inﬁrmitate,

121 2396 297 2453 aliud
318 2412 387 2452 ex
413 2397 752 2454 tentationis
774 2398 1157 2469 suggestione
1177 2398 1471 2455 sustinent
1493 2416 1507 2468 ;
1539 2397 1799 2472 et,quasi

121 2486 387 2558 quidam
438 2487 751 2544 rectissimi
798 2488 1000 2544 arbitri
1040 2488 1192 2544 inter
1237 2490 1652 2545 necessitatem
1699 2503 1801 2544 vo-

121 2576 547 2648 luptatemque
568 2576 892 2646 constituti,
922 2576 1080 2632 hanc
1107 2575 1478 2633 consulendo
1500 2577 1632 2648 [al.,
1655 2591 1798 2631 con-

122 2661 418 2734 solando]
445 2663 778 2728 sublevant,
803 2663 968 2720 illam
995 2665 1328 2738 premendo
1354 2664 1609 2720 frenant.
1635 2663 1800 2720 Unde

118 2752 201 2808 ﬁt
234 2755 300 2808 ut
327 2755 384 2808 et
410 2751 764 2810 inﬁrmitatis
808 2770 933 2809 suae
973 2754 1375 2811 calamitatem
1425 2754 1693 2822 tolerent,
1744 2757 1802 2810 et

119 2845 345 2897 tamen
368 2840 446 2896 ad
469 2842 810 2914 squalorem
830 2843 1082 2900 miseriae
1104 2860 1210 2916 per
1228 2843 1654 2916 negligentiam
1676 2858 1800 2898 non

119 2923 529 2987 descendant.
578 2934 697 2988 Hoc
739 2932 939 3005 ipsum
986 2933 1146 2988 enim
1192 2949 1324 2988 esse
1363 2933 1425 2988 in
1463 2931 1800 2988 calamitate

121 3023 242 3084 est,
277 3020 661 3076 necessitates
690 3028 914 3078 natura;
944 3037 1017 3078 ex
1041 3021 1237 3078 carnis
1277 3022 1476 3078 adhuc
1515 3021 1802 3094 corrupti-
1829 3055 1870 3110 ο

117 3106 272 3163 bilis
301 3105 648 3164 inﬁrmitate
689 3110 978 3166 sustinere
1003 3128 1016 3179 ;
1058 3125 1213 3182 quas
1240 3109 1516 3166 videlicet
1543 3109 1800 3164 necessi-

125 3200 291 3253 tates
321 3196 602 3270 cupiebat
629 3198 904 3268 evadere,
935 3199 1042 3271 qui
1067 3198 1338 3255 dicebat:
1373 3200 1460 3254 De
1489 3199 1800 3255 necessita-

124 3285 298 3340 tibus
334 3287 478 3342 meis
517 3287 682 3357 eripe
716 3303 809 3343 me
846 3289 969 3357 (Ps.
1013 3303 1169 3356 xxiv,
1217 3289 1322 3359 17).
1367 3286 1601 3343 Sciebat
1638 3286 1798 3342 enim

119 3373 492 3447 plerumque
547 3375 925 3448 voluptatum
985 3376 1196 3450 culpas
1250 3392 1323 3432 ex
1377 3375 1798 3432 necessitatum

120 3463 454 3520 occasione
484 3481 899 3538 prorumpere,
923 3471 999 3534 et,
1027 3482 1102 3522 ne
1130 3465 1276 3539 quid
1300 3470 1513 3540 sponte
1531 3465 1798 3522 illicitum

121 3551 494 3621 admitteret,
518 3553 631 3610 hoc
653 3554 858 3627 ipsum
882 3555 1196 3624 satagebat
1214 3554 1378 3612 evelli
1400 3554 1568 3628 quod
1586 3553 1797 3610 nolens

123 3657 204 3698 ex
236 3641 438 3698 radice
467 3641 783 3699 tolerabat.
811 3646 880 3699 At
907 3647 1114 3700 contra
1137 3644 1312 3716 pravi
1341 3643 1684 3713 gaudentin
1704 3643 1796 3698 his

121 3730 535 3802 corruptionis
569 3748 691 3786 sua:
718 3731 1188 3795 necessitatibus,
1211 3732 1355 3805 quia
1376 3732 1665 3788 nimirum
1692 3747 1795 3788 eas

120 3819 212 3876 ad
262 3836 441 3875 usum
472 3820 851 3894 voluptatum
879 3826 1244 3894 retorquent.
1278 3823 1428 3876 Cum
1469 3821 1626 3877 enim
1667 3821 1796 3877 reﬁ-

120 3908 362 3964 ciendis
410 3909 544 3966 cibo
590 3911 943 3985 corporibus
971 3916 1203 3968 natura:
1252 3911 1516 3967 serviunt
1553 3926 1659 3982 per
1696 3911 1795 3966 de-

119 3999 517 4056 lectationem
568 4001 718 4072 gulae
774 4002 834 4058 in
877 4001 1202 4075 voluptatis
1260 4000 1522 4071 ingluvie
1575 4000 1794 4056 disten-

113 4089 394 4157 duntur;
427 4106 565 4146 cum
615 4092 884 4162 tegendis
915 4091 1202 4148 membris
1230 4091 1588 4147 vestimenta
1635 4105 1796 4162 quas-

111 4182 286 4244 runt,
357 4194 477 4234 non
541 4179 738 4236 solum
795 4198 929 4254 quae
994 4184 1216 4252 tegant,
1289 4179 1394 4236 sed
1435 4179 1612 4235 etiam
1657 4195 1793 4252 quae

109 4284 236 4342 per
268 4267 578 4324 mollitiem
609 4269 939 4338 delectent;
967 4286 1091 4326 non
1118 4270 1313 4326 solum
1339 4285 1476 4343 quae
1507 4284 1614 4342 per
1640 4268 1791 4324 mol-

109 4359 320 4415 litiem
364 4362 587 4414 tactum
637 4359 962 4426 mulceant,
998 4360 1104 4416 sed
1151 4360 1330 4416 etiam
1377 4375 1484 4433 per
1528 4359 1790 4415 colorem

114 4447 347 4504 oculos
373 4447 662 4505 seducant
681 4450 811 4522 [al.,
847 4451 955 4506 sed
985 4450 1164 4506 etiam
1193 4467 1329 4524 quae
1359 4449 1659 4518 extollant,
1689 4465 1789 4505 ex-

107 4541 368 4611 petunt,
396 4540 454 4591 et
481 4542 684 4594 contra
712 4544 1016 4612 torporem
1039 4539 1271 4609 frigoris
1291 4556 1415 4596 non
1438 4539 1634 4595 solum
1655 4554 1792 4610 quae

107 4644 230 4700 per
254 4625 690 4698 pinguedinem
709 4629 1029 4700 muniant].
1053 4629 1426 4685 Necessitatis
1447 4629 1624 4699 igitur
1654 4643 1796 4683 cau-

111 4731 264 4771 sam
313 4714 377 4769 in
426 4731 602 4771 usum
655 4717 980 4791 voluptatis
1024 4721 1274 4788 vertere,
1321 4717 1467 4788 quid
1510 4721 1598 4772 est
1635 4715 1799 4772 aliud

106 4818 318 4876 quam
350 4801 679 4860 calamitati
707 4821 830 4861 sua:
862 4804 1204 4878 squalorem
1236 4803 1489 4860 miseriae
1519 4803 1746 4859 sociare
1770 4804 1798 4860 ?

104 4895 341 4948 Pressa
383 4889 586 4963 itaque
617 4897 887 4965 tempore
918 4892 1294 4950 adversitatis
1334 4891 1599 4947 Ecclesia
1626 4891 1800 4947 remi-

105 4981 402 5036 niscatur
440 4995 648 5036 eorum
693 4997 764 5037 ex
801 4998 1062 5054 quorum
1100 4981 1312 5037 merito
1349 4980 1489 5036 talia
1521 4980 1793 5049 sustinet,

103 5074 170 5126 et
227 5068 443 5125 dicat:
478 5071 593 5138 Qui
641 5072 934 5128 rodebant
985 5074 1048 5128 in
1101 5070 1424 5128 solitudine
1457 5073 1796 5144 squalentes

101 5161 479 5217 calamitate
509 5166 564 5217 et
592 5163 838 5218 miseria
873 5161 1019 5233 (Job.
1041 5178 1176 5229 xxx,
1206 5163 1280 5234 3),
1315 5164 1663 5220 calamitate
1689 5162 1798 5219 sci-

100 5251 261 5311 licet
292 5265 419 5304 non
447 5251 788 5322 squalerent
821 5251 869 5306 si
899 5251 1089 5307 insitis
1119 5249 1250 5322 [al.,
1281 5251 1340 5306 in
1364 5251 1512 5322 istis]
1536 5251 1795 5308 necessi-

103 5339 358 5396 tatibus
390 5339 774 5412 voluptatum
803 5340 1108 5397 miseriam
1137 5356 1263 5396 non
1302 5340 1793 5413 superadderent,

1894 437 2047 496 riam
2072 439 2285 502 demis.
2320 445 2474 503 Dicis
2500 446 2660 502 enim
2693 463 2710 503 :

2456 585 2694 627 JOANNES
2751 585 2977 627 SCOTUS.

1966 672 2132 746 (Cap.
2163 674 2249 743 16,
2280 691 2449 734 num.
2475 681 2526 743 3,
2566 679 2708 734 sect.
2744 675 2816 748 l.)
2855 681 2894 730 Θ
2938 677 3010 733 In
3036 692 3155 749 qua
3185 683 3307 734 tam
3334 680 3549 735 nullus

1892 763 2005 820 erit
2035 766 2141 834 qui
2168 781 2287 821 non
2314 765 2529 824 habeat
2551 768 2792 823 insitam
2812 767 2926 823 sibi
2939 768 3310 824 naturaliter
3339 769 3548 826 absen-

1895 853 1969 907 tis
2018 851 2403 910 beatitudinis
2440 857 2736 912 notionem
2790 859 3034 929 ejusque
3071 856 3449 926 desiderium,
3481 863 3550 912 ut

1894 956 1959 998 eo
1983 943 2244 999 maxime
2276 950 2627 1014 torqueatur
2655 960 2769 1016 quo
2802 945 3085 1002 ardenter
3116 947 3550 1018 appetat,quod

1884 1031 2117 1100 justum
2161 1032 2274 1088 Dei
2306 1033 2608 1102 judicium
2649 1035 3146 1104 comprehendere
3187 1050 3307 1091 non
3356 1036 3550 1103 sinat;

1896 1119 2002 1191 qui
2019 1121 2242 1189 procul
2269 1121 2448 1176 dubio
2487 1121 2788 1192 appetitus
2817 1123 2882 1178 in
2908 1122 3118 1178 misero
3157 1138 3276 1179 non
3305 1129 3471 1191 esset,
3503 1123 3560 1179 si

1889 1210 2130 1279 penitus
2147 1201 2311 1282 quod
2329 1213 2555 1281 appetit
2575 1227 2696 1268 non
2719 1211 2980 1268 haberet.
3007 1212 3416 1270 Occultissimo
3437 1214 3553 1270 ita-

1895 1314 2008 1370 que
2037 1301 2456 1372 verissimoque
2489 1301 2662 1356 modo
2703 1301 2767 1356 in
2797 1301 3278 1372 profundissima
3325 1303 3555 1372 suppli-

1895 1389 2126 1444 ciorum
2166 1389 2408 1445 miseria
2446 1389 2722 1446 damnati
2755 1389 3054 1446 habebunt
3096 1389 3469 1461 felicitatem,
3501 1395 3556 1446 et

1895 1492 2014 1532 non
2058 1475 2360 1532 habebunt
2409 1489 2574 1547 eam;
2605 1475 2907 1533 habebunt
2949 1477 3184 1548 quidem
3229 1479 3554 1550 quamdam

1893 1567 2190 1622 notionem
2223 1566 2304 1622 ad
2326 1567 2453 1634 ejus
2481 1567 2867 1638 memoriam;
2895 1568 3128 1622 vultum
3158 1582 3296 1623 vero
3321 1570 3449 1637 ejus
3481 1568 3543 1622 in

1892 1657 2165 1727 fructum
2188 1654 2707 1725 contemplationis
2728 1671 2848 1710 non
2872 1655 3195 1712 habebunt.
3221 1658 3409 1724 Quam
3418 1671 3561 1726 pro-

1900 1747 2058 1816 fecto
2078 1746 2395 1815 felicitatis
2426 1745 2745 1815 notionem,
2771 1745 2993 1812 miseri,
3025 1751 3092 1801 ut
3126 1746 3408 1814 diximus,
3442 1762 3563 1802 non

1897 1835 2183 1892 haberent
2204 1836 2268 1890 in
2297 1850 2408 1890 sua
2436 1834 2744 1900 memoria,
2772 1834 2826 1888 si
2845 1849 2967 1889 non
2992 1835 3202 1904 aliqua
3231 1837 3358 1904 ejus
3380 1836 3564 1890 scien-

1898 1924 1983 1980 tia
2008 1925 2179 1994 ﬁeret
2209 1925 2271 1980 in
2301 1937 2412 1980 sua
2434 1927 2681 1979 natura.
2707 1923 2879 1979 Sicut
2907 1930 3105 1978 autem
3147 1923 3354 1988 nullus
3385 1928 3563 1979 extra

1897 2028 1958 2070 se
1977 2013 2247 2069 veritatis
2275 2012 2451 2068 habet
2478 2012 2800 2077 notionem,
2827 2012 2915 2069 ita
2945 2015 3002 2067 et
3031 2013 3158 2080 ejus
3203 2011 3514 2067 scientiam
3539 2008 3567 2054 ε

1901 2103 2120 2160 veritas
2164 2108 2220 2159 et
2260 2102 2546 2172 felicitas.
2598 2101 2824 2158 Nullus
2863 2115 3004 2172 ergo
3053 2105 3230 2157 extra
3275 2105 3562 2156 naturam

1901 2207 2092 2259 suam,
2104 2191 2414 2262 felicitatis
2437 2196 2490 2247 et
2511 2190 2810 2246 notionem
2833 2195 2889 2246 et
2905 2189 3216 2245 scientiam
3245 2188 3566 2246 habiturus

1902 2282 1999 2338 sit.
2032 2281 2106 2336 In
2144 2281 2494 2337 miserorum
2525 2280 2729 2351 itaque
2762 2284 2988 2335 natura
3023 2279 3137 2334 erit
3177 2278 3420 2349 veritas,
3451 2277 3569 2333 erit

1903 2371 2094 2442 igitur
2125 2370 2410 2440 felicitas.
2450 2371 2560 2424 Ast
2603 2367 2892 2440 quomodo
2931 2368 3044 2423 illa
3084 2372 3309 2423 natura
3348 2367 3569 2422 misera

1905 2461 2040 2528 erit,
2069 2459 2168 2515 cui
2191 2459 2455 2529 felicitas
2486 2457 2688 2524 inerit,
2734 2471 2866 2528 qua:
2913 2462 2998 2513 est
3033 2457 3274 2512 veritas.
3321 2455 3477 2521 Quid
3516 2454 3572 2510 si

1906 2548 2083 2604 nulla
2112 2552 2335 2602 natura
2359 2547 2551 2617 fuerit
2565 2546 2787 2615 punita
2808 2544 2836 2601 ?
2865 2545 3144 2618 nunquid
3168 2545 3282 2601 erit
3306 2545 3570 2601 misera?

1905 2637 2042 2694 Non
2074 2635 2241 2692 video
2267 2651 2290 2692 .·
2309 2650 2425 2706 quo
2447 2636 2601 2691 enim
2619 2649 2804 2692 causa
2828 2634 3038 2707 aliqua
3067 2639 3294 2690 natura
3323 2634 3438 2690 erit
3463 2633 3572 2689 mi-

1906 2740 2060 2791 sera,
2093 2724 2214 2780 nisi
2251 2724 2444 2795 fuerit
2477 2725 2697 2794 punita
2720 2727 2749 2780 ?
2775 2725 2988 2796 Itaque
3029 2723 3083 2779 si
3127 2724 3304 2780 nulla
3342 2729 3570 2780 natura

1898 2813 2118 2884 puniri
2145 2817 2358 2882 potest,
2391 2813 2569 2869 nulla
2596 2819 2823 2869 natura
2851 2813 3072 2868 misera
3114 2813 3248 2868 erit.
3286 2812 3426 2879 Quis
3465 2826 3572 2867 au-

1909 2908 2022 2958 tem
2044 2917 2163 2957 non
2185 2901 2504 2957 crediderit
2528 2916 2756 2957 omnem
2780 2905 3063 2956 naturam
3087 2906 3193 2955 aut
3211 2901 3399 2955 Deum
3425 2915 3567 2972 esse,

1909 2996 2012 3048 aut
2043 2991 2119 3047 ab
2150 3005 2213 3046 eo
2235 2990 2467 3060 factam
2499 2989 2527 3044 ?
2554 2991 2709 3060 (cap.
2746 2990 2829 3056 l3,
2857 3003 3026 3043 num.
3061 2988 3115 3056 4,
3148 2991 3292 3043 sect.
3333 2988 3409 3055 l.)
3439 2988 3567 3043 Na-

1909 3088 2107 3137 turam
2137 3079 2485 3136 creatricem
2515 3079 2767 3134 miseria
2787 3091 2907 3134 esse
2936 3092 3215 3146 capacem
3246 3077 3566 3132 dementis-

1907 3171 2120 3225 simum
2153 3174 2236 3224 est
2265 3168 2582 3237 suspicari.
2613 3166 2898 3223 Creatria:
2918 3171 3118 3224 autem
3136 3171 3363 3222 natura
3397 3165 3570 3236 quali

1897 3258 2142 3328 justitia
2155 3258 2454 3327 punitura
2484 3257 2562 3312 sit
2581 3261 2835 3312 naturas
2856 3270 3004 3327 quas
3020 3256 3153 3324 ipsa
3173 3255 3421 3323 creavit,
3444 3269 3567 3309 non

1907 3347 2366 3405 invenio.Nulla
2381 3345 2598 3402 dehinc
2618 3350 2844 3402 natura
2861 3345 3192 3417 punietur;
3209 3359 3330 3402 non
3343 3344 3568 3414 punita

1905 3453 2026 3494 non
2047 3437 2161 3494 erit
2187 3438 2426 3493 misera.

2574 3556 2902 3601 CORRECTIO.

1974 3652 2010 3719 Τ
2035 3653 2078 3709 Ο
2109 3650 2581 3724 disputationem
2608 3649 3003 3705 vanissimam
3033 3649 3046 3706 l
3081 3663 3118 3706 ο
3139 3647 3366 3719 dogma
3386 3647 3567 3720 pesti-

1903 3740 2132 3797 ferum!
2185 3756 2221 3797 ο
2247 3740 2569 3796 vanitatem
2609 3738 2858 3794 venenis
2906 3737 3228 3794 lethalibus
3267 3736 3516 3793 oblitam
3548 3733 3565 3792 l

1901 3844 2120 3901 nempe
2145 3826 2329 3899 paulo
2361 3832 2497 3883 ante
2528 3827 2767 3882 dixeras
2796 3826 2956 3897 quod
2989 3827 3054 3880 in
3094 3823 3568 3894 magno-ceterni

1901 3919 2058 3989 ignis
2081 3917 2300 3973 ardore
2317 3915 2475 3970 nihil
2494 3914 2668 3970 aliud
2683 3919 2826 3969 esset
2837 3913 3098 3982 poenalis
3117 3911 3359 3966 miseria
3384 3925 3564 3980 quam

1899 4005 2212 4077 felicitatis
2251 4003 2539 4058 absentia.
2583 4004 2751 4057 Nunc
2780 4003 2983 4056 autem
3028 4014 3101 4054 eo
3130 4013 3323 4072 usque
3360 3997 3567 4069 dispu-

1903 4094 2044 4150 tatio
2115 4096 2216 4148 tua
2266 4089 2561 4164 producta
2625 4092 2713 4144 est
2779 4092 2846 4144 ut
2911 4086 3178 4144 auferres
3235 4086 3560 4155 miseriam,

1902 4199 2090 4256 quam
2127 4181 2292 4255 prius
2337 4178 2611 4246 dederas,
2651 4183 2708 4235 et
2750 4176 2926 4234 dares
2969 4176 3328 4244 felicitatem,
3373 4191 3563 4250 quam

1903 4274 2070 4347 prius
2103 4271 2459 4329 abstuleras.
2492 4270 2698 4327 Tantis
2728 4269 2930 4342 itaque
2959 4268 3476 4325 contrarietatibus
3506 4272 3563 4324 te

1903 4365 2103 4436 ipsum
2149 4362 2428 4435 impedis,
2471 4365 2554 4430 ut,
2604 4359 3016 4433 labyrinthum
3058 4358 3387 4430 ingressus,
3419 4357 3564 4430 quia

1904 4454 2074 4510 ﬁlum
2101 4453 2362 4509 rectricis
2386 4451 2588 4521 gratiae
2610 4467 2733 4506 non
2754 4449 2992 4523 quaeris,
3023 4464 3147 4521 qua
3174 4447 3328 4504 elabi
3357 4445 3562 4502 valeas

1905 4543 2151 4599 minime
2192 4542 2479 4598 invenias.
2530 4541 2682 4602 Quid
2715 4541 2892 4610 igitur
2919 4541 2947 4596 ?
2991 4537 3276 4612 Nunquid
3305 4541 3562 4593 caecatus

1904 4632 2208 4705 quispiam
2250 4631 2386 4687 ideo
2428 4646 2553 4686 non
2585 4629 2808 4687 carebit
2837 4628 3047 4699 oculis,
3083 4627 3228 4701 quia
3251 4625 3562 4682 notionem

1903 4720 2248 4779 habitorum
2271 4719 2583 4792 quondam
2611 4717 2924 4776 oculorum
2949 4716 3149 4773 adhuc
3175 4717 3238 4772 in
3267 4715 3562 4773 memoria

1903 4808 2166 4865 retinet?
2196 4807 2472 4880 nunquid
2501 4807 2752 4863 claudus
2781 4805 2918 4862 ideo
2936 4805 3112 4862 rectis
3142 4805 3399 4878 pedibus
3428 4805 3559 4870 erit,

1905 4899 2051 4971 quia
2088 4896 2179 4953 vel
2223 4913 2284 4952 se
2322 4912 2596 4969 unquam
2635 4895 2816 4952 fuisse
2859 4899 3089 4951 rectum
3125 4894 3417 4965 meminit,
3463 4893 3560 4950 vel

1906 5004 2034 5045 esse
2054 4986 2374 5053 desiderat,
2406 4985 2498 5042 vel
2523 4985 2672 5042 alios
2701 4987 2894 5041 rectos
2931 4984 3206 5042 incedere
3247 4984 3560 5058 conspica-

1905 5081 2001 5134 tur
2024 5077 2052 5132 ?
2090 5075 2372 5148 Nunquid
2400 5074 2787 5148 paralyticus,
2822 5074 2990 5130 omni
3018 5073 3431 5131 membrorum
3475 5075 3560 5132 of-

1903 5165 2040 5222 ﬁcio
2081 5164 2416 5229 destitutus,
2445 5164 2582 5220 ideo
2624 5165 2731 5221 erit
2774 5180 2962 5222 sanus
3001 5168 3059 5220 et
3103 5163 3362 5235 validus,
3412 5164 3560 5236 quia

1903 5255 2055 5310 inest
2081 5255 2209 5325 ejus
2241 5255 2543 5310 memoriae
2581 5254 2947 5310 desiderium
2977 5257 3156 5328 atque
3187 5253 3436 5309 scientia
3466 5269 3560 5308 sa-

1903 5343 2105 5399 nitatis
2134 5344 2162 5399 ?
2192 5346 2279 5412 Et,
2321 5359 2395 5400 ne
2427 5343 2614 5400 multa
2633 5344 2936 5418 replicem,
2968 5343 3246 5416 nunquid
3278 5345 3560 5414 peccator

95 5444 280 5503 quas
305 5428 588 5486 videlicet
611 5430 994 5488 necessitates
1025 5447 1097 5486 ex
1123 5430 1390 5504 parentis
1417 5429 1596 5502 primi
1619 5429 1796 5501 culpa
1905 5431 2151 5502 quilibet
2171 5432 2308 5488 ideo
2329 5449 2452 5488 non
2473 5433 2582 5490 erit
2599 5438 2881 5506 peccator
2898 5430 2992 5489 vel
3019 5430 3561 5504 impius,quoniam

95 5517 511 5591 meruimus.]
1900 5520 2144 5592 justitiae
2181 5526 2239 5577 et
2283 5523 2522 5593 pietatis
2551 5524 2858 5580 notionem
2888 5523 2949 5578 in
2980 5520 3510 5583 memoriarecolit
3533 5522 3562 5577 ‘P

183 5611 236 5679 -ι-
264 5607 412 5664 Post
431 5608 558 5665 hrec
581 5608 754 5666 addis
775 5609 1206 5684 blasphemias,
1230 5613 1288 5666 et
1308 5608 1467 5665 mala
1489 5608 1796 5680 pejoribus
1907 5612 2010 5666 aut
2041 5625 2072 5663 e
2102 5611 2401 5665 contrario
2427 5613 2623 5682 justus
2653 5618 2711 5668 et
2737 5613 2874 5685 pius
2914 5611 3138 5667 idcirco
3157 5627 3281 5668 non
3311 5611 3420 5667 erit
3439 5611 3567 5680 jus-

92 5712 410 5774 aggeras,
443 5697 548 5772 qui
571 5702 778 5758 contra
803 5698 1079 5757 omnium
1107 5697 1422 5772 opiniones
1450 5697 1786 5758 felicitatem
1906 5702 2002 5758 tus
2033 5701 2089 5756 et
2128 5697 2286 5771 pius,
2326 5699 2472 5771 quia
2508 5699 2812 5772 injustitiae
2839 5704 2898 5758 et
2923 5699 3266 5776 impietatis,
3297 5713 3434 5772 quae
3463 5713 3568 5772 pe.
