4128 6200
236 163 369 223 1287

1124 165 1213 219 DE
1251 163 1919 227 PREDESTINATIONB
1953 162 2231 225 CONTRA
2270 169 2320 229 ὖ.
2362 170 2668 237 ΒΟΟΤΗΜ.

3502 185 3636 243 1288

300 283 555 345 Proinde
582 256 749 357 quod
778 285 926 341 dicis
948 289 1003 341 te
1032 302 1155 341 non
1184 286 1445 343 invenire
1470 288 1635 361 quali
1654 287 1883 360 justitia
1915 291 1964 354 Α
1994 304 2133 345 cum
2156 291 2269 348 sibi
2301 294 2483 361 velint
2512 296 2685 355 tribui
2711 297 2760 353 si
2787 297 2936 373 quid
2957 297 3187 368 egerint
3205 299 3351 357 boni
3373 319 3385 357 :
3407 304 3641 367 Mulier

224 373 480 431 creatrix
499 377 719 435 natura
738 373 1023 447 punitura
1039 374 1112 433 sit
1131 378 1378 437 naturas
1398 394 1552 450 quas
1569 379 1703 451 ipsa
1722 393 1884 433 crea-

222 463 309 519 vit
335 463 490 535 (cap.
551 468 603 530 6,
637 479 805 525 num.
835 463 919 531 16,
950 468 1091 520 sect.
1129 467 1202 536 1),
1231 467 1506 539 nunquid
1531 484 1656 524 non
1686 466 1882 537 legisti

218 551 626 624 justissimum
657 555 844 609 Deum
871 569 1055 611 causa
1075 553 1492 617 inobedicntiae
1522 558 1749 629 primos
1780 572 1883 612 no-

226 640 331 697 stri
385 639 620 709 generis
678 646 1109 713 propagatores
1147 645 1445 717 punisse?
1476 645 1640 717 (Gen.
1675 661 1758 716 ιιι,
1795 648 1879 712 16,

228 734 340 796 17.)
384 732 531 785 Nam
587 729 874 789 consultis
925 731 1158 791 Domini
1210 731 1458 793 eosdem
1515 733 1878 805 increpantis

222 818 444 885 verbis,
475 817 697 890 quibus
742 817 1180 889 benignissima
1211 821 1498 894 patientia
1528 821 1882 881 eorumdem

222 905 656 980 paenitudinem
690 907 1019 981 quaerebat,
1042 925 1166 982 qua
1186 909 1414 981 justitia
1443 910 1635 984 puniti
1667 909 1884 969 fuerint

220 995 572 1055 ostenditur.
596 997 676 1051 Et
699 998 931 1057 vocavit
951 998 1055 1067 (ait
1078 998 1397 1071 Scriptura)
1422 1001 1709 1056 Dominus
1726 1002 1881 1056 Deus

219 1087 441 1158 Adam,
472 1092 527 1144 et
569 1086 726 1143 dixit
770 1088 871 1145 illi
900 1106 913 1143 :
980 1088 1094 1146 Ubi
1136 1104 1195 1147 es
1221 1093 1250 1145 .9
1278 1090 1601 1160 Respondit
1631 1091 1829 1146 Adam
1863 1108 1876 1148 :

233 1179 439 1237 Vocem
470 1182 636 1235 tuam
667 1177 881 1234 audivi
906 1179 967 1234 in
987 1179 1311 1246 Paradiso,
1342 1186 1396 1235 et
1418 1181 1595 1236 timui
1610 1181 1754 1251 quia
1775 1196 1881 1236 nu-

218 1267 331 1324 dus
357 1282 507 1331 sum,
541 1271 596 1325 et
626 1266 913 1323 abscondi
942 1283 1034 1324 me
1060 1268 1227 1336 (Gen.
1255 1285 1333 1336 ιιι,
1360 1270 1466 1340 10).
1502 1269 1644 1325 llinc
1673 1269 1878 1338 Augu-

218 1356 409 1413 stinus
427 1355 488 1410 in
510 1354 662 1413 libro
686 1355 1008 1413 undecimo
1024 1355 1099 1412 de
1120 1357 1331 1415 Genesi
1347 1358 1425 1415 ad
1448 1356 1875 1429 litteram(cap.

217 1446 331 1517 34).
367 1444 562 1516 [Satis,
593 1444 808 1521 inquit,
844 1445 1157 1517 probabile
1186 1451 1277 1502 est
1309 1446 1497 1504 solere
1546 1450 1732 1503 Deum
1772 1461 1881 1517 per

214 1538 553 1593 creaturam
580 1532 681 1590 tali
711 1532 931 1593 actioni
955 1549 1289 1605 congruam
1315 1535 1375 1591 in
1399 1534 1595 1591 forma
1608 1535 1880 1591 humana

1992 376 2204 451 inquit,
2236 399 2416 454 quam
2448 387 2667 449 dedisti
2710 402 2959 457 mecum,
2993 386 3056 443 id
3097 391 3185 445 est
3214 404 3401 461 quam
3430 393 3650 457 dedisti

1994 472 2059 523 ut
2083 475 2236 527 esset
2266 488 2524 543 mecum,
2557 475 2687 531 lltBO
2734 476 2885 532 mihi
2935 476 3098 533 dedit
3146 492 3184 533 a
3234 478 3398 549 ligno
3446 489 3503 540 et
3555 485 3654 545 edi

1992 557 2193 624 (Ibid.,
2225 562 2344 632 t2):
2377 563 2554 634 quasi
2584 564 2663 620 ad
2689 564 2804 622 hoc
2834 563 2977 621 data
3006 564 3080 621 sit
3117 569 3183 622 ut
3210 581 3335 627 non
3376 569 3510 643 ipsa
3538 586 3649 644 po-

1994 645 2107 703 tius
2133 647 2401 707 obediret
2423 651 2569 723 viro,
2601 658 2656 709 et
2687 652 2869 711 ambo
2900 656 3039 711 Deo.
3072 655 3153 713 Et
3181 656 3341 718 dixit
3358 660 3648 719 Dominus

1990 735 2148 792 Deus
2179 740 2423 797 mulieri
2448 756 2472 798 .·
2497 742 2643 813 quid
2671 742 2783 800 hoc
2805 743 3049 813 fecisti?
3087 745 3165 805 Et
3193 745 3350 805 dixit
3377 751 3599 809 mulier
3630 768 3644 807 :

1990 824 2249 895 Serpens
2279 829 2519 888 seduxit
2547 846 2657 899 me,
2689 837 2744 889 et
2773 832 3140 891 manducavi
3165 833 3366 908 (Ibid,
3402 838 3506 911 13).
3532 842 3647 901 Nec

1990 912 2102 972 ista
2144 915 2457 974 conﬁtetur
2502 924 2836 995 peccatum,
2889 921 2997 978 sed
3043 922 3103 980 in
3147 922 3401 983 alterum
3448 928 3646 1001 refert,

1990 1001 2207 1076 impari
2254 1022 2424 1076 sexu,
2452 1009 2582 1080 pari
2624 1009 2803 1069 fastu.
2837 1013 2923 1067 Ex
2964 1011 3057 1069 his
3090 1016 3291 1073 tamen
3330 1019 3509 1075 natus
3537 1022 3648 1087 est,

1988 1108 2099 1149 nec
2129 1109 2232 1151 eos
2277 1096 2544 1157 imitatus
2569 1102 2676 1166 est,
2710 1098 2816 1155 sed
2858 1104 3061 1158 tamen
3086 1102 3214 1173 [al.,
3243 1104 3440 1178 plane]
3464 1108 3649 1180 pluri-

1988 1180 2104 1239 bus
2133 1183 2307 1244 malis
2334 1187 2629 1244 exercitus
2655 1185 2785 1262 [al.,
2807 1189 3187 1264 exercitatus]
3212 1193 3316 1266 qui
3343 1195 3491 1253 dixit
3514 1197 3643 1268 [al.,

1989 1270 2148 1343 dicit]
2197 1279 2251 1330 et
2287 1274 2428 1333 dicit
2477 1293 2673 1350 usque
2722 1277 2803 1334 ad
2854 1278 3177 1337 terminum
3229 1284 3432 1342 seaculi
3463 1303 3475 1341 :
3512 1287 3643 1357 Ego

1988 1360 2121 1419 dixi
2149 1378 2162 1417 :
2194 1364 2463 1436 Domine,
2494 1368 2772 1425 miserere
2796 1370 2931 1440 mei,
2953 1385 3105 1429 sana
3135 1372 3401 1432 animam
3427 1389 3640 1446 meam,

1988 1454 2268 1522 quoniam
2309 1458 2556 1524 peccavi
2583 1458 2692 1515 tibi
2734 1459 2862 1528 (Ps.
2892 1475 2987 1527 XL,
3018 1460 3093 1532 5).
3152 1462 3385 1525 Quanto
3430 1464 3644 1522 melius

1989 1538 2075 1595 sic
2111 1544 2166 1597 et
2213 1539 2355 1598 isti?
2394 1543 2498 1600 sed
2537 1543 2738 1603 adhuc
2782 1546 3041 1605 cervices
3089 1555 3475 1620 peccatorum
3519 1568 3644 1611 non

212 1622 425 1698 primis
449 1622 565 1679 illis
594 1622 946 1681 hominibus
977 1638 1289 1696 apparere,
1316 1640 1473 1697 quos
1500 1628 1701 1681 tamen
1721 1638 1877 1681 nun-
1909 1643 1949 1705 Β
1988 1629 2333 1688 conciderat
2362 1632 2651 1695 Dominus
2680 1634 2800 1706 (Ps.
2836 1640 3077 1701 cxxviu.
3106 1640 3184 1706 4).
3213 1639 3522 1698 restabant
3556 1640 3645 1698 la-

215 1728 404 1785 quam
434 1711 706 1785 permisit
731 1710 1041 1769 advertere
1071 1713 1407 1769 nuditatem
1438 1728 1636 1785 suam,
1667 1728 1879 1771 eorum

214 1800 608 1857 intentionem
639 1800 700 1856 in
732 1816 995 1874 superna
1025 1801 1344 1858 sustollens
1369 1820 1382 1870 ;
1410 1801 1522 1859 nisi
1552 1818 1711 1871 cum,
1744 1806 1881 1875 post

216 1893 557 1964 peccatum,
584 1888 939 1961 pudendum
966 1889 1027 1946 in
1057 1890 1345 1947 membris
1375 1896 1609 1949 motum
1652 1889 1877 1964 poenali

218 1978 633 2036 membrorum
664 1978 793 2049 lege
837 1978 1179 2037 sensissent.
1207 1980 1297 2037 Sic
1327 1996 1470 2049 ergo
1513 1979 1707 2047 affecti
1738 1982 1880 2050 sunt

219 2072 283 2124 ut
313 2067 505 2124 solent
557 2066 715 2123 afﬁci
759 2066 1035 2125 homines
1067 2068 1183 2124 sub
1205 2125 1209 2128 _
1229 2068 1419 2125 oculis
1443 2069 1782 2126 hominum.
1812 2071 1879 2125 Et

218 2156 352 2214 talis
378 2155 612 2217 affectio
641 2156 717 2212 de
739 2156 968 2229 peccati
987 2173 1172 2230 paena
1191 2162 1336 2227 erat,
1359 2173 1498 2214 eum
1524 2158 1706 2214 latere
1726 2156 1876 2214 velle

215 2261 400 2318 quem
429 2245 613 2302 latere
643 2244 791 2300 nihil
820 2250 1037 2318 potest,
1070 2250 1127 2302 et
1154 2246 1233 2303 ab
1276 2262 1348 2303 eo
1405 2262 1649 2303 carnem
1675 2245 1874 2305 occul-

214 2338 336 2391 tare
376 2334 481 2407 qui
513 2334 710 2391 cordis
766 2334 1070 2407 inspector
1119 2339 1228 2392 est.
1264 2335 1377 2392 Sed
1408 2336 1553 2408 quid
1584 2337 1802 2393 mirum
1827 2335 1875 2392 si

217 2423 477 2497 superbe
507 2424 641 2496 [al.,
672 2422 937 2499 superbi]
968 2424 1237 2485 volentes
1262 2441 1395 2481 esse
1418 2424 1569 2482 sicut
1593 2425 1697 2494 dii,
1720 2426 1875 2484 Eva-

211 2520 477 2570 nuerunt
506 2515 568 2569 in
597 2514 1065 2584 cogitationibus
1093 2515 1237 2580 suis,
1259 2520 1324 2571 et
1355 2515 1738 2572 obscuratum
1791 2521 1876 2585 est

210 2602 499 2674 insipiens
529 2618 633 2660 cor
657 2618 860 2660 eorum
885 2603 912 2658 ‘?
943 2603 1132 2674 (Rom.
1160 2620 1201 2674 1,
1222 2607 1335 2673 2t).
1355 2606 1426 2661 Se
1455 2605 1683 2677 quippe
1713 2605 1876 2662 dixe-

214 2699 363 2749 runt
393 2708 510 2750 esse
530 2695 822 2763 sapientes
842 2692 905 2749 in
926 2692 1301 2751 abundantia
1327 2710 1457 2759 sua,
1481 2698 1555 2762 et,
1583 2693 1683 2750 illo
1714 2710 1875 2753 aver-

217 2785 376 2841 tente
396 2780 631 2854 faciem,
651 2783 828 2839 stulti
841 2782 995 2852 facti
1012 2789 1154 2839 sunt
1171 2783 1372 2855 (Ibid.,
1396 2783 1506 2855 22),
1525 2783 1691 2856 quod
1713 2784 1874 2841 enim

208 2871 339 2942 jam
372 2870 538 2943 ipsos
568 2870 836 2943 pudebat
865 2886 1007 2941 erga
1037 2871 1286 2944 seipsos,
1319 2873 1479 2928 unde
1512 2872 1626 2929 sibi
1654 2877 1710 2928 et
1739 2889 1873 2929 suc-

217 2959 504 3015 cinctoria
523 2958 799 3028 fecerant,
824 2960 1015 3018 multo
1036 2961 1448 3017 vehementius
1474 2961 1552 3018 ab
1572 2961 1673 3021 illo
1695 2961 1874 3021 etiam

218 3047 304 3105 sic
347 3047 632 3104 succincti
662 3048 845 3107 videri
872 3048 1254 3117 videbantur,
1283 3050 1410 3123 qui,
1444 3055 1732 3123 tanquam
1782 3050 1871 3108 fa-

212 3136 432 3194 miliari
466 3141 955 3210 temperamento,
989 3139 1068 3196 ad
1113 3155 1216 3195 eos
1260 3138 1552 3196 videndos
1581 3156 1688 3213 per
1714 3156 1874 3199 crea-

214 3232 413 3284 turam
448 3227 745 3285 visibilem
774 3228 936 3285 velut
964 3229 1267 3287 humanos
1296 3228 1539 3286 occulos
1563 3229 1869 3289 afferebat.

216 3318 273 3373 Si
325 3319 484 3377 enim
534 3323 854 3393 propterea
884 3319 966 3377 sic
996 3321 1331 3394 apparebat
1352 3325 1417 3377 ut
1441 3321 1721 3377 homines
1748 3326 1875 3379 tan-

223 3424 411 3480 quam
442 3424 582 3468 cum
609 3409 855 3467 homine
891 3408 1299 3483 loquerentur,
1349 3410 1873 3482 quemadmodum

213 3496 518 3557 Abraham
542 3497 621 3554 ad
658 3514 952 3570 quercum
981 3497 1245 3557 Mambre
1274 3500 1441 3573 (Gen.
1471 3516 1635 3573 XVIII,
1672 3502 1741 3572 1),
1772 3500 1874 3559 illa

208 3585 344 3658 ipsa
371 3602 561 3660 prope
592 3586 856 3644 amicitia
882 3587 1116 3661 pudore
1141 3589 1436 3646 onerabat
1464 3594 1603 3663 post
1656 3606 1871 3662 pecca-

211 3679 363 3747 tum,
411 3693 547 3749 qua:
605 3676 895 3735 ﬁduciam
946 3676 1135 3739 dabat
1182 3684 1319 3737 ante
1373 3683 1687 3752 peccatum
1715 3696 1729 3745 ;
1762 3696 1871 3737 nec

203 3766 337 3837 jam
363 3764 530 3823 illam
578 3766 911 3823 nuditatem
961 3766 1268 3826 audebant
1305 3769 1623 3827 ostendere
1654 3768 1872 3831 talibus

211 3855 427 3926 oculis,
457 3872 594 3928 quin
625 3855 983 3928 displicebat
1012 3861 1069 3913 et
1098 3857 1241 3913 suis.

286 3946 574 4003 Dominus
612 3961 755 4017 ergo
803 3945 1011 4002 volens
1036 3946 1165 4018 jam
1197 3950 1560 4018 peccatores,
1590 3964 1757 4009 more
1777 3947 1873 4019 ju-

210 4033 384 4090 stitim
414 4035 828 4105 interrogatos,
860 4035 1073 4107 punire
1104 4034 1366 4107 amplius
1394 4051 1582 4107 quam
1620 4040 1746 4093 erat
1769 4035 1871 4094 illa

207 4137 396 4196 pinna
431 4122 506 4181 de
556 4139 680 4196 qua
721 4124 846 4196 jam
871 4125 1239 4194 cogebantur
1288 4124 1682 4183 erubescere:
1726 4123 1868 4192 Quis

208 4213 538 4283 nuntiavit,
565 4213 778 4285 inquit,
813 4213 922 4270 tibi
967 4214 1110 4285 quia
1158 4214 1355 4270 nudus
1386 4228 1465 4280 es,
1497 4214 1620 4269 nisi
1639 4230 1675 4272 a
1704 4214 1868 4285 ligno

208 4302 375 4373 quod
388 4317 788 4372 prxceperam
822 4302 932 4358 tibi
960 4307 1195 4360 tantum
1242 4318 1316 4360 ne
1343 4317 1419 4361 ex
1448 4318 1511 4359 eo
1540 4303 1871 4361 manduca-

209 4406 330 4462 res,
363 4392 437 4448 ab
479 4407 545 4450 eo
596 4393 813 4451 edisti?
844 4392 1009 4460 (Gen.
1044 4408 1126 4460 ιιι,
1165 4396 1274 4461 11.)
1307 4392 1449 4449 Hinc
1495 4392 1654 4450 enim
1700 4408 1866 4450 mors

209 4485 508 4553 concepta
553 4485 802 4553 propter
854 4481 954 4538 Dei
998 4482 1353 4539 sententiam
1399 4482 1504 4554 qui
1548 4483 1630 4540 sic
1678 4483 1871 4540 fuerat

208 4569 616 4629 comminatus
627 4614 640 4638 ,
655 4569 791 4627 fecit
805 4570 1034 4631 adverti
1051 4570 1666 4643 concupiscentialiter
1685 4589 1871 4629 mem~

203 4657 326 4717 bra
365 4657 467 4716 ubi
498 4658 627 4729 [al.,
658 4663 713 4716 et
742 4658 846 4729 ibi]
874 4657 1015 4714 dicti
1043 4662 1183 4716 sunt
1219 4660 1417 4728 aperti
1452 4661 1631 4717 oculi.
1680 4663 1749 4718 Et
1778 4676 1868 4717 se-

210 4749 419 4803 cutum
441 4751 531 4803 est
556 4748 724 4820 quod
766 4747 1019 4821 puderet
1046 4748 1178 4813 [al.,
1208 4749 1524 4820 puderent]
1551 4766 1565 4817 ;
1593 4750 1673 4805 Et
1710 4750 1869 4807 dixit

208 4834 447 4893 Adam:
476 4836 700 4896 Mulier
755 4851 936 4908 quam
993 4834 1210 4897 dedisti
1255 4850 1501 4903 meeum,
1548 4837 1673 4897 hate
1721 4836 1871 4905 mihi

207 4922 377 4980 dedit
423 4939 461 4983 a
510 4925 694 4995 ligno,
722 4929 778 4982 et
822 4924 918 4983 edi
956 4925 1125 4996 (Gen.
1158 4940 1371 4996 Lxxvu,
1410 4924 1518 4997 t2).
1577 4924 1869 4998 Superbia

203 5012 483 5084 nunquid
512 5012 660 5071 dixit
691 5031 704 5069 :
738 5014 1023 5072 Peccavi?
1056 5013 1347 5087 Superbia
1377 5013 1562 5073 habet
1589 5014 1870 5073 deformi-

202 5103 395 5159 tatem
415 5103 555 5160 cont
560 5102 808 5169 usionis,
831 5107 888 5161 et
906 5118 1029 5160 non
1054 5103 1238 5160 habet
1266 5103 1656 5162 confessionis
1676 5105 1868 5165 humi-

200 5188 455 5247 litatem.
488 5190 578 5247 Ad
603 5191 718 5251 hoc
764 5191 879 5250 ista
908 5192 1248 5267 conscripta
1289 5199 1429 5251 sunt
1467 5194 1610 5267 quia
1636 5199 1694 5251 et
1720 5194 1866 5268 ipsa

200 5280 704 5350 interrogationes
754 5279 1041 5339 nimirum
1088 5282 1170 5339 ad
1195 5282 1311 5339 hoc
1340 5282 1511 5341 factm
1555 5287 1696 5341 sunt
1730 5287 1870 5343 utet

202 5368 499 5429 veraciter
528 5374 586 5427 et
616 5369 831 5432 utiliter
885 5371 1319 5439 scriberentur;
1358 5372 1501 5444 quia
1532 5372 1583 5428 si
1622 5374 1869 5431 menda-

205 5455 374 5525 citer,
407 5473 532 5519 non
553 5459 757 5532 utique
789 5459 1021 5519 utiliter.
1052 5463 1123 5519 Ut
1144 5460 1530 5521 advertamus
1559 5476 1683 5533 quo
1714 5478 1871 5520 mor-

203 5546 294 5604 bo
334 5548 628 5620 superbiae
653 5548 930 5607 laborent
955 5550 1234 5609 homines
1280 5550 1482 5621 hodie,
1504 5566 1628 5607 non
1665 5551 1780 5609 nisi
1808 5553 1870 5610 in

207 5637 557 5699 Creatorem
585 5641 876 5702 conantes
910 5637 1128 5701 referre
1177 5638 1226 5700 si
1262 5637 1412 5715 quid
1452 5639 1679 5717 egerint
1702 5642 1868 5716 mali,

1896 4357 1943 4414 D

1987 1720 2187 1788 bores,
2221 1720 2478 1789 dolores,
2512 1727 2735 1784 mortes
2765 1725 2898 1792 [al.,
2927 1726 3179 1799 mortis],
3201 1730 3260 1786 et
3288 1728 3487 1788 omnis
3506 1744 3646 1788 con-

1988 1810 2141 1869 tritio
2191 1811 2415 1883 seaculi,
2446 1816 2504 1871 et
2555 1813 2748 1883 gratia
2787 1813 2908 1881 Dei,
2957 1830 3081 1887 qua
3112 1814 3244 1889 [al.,
3283 1819 3453 1891 quia]
3499 1823 3646 1878 tem-

1986 1915 2131 1973 pore
2152 1905 2495 1974 opportuno
2518 1902 2795 1964 subvenit
2814 1904 3188 1976 hominibus,
3205 1923 3360 1979 quos
3387 1908 3642 1966 afﬂictos

1986 1988 2190 2045 docuit
2217 2006 2342 2050 non
2371 1990 2444 2048 de
2470 1990 2679 2064 seipsis
2704 1991 2923 2051 debere
2950 2009 3338 2065 praesumere.
3361 1997 3638 2068 Serpens,

1985 2077 2196 2151 inquit,
2224 2079 2465 2139 seduxit
2508 2095 2621 2147 me,
2663 2084 2719 2137 et
2764 2082 3169 2155 manducavi;
3212 2085 3392 2158 quasi
3443 2086 3642 2159 cujus-

1983 2183 2172 2240 quam
2202 2168 2405 2229 suasio
2430 2173 2727 2243 prsecepto
2752 2170 2854 2229 Dei
2881 2171 3154 2230 debuerit
3182 2175 3498 2249 anteponit

2053 2257 2133 2313 Et
2160 2257 2317 2319 dixit
2346 2258 2635 2317 Dominus
2660 2264 2810 2316 Deus
2835 2262 3134 2330 serpenti:
3166 2260 3319 2329 Quia
3343 2264 3550 2333 fecisti
3570 2270 3639 2321 tu

1985 2345 2116 2415 hoc,
2148 2347 2504 2407 maledictus
2543 2354 2607 2407 tu
2654 2348 2731 2407 ab
2779 2349 3050 2408 omnibus
3090 2352 3427 2423 pecoribus,
3460 2360 3517 2411 et
3560 2355 3639 2413 ab

1984 2436 2255 2493 omnibus
2287 2434 2484 2497 bestiis
2512 2452 2644 2510 quae
2671 2443 2812 2494 sunt
2830 2454 3012 2509 super
3040 2445 3285 2500 terram.
3316 2443 3516 2513 Super
3536 2459 3640 2514 pe-

1984 2529 2113 2585 ctus
2144 2529 2333 2592 tuum.
2365 2532 2421 2585 et
2459 2531 2725 2586 ventrem
2759 2532 2929 2587 tuum
2955 2529 3312 2599 ambulabis,
3336 2537 3390 2588 et
3414 2537 3639 2590 terram

1984 2614 2117 2671 edes
2147 2614 2351 2672 diebus
2380 2615 2505 2687 [al.,
2529 2632 2728 2675 omnes
2757 2617 2904 2688 dies]
2932 2619 3068 2676 vita
3090 2626 3207 2675 tuae
3231 2619 3400 2690 (Gen.
3418 2637 3501 2677 ιιι.
3528 2621 3639 2693 tt).

1984 2708 2040 2761 et
2068 2704 2413 2761 inimicitias
2436 2720 2661 2775 ponam
2691 2707 2852 2765 inter
2882 2711 2938 2763 te
2965 2712 3021 2763 et
3043 2709 3202 2765 inter
3227 2709 3557 2778 mulierem,
3583 2714 3642 2766 et

1984 2794 2142 2853 inter
2167 2808 2362 2853 semen
2394 2799 2562 2853 tuum
2595 2802 2650 2853 et
2677 2811 2873 2854 semen
2903 2798 3052 2867 ejus.
3085 2800 3222 2869 Ipsa
3247 2797 3353 2854 tibi
3378 2798 3644 2856 servabit

1984 2887 2183 2954 caput,
2216 2886 2273 2941 et
2313 2887 2379 2941 tu
2431 2884 2700 2942 servabis
2731 2885 2861 2956 ejus
2907 2885 3260 2943 calcaneum
3292 2888 3491 2957 (Ibid,
3529 2888 3637 2960 15).

1905 2999 1945 3058 c
1981 2973 2125 3029 Tota
2152 2971 2266 3028 ista
2298 2973 2589 3029 sententia
2617 2972 2880 3043 ﬁgurata
2911 2978 3018 3042 est,
3050 2989 3162 3029 nec
3188 2973 3352 3030 aliud
3378 2975 3505 3042 [al.,
3539 2975 3643 3031 ali-

1932 3060 1937 3065 “
1982 3058 2151 3133 quid]
2181 3059 2234 3116 ei
2258 3058 2437 3117 debet
2464 3059 2766 3133 scriptoris
2790 3059 2941 3116 ﬁdes
2982 3061 3461 3134 narrationisque
3488 3062 3641 3119 veri-

1981 3152 2097 3217 tas,
2126 3148 2243 3206 nisi
2269 3164 2345 3205 ne
2385 3148 2551 3206 illam
2582 3149 2807 3206 dictam
2849 3149 3031 3206 fuisse
3060 3149 3430 3209 dubitemus.
3463 3151 3640 3217 Quod

1982 3237 2142 3295 enim
2190 3237 2454 3310 positum
2513 3241 2601 3295 est
2631 3257 2644 3296 :
2672 3239 2747 3294 Et
2784 3238 2944 3296 dixit
2990 3240 3276 3296 Dominus
3314 3241 3471 3298 Deus
3514 3257 3639 3301 ser-

1975 3328 2166 3397 periti,
2197 3326 2385 3385 verba
2412 3326 2542 3385 sola
2589 3328 2901 3385 scribentis
2949 3332 3088 3386 sunt
3119 3348 3132 3397 ;
3167 3330 3296 3386 haec
3343 3330 3641 3400 exigenda

1983 3421 2122 3475 sunt
2145 3432 2253 3489 per
2279 3416 2725 3490 proprietatem.
2758 3418 2882 3474 Hoc
2909 3433 3051 3488 ergo
3079 3434 3291 3476 verum
3320 3420 3452 3492 [al.,
3477 3420 3640 3492 vere]

1983 3510 2069 3563 est
2096 3504 2325 3563 dictum
2367 3521 2497 3563 esse
2547 3506 2804 3579 serpenti
2836 3508 3008 3579 (Gen.
3041 3524 3121 3576 ιιι,
3157 3508 3263 3580 14),
3301 3508 3432 3580 jam
3478 3512 3642 3567 certa

1980 3594 2162 3651 verba
2185 3594 2285 3650 Dei
2312 3598 2469 3663 sunt,
2495 3611 2631 3668 quae
2659 3595 2847 3655 libero
2874 3596 3110 3654 lectoris
3129 3596 3450 3654 intellectui
3466 3597 3643 3655 relin-
3714 3660 3717 3663 _

1981 3688 2268 3757 quuntur,
2288 3687 2487 3742 utrum
2504 3685 2746 3759 proprie
2763 3701 2843 3744 an
2867 3685 3123 3757 ﬁgurate
3148 3686 3334 3760 accipi
3356 3687 3637 3760 debeant,

1981 3772 2134 3831 sicut
2159 3773 2222 3828 in
2247 3773 2494 3830 exordio
2522 3774 2849 3831 voluminis
2880 3776 3063 3847 hujus
3091 3776 3281 3833 nostri
3326 3777 3639 3849 praelocuti

1981 3877 2209 3918 sumus.
2244 3860 2500 3920 Proinde
2527 3861 2694 3933 quod
2726 3877 2973 3933 serpens
3003 3879 3111 3921 cur
3138 3863 3254 3918 hoc
3282 3862 3486 3920 fecerit
3511 3880 3638 3923 non
3718 3896 3721 3899 ι

1979 3953 2067 4005 est
2085 3949 2509 4017 interrogatus,
2526 3952 2723 4021 potest
2738 3949 2928 4005 videri
2946 3950 3114 4022 quod
3133 3965 3255 4007 non
3276 3952 3403 4022 ipse
3429 3951 3637 4023 utique

1982 4037 2041 4097 id
2083 4052 2193 4094 sua
2229 4037 2362 4106 (aL.
2394 4035 2456 4093 in
2486 4036 2621 4106 sua]
2667 4040 2904 4105 natura,
2937 4042 2994 4094 et
3035 4037 3341 4095 voluntate
3392 4037 3632 4110 fecerat,

1981 4125 2088 4181 sed
2117 4123 2395 4183 diabolus
2424 4123 2499 4183 de
2527 4122 2628 4182 illo
2659 4128 2716 4182 et
2758 4141 2867 4199 per
2896 4122 3066 4183 illum
3113 4131 3171 4184 et
3211 4126 3273 4183 in
3315 4126 3416 4183 illo
3442 4126 3636 4187 fuerat

1978 4217 2278 4287 operatus.
2304 4213 2449 4286 quia
2462 4215 2613 4286 jam,
2631 4230 2705 4272 ex
2728 4218 2976 4288 peccato
2996 4215 3317 4289 impietatis
3340 4233 3411 4275 ac
3429 4233 3636 4291 super-

1978 4303 2093 4361 bia:
2134 4319 2278 4371 suae,
2311 4302 2436 4373 igni
2469 4303 2798 4363 destinatus
2828 4304 3020 4363 fuerat
3047 4305 3431 4378 sempiterno.
3464 4309 3632 4364 Nunc

1980 4408 2122 4464 ergo
2149 4391 2317 4465 quod
2338 4394 2597 4469 serpenti
2616 4393 2850 4464 dicitur,
2880 4398 2936 4452 et
2961 4394 3042 4452 ad
3071 4410 3210 4452 eum
3241 4396 3347 4467 qui
3375 4411 3483 4468 per
3511 4411 3631 4453 ser-

1979 4488 2220 4557 pentem
2246 4487 2527 4555 operatus
2557 4488 2667 4553 est,
2697 4485 2904 4557 utique
2929 4484 3179 4542 refertur
3205 4485 3418 4559 procul
3442 4485 3630 4542 dubio

1978 4573 2307 4643 ﬁguratum
2335 4575 2458 4640 est;
2491 4588 2638 4631 nam
2666 4572 2729 4631 in
2754 4573 2848 4631 his
2876 4572 3075 4630 verbis
3124 4577 3379 4631 tentator
3404 4572 3501 4628 ille
3529 4573 3631 4629 de-

1979 4660 2275 4725 scribitur,
2323 4660 2520 4733 qualis
2570 4662 2773 4733 generi
2818 4663 3092 4720 humano
3133 4662 3367 4721 futurus
3422 4665 3581 4718 esset

1977 4749 2145 4819 quod
2203 4765 2393 4819 genus
2469 4751 2811 4809 humanum
2864 4753 3189 4827 propagari
3258 4757 3401 4810 tunc
3455 4750 3631 4825 cepit

1976 4838 2225 4912 quando
2249 4840 2379 4896 haec
2408 4840 2470 4899 in
2499 4841 2812 4899 diabolum
2842 4845 2949 4906 est,
2979 4846 3272 4917 tanquam
3295 4842 3358 4900 in
3388 4857 3630 4917 serpen-

1976 4931 2117 4998 tem,
2139 4926 2373 5001 prolata
2400 4929 2709 4998 sententia,
2740 4934 2850 4987 etc.

2051 5018 2119 5073 Et
2136 5016 2380 5074 mulieri
2406 5018 2606 5077 dixit:
2634 5018 3050 5088 Multiplicans
3073 5020 3487 5091 multiplicabo
3517 5021 3628 5077 tri-

1974 5108 2168 5166 stitias
2194 5111 2328 5163 tuas
2372 5112 2428 5165 et
2456 5108 2722 5178 genitum
2771 5112 2978 5177 tuum;
3004 5108 3069 5164 in
3117 5111 3380 5169 tristitiis
3418 5111 3647 5180 paries.

1972 5197 2148 5268 ﬁlios,
2180 5201 2238 5254 et
2259 5196 2343 5255 ad
2370 5196 2565 5254 virum
2596 5201 2766 5255 tuum
2792 5199 3096 5255 conversio
3126 5203 3251 5269 tua,
3284 5206 3340 5257 et
3382 5201 3509 5269 ipse
3537 5200 3631 5255 tui

1976 5286 2385 5346 dominabitur
2405 5287 2571 5358 (Gen.
2589 5301 2672 5359 ιιι,
2690 5291 2796 5357 16).
2811 5288 2948 5345 Haec
2965 5304 3212 5362 quoque
3230 5288 3293 5345 in
3312 5288 3625 5345 mulierem

1977 5376 2080 5434 Dei
2092 5376 2280 5434 verba
2300 5375 2555 5447 ﬁgurate
2579 5391 2650 5434 ac
2671 5377 3016 5451 prophetico
3034 5377 3225 5435 multo
3245 5376 3627 5434 commodius

1976 5464 2402 5537 intelliguntur.
2435 5469 2878 5539 Verumtamen,
2908 5466 3053 5541 quia
3074 5467 3354 5527 nondum
3383 5481 3627 5540 pepere-

1978 5558 2070 5612 rat
2096 5554 2339 5623 femina,
2364 5571 2476 5614 nec
2505 5555 2678 5614 dolor
2705 5560 2762 5615 et
2790 5556 3047 5626 gemitus
3076 5556 3388 5629 parientis,
3409 5554 3524 5612 nisi
3552 5570 3627 5611 ex

1981 5657 2232 5717 corpore
2251 5644 2460 5709 mortis
2479 5650 2569 5712 est
2581 5661 2719 5719 quea
2732 5644 2836 5706 illa
2850 5645 3136 5721 praecepti
3150 5644 3627 5718 transgressione
