4128 6200
494 160 628 215 1239

1511 153 1570 211 S.
1610 153 1979 211 PRUDENTII
2018 147 2398 207 TRECENSIS
2441 150 2754 210 EPISCOPI

3774 150 3905 206 1240

491 284 782 353 concepta
806 281 911 345 est;
935 276 1302 333 animalibus
1320 277 1565 350 quidem
1596 277 1776 333 etiam
1797 281 1938 333 tunc
1960 291 2144 330 mem-
2180 278 2222 329 Α
2261 274 2516 332 dixerit?
2546 278 2762 332 Omnes
2793 275 3029 349 paginae
3061 273 3401 330 divinorum
3433 272 3815 346 eloquiorum
3837 273 3916 329 ad

488 370 637 437 bris,
656 367 846 424 etalio
865 366 1136 439 quodam
1168 371 1501 439 peccasset,
1521 383 1644 422 non
1671 367 1876 440 utique
1899 365 2144 422 moritu-

490 459 592 526 ris,
626 455 822 512 etalio
863 456 1135 527 quodam
1179 459 1338 512 statu
1371 455 1626 512 teliciore
1668 456 1928 527 victuris,
1957 455 2151 510 donec

491 549 627 619 post
646 545 831 601 vitam
853 544 1007 600 bene
1036 548 1270 614 gestam
1290 545 1350 599 in
1371 545 1585 600 melius
1607 545 1826 602 mutari
1852 559 2152 600 mereren-

493 639 607 701 tur,
642 632 796 688 sicut
827 648 1010 706 supra
1039 631 1316 706 pluribus
1355 631 1502 688 locis
1543 632 1997 688 insinuavimus.
2053 633 2156 686 Re-

494 722 681 779 fertur
709 721 839 776 bzec
887 736 1069 793 poena
1116 725 1173 776 et
1199 720 1277 777 ad
1320 721 1746 795 proprietatem
1778 721 2003 776 litterae.
2037 718 2154 775 Nisi

492 811 639 884 quia
668 810 729 866 id
759 810 927 884 quod
953 811 1180 867 dictum
1213 816 1303 867 est
1330 829 1342 866 :
1375 813 1454 868 Et
1486 811 1567 868 ad
1586 813 1780 868 virum
1809 819 1976 866 tuum
2019 826 2154 866 con-

496 901 686 958 versio
720 906 843 967 tua,
877 905 930 956 et
955 901 1077 970 ipse
1110 902 1202 956 tui
1228 901 1659 972 dominabitur,
1685 899 2016 955 videndum
2065 903 2157 954 est

495 989 806 1063 quomodo
821 989 1064 1061 proprie
1083 990 1274 1062 possit
1294 989 1484 1062 accipi
1501 1007 1513 1044 :
1530 993 1729 1062 Neque
1755 989 1912 1044 enim
1941 993 1995 1044 et
2019 993 2156 1044 ante

497 1083 812 1152 peccatum
859 1078 1027 1134 aliter
1074 1078 1294 1134 factam
1327 1080 1456 1150 l,al.,
1483 1079 1732 1150 factum]
1764 1078 1943 1134 fuisse
1987 1077 2156 1133 decet

499 1167 738 1222 credere
763 1167 1076 1223 mulierem
1106 1167 1220 1222 nisi
1251 1172 1314 1223 ut
1340 1167 1430 1222 vir
1456 1167 1508 1223 ei
1539 1167 1968 1236 dominaretur,
1998 1171 2052 1222 et
2079 1166 2158 1222 ad

500 1272 642 1312 eum
670 1257 802 1329 ipsa
829 1255 1142 1311 serviendo
1164 1260 1635 1324 converteretur;
1661 1257 1765 1312 sed
1785 1261 1940 1312 recte
1968 1254 2158 1328 accipi

500 1349 700 1416 potest
718 1345 874 1400 hanc
898 1345 1240 1401 servitutem
1263 1345 1660 1416 signiﬁcatam
1682 1362 1817 1418 quia
1839 1345 2158 1416 cujusdam

502 1433 864 1489 conditionis
903 1438 992 1488 est
1040 1435 1238 1505 potius
1268 1451 1454 1507 quam
1481 1434 1848 1502 dilectionis;
1879 1439 1942 1489 ut
1980 1433 2158 1489 etiam

502 1522 634 1594 ipsa
666 1523 807 1578 satis
840 1523 1092 1578 servitus
1121 1539 1244 1596 qua
1269 1523 1544 1578 homines
1572 1523 1920 1578 hominibus
1951 1527 2160 1595 postea

2259 365 2373 420 hoc
2399 364 2560 421 diem
2599 365 2805 438 judicii
2852 364 3248 438 praestitutum
3282 362 3629 436 praedicant,
3657 368 3726 418 ut
3757 364 3822 418 in
3854 379 3918 420 eo

2259 455 2511 524 recipiat
2553 457 2978 528 unusquisque,
3010 458 3136 511 tam
3174 455 3370 525 justus
3413 452 3686 509 videlicet
3727 469 3920 525 quam

2260 544 2538 616 injustus,
2563 552 2751 616 prout
2778 547 2974 618 gessit,
3007 547 3130 602 sive
3159 545 3373 600 bonum
3404 546 3526 600 sive
3570 544 3804 600 malum
3841 544 3928 614 (II

2263 637 2399 689 (for.
2433 651 2489 702 v,
2529 635 2636 706 10).
2671 637 2736 690 Et
2763 635 2890 691 haec
2932 633 3084 690 ﬁdes
3114 637 3202 689 est
3257 632 3566 696 catholica,
3600 633 3750 705 quia
3776 648 3922 688 vera

2263 726 2440 794 atque
2472 723 2721 780 sincera.
2752 723 2903 789 Quia
2927 738 3072 792 ergo
3115 726 3342 778 certum
3369 725 3457 777 est
3481 720 3753 777 futurum
3781 737 3924 778 esse

2256 812 2570 883 judicium,
2605 818 2662 870 et
2707 813 2769 869 in
2814 829 2885 869 eo
2933 811 3179 868 retribui
3229 811 3575 883 unicuique,
3633 815 3762 866 tam
3819 812 3922 883 pio

2262 917 2448 973 quam
2493 902 2700 974 impio,
2741 901 2906 974 quod
2955 905 3233 967 meretur,
3267 899 3655 955 nihilominus
3686 904 3922 955 certum

2263 995 2350 1045 est
2393 991 2542 1046 sicut
2587 991 2782 1046 bonos
2827 989 2980 1046 afﬁci
3031 989 3313 1062 praemiis,
3345 989 3427 1045 ita
3474 987 3667 1044 malos
3717 986 3927 1044 addici

2266 1079 2590 1135 tormentis.
2619 1079 2794 1152 Atqui
2825 1079 3262 1151 torquebuntur
3291 1077 3484 1150 poenis
3511 1076 3928 1132 interminabi-

2262 1167 2421 1224 libus
2471 1168 2722 1235 addicti;
2758 1168 3079 1241 punientur
3125 1182 3288 1237 ergo,
3333 1166 3626 1238 quoniam
3657 1181 3775 1221 non
3826 1168 3925 1221 est

2265 1256 2425 1313 aliud
2454 1257 2666 1330 punire
2692 1273 2880 1330 quam
2907 1257 3102 1330 poenis
3135 1256 3227 1312 vel
3262 1256 3617 1312 transitoriis
3640 1255 3724 1311 vel
3743 1259 3924 1310 teter-

2265 1346 2357 1402 nis
2399 1347 2653 1403 afﬁcere.
2686 1347 2919 1402 Justutn
2967 1350 3055 1402 est
3083 1345 3262 1414 igitur
3293 1351 3356 1400 ut
3402 1345 3656 1400 creatrix
3699 1349 3928 1399 natura

2265 1435 2477 1508 puniat
2523 1435 3057 1508 praevaricatricem
3106 1437 3407 1504 naturam,
3446 1449 3580 1505 quae
3626 1431 3929 1488 voluntati

2265 1525 2607 1581 rectissima?
2657 1525 2914 1582 auctoris
2963 1524 3056 1580 sui
3104 1523 3430 1596 praeposuit
3469 1539 3646 1577 suam
3677 1537 3925 1594 perver-

503 1610 658 1665 servi
700 1626 832 1665 esse
877 1615 1210 1682 coeperunt,
1241 1611 1314 1666 de
1345 1626 1524 1682 pinna
1575 1613 1803 1684 peccati
1832 1613 2161 1684 reperiatur
2189 1630 2232 1683 Β
2270 1615 2570 1670 sissimam
2601 1615 2989 1671 voluntatem.
3025 1613 3196 1679 Quod
3222 1613 3272 1667 si
3300 1612 3462 1668 omni
3485 1612 3697 1685 procul
3731 1611 3923 1666 ambi-

502 1703 728 1755 exorta.
762 1699 914 1754 Dixit
941 1700 1188 1772 quidem
1233 1702 1552 1774 Apostolus
1585 1718 1597 1757 :
1628 1703 1747 1758 Per
1799 1704 2156 1759 charitatem

406 1835 430 1850 .
501 1789 719 1844 servile
738 1789 1020 1859 invicem(
1030 1788 1166 1845 Gal.
1182 1806 1240 1859 v,
1259 1795 1276 1844 1
1291 1791 1368 1862 3),
1385 1790 1487 1845 sed
1508 1806 1896 1864 nequaquam
1919 1792 2156 1856 diceret,

499 1875 756 1933 invicem
779 1877 1197 1935 dominamini.
1229 1879 1487 1936 Possunt
1510 1880 1710 1954 itaque
1738 1883 2026 1954 conjuges
2053 1898 2161 1955 per

502 1966 852 2023 charitatem
880 1966 1095 2022 servire
1125 1967 1404 2037 invicem,
1437 1969 1542 2025 sed
1570 1971 1881 2026 mulierem
1907 1978 2160 2043 Aposto-

498 2055 596 2112 lus
649 2071 773 2110 non
814 2055 1101 2127 permittit
1150 2057 1448 2114 dominari
1491 2059 1553 2114 in
1609 2059 1806 2116 virum
1837 2061 1894 2132 (Ι
1919 2063 2064 2116 Tim.
2099 2077 2158 2128 ιι,

506 2144 594 2216 t2)
621 2161 634 2200 :
661 2144 778 2200 hoc
808 2144 970 2200 enim
995 2145 1124 2200 viro
1173 2146 1373 2218 potius
1404 2148 1692 2204 sententia
1721 2149 1819 2204 Dei
1849 2149 2073 2218 detulit,
2107 2153 2162 2204 et

503 2234 782 2291 maritum
827 2233 1052 2291 habere
1100 2235 1416 2293 dominum
1466 2239 1683 2294 meruit
1727 2239 1989 2294 mulieris
2037 2255 2160 2295 non

501 2327 741 2391 natura,
771 2324 878 2379 sed
908 2323 1087 2396 culpa
1119 2343 1131 2381 :
1166 2325 1334 2398 quod
1360 2329 1560 2382 tamen
1593 2327 1706 2382 nisi
1754 2333 2037 2396 servetur,
2063 2329 2163 2384 de-

499 2412 853 2484 pravabitur
878 2413 1142 2485 amplius
1175 2419 1413 2482 natura,
1446 2420 1502 2472 et
1533 2417 1851 2486 augebitur
1881 2419 2077 2491 culpa.

575 2500 727 2556 Dixit
754 2517 897 2570 ergo
928 2506 986 2556 et
1016 2502 1096 2557 ad
1124 2503 1321 2558 virum
1347 2504 1508 2575 ejus:
1540 2505 1690 2572 Quia
1721 2507 1948 2562 audisti
1967 2523 2160 2563 vocem

499 2589 770 2642 mulieris
815 2595 953 2652 tuae,
986 2595 1040 2644 et
1069 2591 1244 2646 edisti
1271 2592 1343 2646 de
1374 2594 1555 2662 ligno,
1589 2595 1662 2650 de
1702 2611 1818 2665 quo
1861 2610 2159 2665 praecepe-

499 2689 632 2730 ram
664 2675 772 2730 tibi
798 2675 872 2731 de
899 2691 962 2732 eo
991 2677 1116 2732 solo
1145 2693 1265 2733 non
1297 2680 1486 2746 edere,
1519 2683 1836 2738 maledicta
1891 2689 2055 2740 terra
2097 2687 2158 2740 in

501 2761 780 2832 operibus
831 2764 987 2835 tuis;
1014 2766 1078 2820 in
1131 2767 1391 2822 tristitiis
1420 2768 1551 2825 edes
1606 2771 1776 2826 illam
1810 2787 2006 2828 omnes
2036 2773 2159 2830 dies

501 2853 638 2907 vita:
670 2856 808 2916 tuae,
840 2853 1044 2921 spinas
1075 2859 1130 2910 et
1161 2855 1412 2911 tribulos
1461 2857 1589 2914 edet
1619 2858 1743 2930 [al.,
1774 2862 2156 2934 germinabil]

502 2940 612 2996 tibi
639 2945 695 2998 et
723 2941 856 3043 edes
880 2941 1094 3043 fenum
1125 2945 1280 3015 agri.
1314 2947 1385 3001 In
1415 2947 1631 3004 sudore
1654 2949 1842 3018 faciei
1877 2955 1992 3005 tua:
2025 2952 2156 3007 edes
2188 2987 2228 3043 Ο

495 3044 717 3099 panem
749 3032 1137 3099 tuum,donec
1166 3037 1535 3091 convertaris
1565 3037 1626 3093 in
1659 3043 1905 3101 terram,
1928 3054 2005 3096 ex
2031 3056 2156 3112 qua

501 3124 774 3188 sumptus
803 3135 882 3187 es,
914 3124 1058 3191 quia
1088 3127 1255 3179 terra
1285 3139 1363 3191 es,
1396 3130 1450 3181 ct
1498 3126 1561 3181 in
1592 3131 1816 3183 terram
1850 3128 1956 3183 ibis
1991 3128 2154 3200 (Gen.

499 3222 580 3276 ιιι,
618 3211 700 3275 13,
736 3211 820 3275 18,
853 3209 956 3280 t9).
983 3209 1130 3280 [Hoc
1161 3227 1290 3267 esse
1319 3211 1380 3267 in
1419 3216 1576 3270 terra
1620 3213 1859 3271 labores
1907 3217 2156 3274 humani

504 3295 739 3363 generis
767 3297 904 3368 quis
933 3298 1218 3367 ignorat?
1249 3303 1315 3357 Et
1365 3303 1508 3374 quia
1549 3319 1671 3361 non
1712 3311 1929 3373 essent,
1963 3307 2010 3363 si
2039 3307 2160 3363 feli-

501 3383 651 3438 citas
680 3399 816 3455 quae
847 3384 908 3438 in
935 3387 1218 3456 paradiso
1250 3389 1442 3446 fuerat
1465 3395 1759 3450 teneretur
1787 3411 1909 3452 non
1937 3400 2025 3452 est
2047 3396 2158 3452 uti-

501 3485 621 3556 que
644 3470 1073 3556 dubitandum,
1107 3490 1177 3530 ac
1205 3492 1312 3547 per
1341 3478 1456 3534 hoc
1487 3479 1666 3536 etiam
1707 3483 1946 3556 preprie
1975 3485 2160 3541 verba

499 3555 628 3611 haec
651 3555 929 3628 primitus
949 3559 1219 3632 accipere
1245 3578 1321 3618 ne
1350 3565 1570 3636 pigeat.

570 3643 608 3709 Ἰ·
639 3645 772 3698 Htec
797 3649 885 3700 est
907 3644 1322 3706 incunctanter
1340 3651 1587 3723 justitia,
1611 3673 1734 3729 qua
1759 3663 1974 3716 natura
2000 3678 2161 3718 sum-

499 3747 598 3788 me
652 3733 1132 3809 sempiterneque
1180 3737 1343 3796 bona
1387 3745 1442 3798 et
1488 3743 1651 3814 justa
1679 3747 1851 3819 punit
1879 3755 2157 3808 naturam

501 3820 974 3892 superbientem,
1013 3825 1224 3898 suique
1276 3831 1532 3887 Factoris
1579 3833 1898 3908 imperium
1950 3844 2160 3896 contu-

497 3909 749 3966 maciter
780 3914 1344 3982 transgredientem:
1369 3935 1507 3992 quaa
1528 3923 1758 3994 punitio
1780 3924 2054 3984 bifariam
2077 3929 2162 3984 di-

496 3997 741 4067 viditur,
774 4004 832 4055 et
860 4015 1043 4072 nunc,
1071 4001 1134 4059 in
1173 4005 1555 4067 absolutione
1587 4013 1803 4069 animae
1833 4032 1868 4072 a
1899 4033 2007 4073 suo
2033 4034 2161 4074 cor-

495 4101 665 4158 pore,
690 4096 1043 4160 comparata
1065 4092 1246 4166 hujus
1275 4097 1485 4170 primae
1508 4104 2016 4174 prtevaricationis
2038 4125 2161 4165 mc-

501 4175 636 4238 rito,
662 4176 830 4248 quod
853 4178 931 4235 ab
961 4179 1093 4253 ipsa
1115 4184 1317 4241 radice
1345 4186 1408 4243 in
1437 4204 1616 4246 omne
1641 4195 2000 4264 posteritatis
2027 4199 2156 4268 ejus

499 4278 700 4357 genus
720 4267 1094 4326 transfusum
1126 4277 1306 4346 atque
1341 4275 1616 4334 innatum
1651 4285 1760 4354 est,
1791 4288 1845 4338 et
1887 4267 2155 4357 postmo-

495 4351 659 4444 dum
684 4353 747 4410 in
788 4357 1082 4428 gehenna,
1115 4377 1252 4434 quas
1302 4367 1426 4432 tam
1455 4367 1637 4438 hujus
1667 4351 1854 4444 quam
1887 4351 2152 4432 aliorum

492 4441 925 4517 multiplicitate
981 4449 1303 4511 criminum
1386 4441 1709 4517 libidiuoas
1731 4467 2155 4534 perverssitate

505 4537 971 4608 contractorum,
991 4541 1284 4614 acquisita
1301 4549 1413 4610 est,
1435 4546 1665 4607 dicente
1689 4551 2004 4611 Salomone
2033 4574 2046 4612 :
2078 4559 2159 4614 Et

490 4630 713 4716 cuncta
743 4642 878 4697 quae
903 4629 1061 4698 ﬁunt
1092 4631 1374 4701 adduces,
1403 4636 1584 4703 Deus,
1617 4640 1679 4696 in
1709 4643 2013 4712 judicium
2038 4662 2156 4716 pro

489 4713 660 4768 omni
683 4721 912 4807 errato,
961 4719 1083 4776 sive
1126 4718 1343 4779 bonum
1373 4725 1496 4782 sive
1537 4730 1767 4785 malum
1818 4734 1894 4788 sit
1945 4713 2153 4807 (Eccli.

485 4815 592 4862 xu.
637 4804 745 4874 14).
781 4807 845 4861 Et
891 4806 1033 4864 item
1066 4826 1080 4865 :
1111 4809 1368 4883 Laetare,
1401 4831 1544 4886 ergo
1571 4821 1817 4888 juvenis
1862 4824 1924 4880 in
1953 4804 2158 4882 adole-

486 4888 738 4986 scientia
779 4899 906 4960 tua,
932 4903 987 4952 et
1016 4899 1079 4953 in
1111 4897 1261 4958 bona
1289 4904 1367 4960 sit
1395 4921 1500 4962 cor
1529 4913 1797 4981 tuum,in
1829 4913 2031 4971 diebus
2053 4918 2155 4986 ju-

485 4979 749 5076 ventutis
782 4986 900 5076 tuis
933 4999 947 5038 :
981 4991 1035 5041 et
1065 4989 1313 5049 ambula
1359 4994 1424 5050 in
1471 4999 1579 5054 viis
1627 4979 1822 5058 cordis
1862 5006 1970 5070 tui,
2006 4979 2072 5059 et.
2090 5007 2153 5062 in

484 5066 716 5161 intuitu
747 5071 1056 5161 oculorum
1089 5082 1352 5150 tuorum,
1386 5090 1442 5142 et
1472 5089 1618 5145 scito
1647 5093 1808 5161 quod
1831 5066 2156 5161 provomni-

487 5152 718 5250 busAI‘tis
747 5160 1008 5250 adducet
1037 5171 1094 5224 te
1120 5169 1405 5231 Dominus
1436 5177 1498 5232 in
1519 5152 1819 5248 judicium
1831 5152 2044 5246 .(Eccli.
2065 5199 2149 5250 x1,

482 5244 559 5343 9).
596 5245 653 5304 Si
687 5249 856 5343 nulla
907 5259 1125 5343 natura
1166 5264 1466 5333 punietur,
1495 5244 1702 5339 quare,
1731 5244 1963 5340 quaeso,
1991 5244 2153 5339 judi;

479 5338 642 5432 cium
674 5338 1116 5432 celebrabitur?
1137 5350 1287 5407 Nam
1310 5352 1358 5408 si
1379 5369 1504 5410 non
1515 5338 1700 5427 impii
1724 5338 1782 5410 in
1807 5372 1876 5412 eo
1898 5338 2154 5428 punien-

477 5419 540 5477 di
571 5429 730 5524 sunt,
755 5445 880 5502 qua
899 5434 1129 5492 ratione
1150 5437 1446 5508 judicium
1473 5419 1826 5513 agitandum
1856 5419 1948 5513 sit,
1977 5463 2146 5518 pror-

477 5525 587 5612 sus.
614 5529 828 5614 ignoro
861 5539 874 5574 '.
911 5537 990 5578 an
1018 5531 1262 5598 propter
1284 5529 1481 5599 justos
1512 5535 1767 5605 tantum,
1799 5538 1860 5589 ut
1889 5536 2144 5607 praemia

470 5610 762 5674 recipiant
806 5623 943 5683 quae
989 5618 1337 5681 merentur?
1384 5619 1530 5686 Quis
1578 5623 1695 5683 hoc
1740 5624 1832 5690 vel
1882 5624 2137 5688 demens

2268 1719 2386 1775 guo
2414 1709 2639 1760 certum
2671 1709 2777 1772 est,
2809 1703 2975 1760 haud
3006 1719 3180 1758 secus
3211 1707 3435 1757 certum
3464 1701 3738 1774 sequitur
3791 1717 3922 1755 om-

2267 1809 2372 1849 nes
2418 1793 2763 1866 quicunque
2794 1793 3116 1866 punientur
3164 1793 3412 1847 miseros
3451 1807 3578 1846 esse
3614 1795 3923 1862 sempiter-

2264 1898 2474 1955 neque
2507 1883 2754 1938 miseriae
2784 1883 3142 1947 substratos,
3173 1897 3484 1953 nunquam
3519 1880 3597 1935 ab
3621 1880 3756 1950 ejus
3801 1886 3924 1933 tam

2267 1972 2483 2026 mentis
2516 1987 2700 2043 quam
2733 1972 3001 2043 corporis
3049 1968 3410 2025 cruciatibus
3449 1984 3765 2024 evasuros.
3800 1970 3924 2022 Haec

2270 2066 2376 2128 est,
2409 2061 2678 2132 inquam,
2723 2059 3055 2115 inflexibilis
3100 2059 3328 2129 justitia
3377 2057 3723 2113 terribiliter
3772 2057 3925 2128 judi-

2269 2149 2479 2219 cantis,
2514 2166 2698 2222 quam
2732 2165 2891 2204 nunc
2939 2153 2989 2204 te
3036 2147 3302 2204 invenire
3348 2145 3762 2213 dissimulans,
3792 2150 3926 2218 post

2268 2238 2580 2312 paululum
2614 2238 2930 2310 experieris
2962 2237 3290 2294 inventam.

2340 2330 2473 2384 Jam
2495 2345 2637 2384 vero
2659 2329 2823 2401 quod
2847 2327 3099 2384 adhibes
3127 2325 3482 2383 sententiam
3514 2326 3703 2382 sancti
3728 2328 3927 2396 Augu-

2271 2419 2405 2475 stini
2436 2435 2506 2474 ex
2537 2418 2688 2474 libro
2720 2418 2848 2489 ejus
2872 2417 3192 2473 undecimo
3219 2416 3294 2472 de
3325 2416 3536 2472 Genesi
3568 2416 3646 2472 ad
3669 2416 3923 2471 litteram

2271 2507 2498 2580 (cap.2t
2516 2510 2550 2576 ),
2575 2523 2698 2580 qua
2719 2506 2885 2562 dicit:
2911 2508 3151 2578 [Verum
3175 2522 3306 2561 esse
3335 2511 3514 2578 atque
3538 2505 3922 2561 manifestum

2262 2596 2503 2668 justitite
2533 2595 2646 2668 ipsi
2677 2611 2803 2651 esse
2847 2595 3234 2666 contrarium,
3262 2598 3327 2650 ut
3355 2593 3519 2649 nullo
3551 2593 3916 2666 praecedente

2270 2685 2499 2755 merito,
2534 2685 2648 2740 hoc
2680 2685 2877 2757 ipsum
2911 2685 2971 2740 in
3002 2701 3245 2758 quoque
3274 2685 3430 2740 Deus
3479 2683 3723 2740 damnet
3754 2681 3925 2755 quod

2265 2776 2325 2832 in
2353 2791 2423 2830 eo
2452 2775 2579 2848 ipse
2606 2774 2953 2847 creaverat,]
2999 2779 3299 2847 quantum
3346 2774 3562 2829 veritati
3611 2771 3929 2827 catholicae

2268 2862 2601 2922 consentiat
2628 2863 2836 2934 cuivis,
2868 2864 3047 2920 etiam
3082 2863 3634 2936 simpliciori,patet.
3668 2859 3930 2915 Nullum

2267 2955 2425 3012 enim
2459 2956 2612 3009 Deus
2641 2953 2933 3009 damnare
2962 2953 3298 3009 credendus
3318 2957 3425 3019 est,
3445 2951 3552 3007 nisi
3571 2949 3929 3022 praeceden-

2268 3043 2427 3101 tibus
2449 3041 2623 3098 malis
2652 3041 2873 3097 meritis
2895 3043 3047 3112 ejus,
3082 3042 3370 3115 quoniam
3403 3042 3530 3097 haec
3560 3046 3649 3096 est
3673 3040 3925 3110 justitiae

2266 3133 2422 3188 illius
2447 3132 2752 3188 retributio
2775 3131 3073 3186 indeﬂexa
3092 3132 3153 3187 in
3176 3147 3279 3187 eos
3300 3131 3590 3186 duntaxat
3614 3145 3777 3202 quos
3799 3145 3924 3200 pce-

2265 3222 2360 3277 nis
2392 3221 2701 3277 ultricibus
2731 3221 3248 3277 irremediabiliter
3291 3218 3656 3276 cruciandos
3709 3233 3927 3273 censor

2267 3311 2648 3384 tequissimus
2676 3309 2870 3366 tradit.
2908 3312 2984 3366 De
3011 3309 3253 3367 diabolo
3285 3314 3482 3366 autem
3537 3307 3730 3380 (quod
3762 3307 3925 3362 nullo

2267 3401 2450 3457 modo
2481 3401 2540 3456 in
2571 3416 2642 3456 eo
2666 3404 2882 3456 natura
2912 3417 3100 3473 quam
3143 3403 3296 3456 Deus
3334 3399 3578 3466 creavit,
3624 3396 3735 3451 sed
3769 3395 3929 3451 mala

2266 3490 2510 3562 propria
2541 3489 2819 3545 voluntas
2849 3506 3029 3562 paena
3059 3489 3214 3559 ignis
3248 3487 3450 3544 aeterni
3476 3484 3804 3559 plectenda
3835 3485 3926 3552 sit,

2268 3594 2378 3634 nec
2404 3580 2534 3650 ejus
2575 3583 2792 3634 natura
2823 3578 3156 3648 signiﬁcata
3203 3594 3341 3634 cum
3369 3577 3594 3632 dictum
3627 3579 3723 3630 est
3758 3591 3772 3630 :
3802 3575 3931 3629 Hoc

2268 3675 2352 3724 est
2385 3670 2619 3725 initium
2653 3669 2896 3724 Domini
2918 3668 3209 3738 ﬁgmenti,
3234 3666 3392 3738 quod
3411 3665 3576 3736 fecit,
3603 3669 3670 3719 ut
3701 3663 3928 3718 illudu-

2269 3763 2370 3813 tur
2399 3758 2473 3814 ab
2502 3759 2735 3828 angelis
2765 3759 2893 3827 ejus
2923 3757 3110 3824 (Psal.
3134 3755 3366 3826 (1111,26)
3391 3771 3404 3809 :
3440 3752 3546 3808 sed
3575 3751 3674 3808 vel
3704 3768 3930 3822 corpus

2266 3863 2530 3913 aereum,
2577 3846 2743 3920 quod
2797 3845 2897 3902 tali
2929 3844 3218 3901 voluntati
3250 3848 3650 3914 congruenter
3679 3841 3928 3914 aptavit,

2266 3934 2359 3990 vel
2381 3935 2513 4008 ipsa
2537 3934 2834 3990 ordinatio
2864 3935 2919 3988 in
2944 3950 3066 4006 qua
3095 3949 3233 3988 eum
3255 3932 3391 3987 fecit
3411 3931 3586 3987 etiam
3615 3929 3928 3985 nolentem

2267 4025 2472 4080 utilem
2503 4024 2700 4094 bonis,
2734 4023 2825 4080 vel
2849 4023 3012 4096 quod
3044 4022 3366 4096 praesciens
3391 4037 3531 4077 eum
3561 4019 3795 4075 malum
3835 4018 3929 4072 fu-

2269 4120 2490 4185 turum,
2518 4115 2650 4170 fecit
2675 4131 2836 4184 eum,
2870 4119 3070 4170 tamen
3095 4129 3216 4168 non
3251 4111 3559 4168 abstinens
3587 4108 3929 4165 bonitatem

2267 4221 2440 4260 suam
2468 4204 2528 4259 in
2576 4203 2903 4276 praebenda
2943 4202 3067 4258 vita
3105 4206 3285 4274 atque
3332 4199 3670 4256 substantia
3704 4198 3930 4252 future

2269 4293 2447 4350 etiam
2473 4292 2667 4348 noxias
2691 4291 2978 4348 voluntati
3001 4309 3014 4359 ;
3040 4289 3217 4346 simul
3238 4289 3570 4363 praevidens
3591 4290 3832 4360 quanta
3853 4285 3932 4341 de

2266 4383 2366 4439 illo
2395 4381 2558 4437 bona
2589 4387 2742 4436 esset
2772 4398 2881 4436 sua
2910 4380 3168 4436 mirabili
3212 4379 3478 4436 bonitate
3528 4393 3598 4434 ac
3625 4381 3933 4450 potestate

2266 4472 2557 4538 facturus)
2590 4470 2780 4526 multa
2826 4469 2885 4524 in
2917 4470 3130 4526 eodem
3157 4475 3214 4525 et
3241 4469 3510 4541 sequenti
3556 4465 3932 4523 duodecimo

2265 4560 2420 4616 libro
2471 4559 2705 4616 subtilis
2739 4558 3084 4631 disputator.
3114 4558 3410 4627 disseruit,
3442 4572 3576 4630 quae
3623 4555 3797 4611 aliter
3848 4554 3932 4610 ab

2266 4649 2397 4706 aliis
2415 4647 2668 4721 adaeque
2686 4647 2996 4704 catholicis
3014 4647 3154 4704 viris
3172 4647 3424 4702 disserta
3438 4651 3620 4718 atque
3635 4642 3927 4712 enodata,

2267 4737 2798 4811 competentiorem
2827 4736 3159 4793 auctoritati
3190 4735 3558 4792 intellectum
3589 4734 3681 4808 pie
3727 4735 3933 4788 recte-

2266 4843 2385 4900 que
2415 4826 2821 4900 quaerentibus
2863 4825 3165 4894 exhibent,
3197 4840 3462 4898 quorum
3511 4821 3932 4880 saluberrimis

2266 4916 2544 4971 sensibus
2592 4915 2729 4987 pius
2779 4914 3035 4987 quisque
3066 4918 3357 4969 scrutator
3388 4911 3802 4968 inuntabiliter
3830 4927 3932 4966 ac-

2265 5003 2543 5076 quiescit:
2569 5019 2831 5075 quorum
2855 5008 3055 5059 tamen
3083 5003 3367 5075 quaedam
3391 5001 3932 5072 retractavit,qua:-

2264 5091 2430 5159 dam,
2465 5091 2616 5147 sicut
2657 5092 2784 5164 ipse
2834 5097 3100 5160 testatur,
3133 5091 3311 5164 plura
3339 5091 3590 5163 quaesita
3614 5106 3811 5162 quam
3842 5089 3932 5144 in-

2263 5183 2443 5236 venta
2490 5185 2652 5249 sunt,
2691 5196 2901 5237 eorum
2949 5197 3082 5253 quae
3131 5180 3378 5236 inventa
3425 5184 3583 5250 sunt,
3633 5179 3932 5252 pauciora

2261 5270 2540 5337 ﬁrmata;
2569 5274 2784 5327 cratera
2829 5287 2968 5326 vero
3018 5270 3099 5326 ita
3141 5269 3359 5342 posita,
3406 5267 3564 5324 velut
3597 5268 3805 5324 adhuc
3846 5285 3930 5324 re-

2258 5359 2556 5430 quirenda
2597 5359 2728 5415 sint.
2784 5360 3014 5425 Quibus
3063 5358 3263 5414 verbis
3305 5358 3516 5413 doctor
3545 5357 3929 5413 humillimus

2257 5447 2422 5503 dedit
2463 5448 2847 5506 occasionem
2897 5448 3029 5506 aliis
3087 5451 3437 5504 sanctarum
3472 5446 3926 5519 Scripturarum

2256 5536 2769 5608 explanatoribus,
2802 5543 2866 5593 ut
2893 5554 2963 5594 ea
2990 5555 3126 5610 qua:
3150 5535 3487 5593 auctoritati
3514 5535 3739 5592 divinae
3763 5553 3922 5592 scru-

2255 5624 2529 5698 pulosius
2578 5632 2937 5700 pertractata
2983 5632 3041 5684 et
3091 5625 3349 5684 lucidius
3407 5625 3727 5684 enucleata
3781 5642 3930 5682 con-
