4116 6186
256 147 388 201 1241

1207 139 1299 197 DE
1337 138 1998 198 PREDESTINATIONE
2045 138 2326 198 CONTRA
2365 139 2415 196 δ.
2457 141 2678 198 SCOTU

3539 147 3677 202 £242

247 270 548 338 gruercnt,
584 263 712 318 suis
757 262 1068 335 opusculis
1111 263 1322 334 indita,
1353 269 1476 321 tam
1524 263 1908 337 praesentium
1939 271 1986 324 Α
2027 277 2134 319 nec
2164 263 2529 321 infructuose
2559 266 2687 338 [al.,
2714 265 3118 338 infructuosae]
3146 266 3324 323 bonas
3352 282 3463 324 nec
3483 267 3677 342 impu-

241 374 432 434 quam
459 353 868 430 posteriorum
895 353 1334 410 eruditionibus
1363 356 1679 428 aperirent.
1712 353 1825 411 Sed
1855 358 1912 410 et
2021 351 2154 408 nitas
2185 353 2359 410 malae
2395 354 2552 427 sint].
2588 355 2624 421 τ
2656 355 2819 412 Idem
2870 355 2932 412 in
2979 355 3230 412 eodem:
3265 357 3444 428 [Deus
3473 357 3674 431 itaque

238 449 370 522 ipse
422 447 487 503 in
531 459 713 518 opere
743 443 820 499 de
868 443 1113 500 Civitate
1141 445 1238 499 Dei
1271 444 1460 500 multo
1487 445 1700 500 melius
1731 448 1909 517 atque

236 534 641 593 orthodoxius
669 532 884 589 eadem
928 532 1168 589 climata
1206 532 1504 599 disseruit,
1537 534 1908 606 dissertaque

240 624 550 697 explicuit,
578 638 715 695 quas
761 621 1122 694 competenti
1168 621 1302 678 loco
1351 628 1508 696 post,
1539 622 1588 678 si
1618 622 1906 679 Dominus

243 711 546 780 annuerit,
588 711 947 767 inserantur.

321 831 567 887 Constat
595 827 776 883 etiam
805 829 860 882 te
915 827 1325 899 superioribus
1370 827 1574 884 litteris
1618 827 1733 882 tuis
1763 826 1905 882 satis

246 919 461 992 egisse,
495 921 560 974 ut
607 915 952 972 ostenderes
998 915 1366 974 voluntatem
1415 933 1543 973 esse
1586 921 1901 972 naturam:

247 1008 420 1069 Quod
449 1007 497 1062 si
545 1010 701 1062 esset
749 1020 978 1074 verum,
1013 1005 1232 1062 mirum
1264 1010 1350 1062 est
1390 1005 1701 1079 quomodo
1744 1021 1904 1060 nunc

244 1113 318 1152 ex
345 1095 544 1152 verbis
575 1095 731 1150 beati
769 1094 1084 1163 Augustini
1127 1097 1274 1151 velis
1325 1111 1610 1161 asserere,
1645 1111 1763 1150 non
1792 1110 1902 1150 na-

243 1191 465 1253 turam,
493 1185 596 1240 sed
626 1185 1016 1251 voluntatem,
1050 1199 1169 1240 esse
1209 1185 1608 1254 plectendam.
1656 1184 1712 1240 Si
1742 1183 1902 1239 enim

239 1273 526 1329 voluntas
575 1276 794 1328 natura
845 1277 950 1334 est,
986 1276 1042 1327 et
1082 1273 1382 1343 voluntas,
1421 1273 1556 1329 licet
1597 1288 1899 1346 perversa,

242 1361 509 1434 punitur,
533 1360 799 1433 profecto
825 1366 1040 1416 natura
1067 1362 1331 1432 punitur.
1359 1366 1504 1418 Nam
1533 1363 1643 1418 etsi
1672 1349 1900 1417 naturae

240 1467 457 1507 omnes
489 1467 525 1505 a
555 1449 719 1505 bono
749 1454 989 1504 auctore
1020 1449 1194 1506 bonae
1227 1456 1366 1506 sunt
1394 1451 1692 1517 institutae,
1724 1450 1898 1505 ratio-

240 1539 408 1595 nales
439 1542 642 1594 tamcn
670 1538 916 1610 proprio
953 1538 1095 1593 vitio
1126 1539 1300 1594 mala:
1330 1557 1451 1595 non
1482 1539 1896 1595 irrationabili-

2021 459 2202 514 super
2225 444 2451 512 omnia,
2479 444 2583 518 qui
2623 444 2890 502 condidit
2917 445 3144 516 omnia,
3175 461 3387 501 omnes
3427 451 3675 503 naturas

2017 530 2210 588 bonas
2236 537 2414 599 creat,
2457 549 2669 590 omnes
2699 534 3033 592 voluntates
3059 535 3256 606 justus
3287 536 3566 608 ordinat.]

2089 624 2553 698 {-Hieronymus
2605 626 2667 682 in
2721 626 3102 699 Expositione
3145 628 3307 684 Isaiae
3347 628 3670 701 prophetae,

2016 709 2168 767 libro
2195 718 2360 769 sexto
2389 727 2542 784 (cap.
2576 731 2700 783 xxv,
2733 715 2859 783 2t):
2894 715 3074 786 [Deus
3103 715 3265 771 enim
3303 716 3510 772 omnia
3538 716 3677 773 fecit

2016 798 2199 865 bona,
2232 801 2337 856 sed
2369 801 2446 858 ab
2473 802 2566 858 his
2597 803 2701 876 qui
2747 821 2857 860 sua
2902 804 3206 862 voluntate
3233 810 3373 860 sunt
3401 805 3670 878 pessimi,

2016 888 2204 944 semel
2232 890 2360 961 [al.,
2393 893 2624 964 semen]
2654 897 2852 950 ortum
2891 893 2965 950 sit
2991 893 3244 964 malum,
3275 895 3440 967 quod
3468 894 3674 951 volun-

2016 979 2132 1032 tate
2164 975 2246 1043 fit,
2282 994 2405 1035 non
2434 981 2693 1052 natura.]

2086 1065 2315 1134 μάθω
2369 1066 2430 1122 in
2484 1067 2637 1123 libro
2687 1069 2854 1125 tertio
2912 1071 3148 1128 decimo
3196 1073 3350 1143 (cap.
3403 1089 3575 1139 vau,
3608 1073 3666 1128 in

2012 1151 2131 1208 ﬁne
2161 1171 2172 1208 :
2208 1153 2311 1228 [Ex
2339 1172 2462 1228 quo
2510 1158 2896 1230 perspicuum
2927 1164 3018 1215 est
3064 1165 3280 1217 natura
3320 1161 3536 1228 bonos,
3568 1177 3670 1217 vo-

2011 1240 2237 1298 luntate
2261 1243 2452 1300 malos
2472 1245 2892 1321 ﬁeri.Denique
2913 1248 3177 1315 infertur,
3196 1251 3380 1306 homo
3401 1250 3458 1306 in
3485 1266 3670 1306 seme-

2012 1331 2164 1404 tipso
2195 1335 2428 1400 erravit,
2460 1351 2582 1391 non
2614 1341 2849 1405 natura,
2880 1338 2986 1394 sed
3028 1339 3244 1394 mentis
3273 1339 3562 1410 arbitrio.]

2080 1423 2121 1491 ἦ·
2154 1422 2315 1478 Idem
2365 1424 2427 1478 in
2472 1425 2627 1481 libro
2675 1427 2884 1498 quinto
2933 1428 3167 1484 decimo
3205 1432 3362 1498 (cap.
3394 1445 3505 1494 Liv,
3544 1428 3664 1498 l6):

2010 1509 2153 1580 [Ego
2181 1511 2338 1565 enim
2373 1527 2510 1567 sum
2550 1529 2658 1585 per
2683 1530 2866 1585 quem
2910 1515 3192 1572 habitura
3219 1533 3280 1572 es
3307 1517 3666 1589 proselytos,

242 1633 328 1684 ter
352 1599 753 1700 appellantur.
784 1599 986 1698 itaque
1034 1627 1080 1682 si
1107 1627 1382 1684 voluntas
1411 1643 1696 1700 perversa
1725 1626 1898 1699 puni-
1927 1621 1972 1676 B
2009 1613 2113 1700 €710
2138 1599 2244 1669 qui
2269 1601 2736 1700 θνξξυίίαδναηῖ
2783 1603 3128 1700 πίξητθνη
3159 1605 3222 1659 in
3251 1605 3385 1700 ίθηθ
3413 1606 3669 1700 Ῥνῖιίηαδ

241 1723 357 1781 tur,
391 1721 447 1772 et
475 1717 752 1773 voluntas
783 1722 999 1771 natura
1025 1721 1132 1784 est,
1168 1718 1508 1774 necessario
1537 1717 1802 1789 sequitur
1836 1720 1900 1771 ut

239 1810 458 1862 natura
487 1805 685 1878 puniri
713 1805 966 1860 dicatur.
996 1809 1075 1861 Eo
1106 1823 1300 1878 usque
1332 1811 1531 1862 autem
1557 1805 1835 1861 voluntas
1861 1821 1897 1860 a

241 1899 459 1950 natura
487 1895 830 1962 secernitur,
857 1899 920 1950 ut
947 1897 1142 1951 Patres
1171 1894 1487 1950 orthodoxi
1520 1910 1896 1967 saepenume-

242 1999 310 2039 ro
333 2000 434 2040 eas
464 1988 836 2056 sequestrare
858 1983 988 2039 luce
1019 1983 1236 2038 clarius
1267 1983 1604 2051 videantur,
1636 1999 1897 2055 quorum

248 2072 652 2128 memorabilis
677 2073 1042 2143 Augustinus
1071 2073 1132 2126 in
1171 2072 1323 2127 libro
1353 2072 1428 2126 de
1460 2073 1666 2128 Genesi
1699 2071 1776 2128 ad
1804 2071 1894 2127 lit-

251 2165 438 2216 teram
467 2161 782 2217 undecimo
814 2167 967 2233 (cap.
996 2161 1050 2232 9)
1077 2160 1160 2217 ita
1187 2161 1482 2233 loquitur:

321 2267 415 2339 [At
442 2268 621 2337 enim,
652 2268 950 2340 inquiens,
979 2267 1026 2322 si
1059 2269 1212 2323 Deus
1241 2267 1431 2336 vellet,
1464 2268 1644 2323 etiam
1671 2267 1763 2323 isti
1789 2268 1897 2323 bo-

245 2355 309 2411 ni
339 2361 550 2413 essent.
585 2358 813 2421 Quanto
858 2349 1072 2412 melius
1102 2357 1215 2412 hoc
1243 2358 1396 2412 Deus
1425 2357 1613 2413 voluit
1639 2361 1704 2412 ut
1733 2356 1899 2428 quod

246 2446 458 2502 vellent
484 2447 723 2502 essent?
771 2445 876 2501 sed
916 2445 1062 2501 boni
1111 2446 1496 2513 infructuose,
1527 2446 1668 2501 mali
1697 2451 1899 2500 autem

241 2533 485 2606 impune
517 2550 638 2590 non
684 2537 899 2597 essent,
935 2539 992 2589 et
1041 2533 1100 2588 in
1147 2550 1218 2589 eo
1272 2535 1404 2606 ipso
1436 2533 1565 2589 aliis
1597 2533 1769 2588 utiles
1806 2550 1897 2588 es-

242 2623 413 2679 sent?
440 2624 553 2680 Sed
576 2623 930 2696 praesciebat
954 2623 1120 2696 quod
1142 2640 1350 2678 eorum
1374 2622 1573 2679 futura
1599 2623 1726 2694 [al.,
1749 2622 1900 2695 quid

239 2728 452 2767 eorum
491 2711 739 2783 factura]
785 2717 940 2768 esset
987 2712 1266 2770 voluntas
1310 2713 1491 2780 mala,
1546 2711 1900 2785 praesciebat

244 2817 414 2871 sane,
461 2805 517 2857 et
554 2801 700 2874 quia
750 2800 870 2857 falli
920 2817 1042 2857 non
1079 2806 1275 2874 potest
1321 2803 1451 2872 ejus
1497 2800 1894 2875 priescientia,

237 2889 375 2946 ideo
421 2906 544 2946 non
583 2890 794 2962 ipsius,
836 2891 943 2946 sed
995 2906 1204 2946 eorum
1254 2896 1341 2946 est
1376 2890 1656 2946 voluntas
1709 2889 1896 2946 mala.

239 2979 356 3033 Cur
385 2994 528 3046 ergo
558 2993 659 3033 eos
685 2979 922 3043 creavit,
955 2994 1110 3051 quos
1141 2978 1286 3033 tales
1317 2978 1549 3033 futuros
1580 2994 1708 3033 esse
1748 2995 1897 3051 pree-
1928 2970 1970 3027 C

239 3067 509 3123 sciebat?
535 3067 702 3136 Quia,
735 3067 887 3123 sicut
915 3067 1190 3140 praevidit
1229 3066 1377 3138 quid
1422 3067 1565 3121 mali
1590 3073 1786 3122 essent
1809 3067 1894 3122 fa-

239 3156 409 3222 cturi,
461 3156 544 3211 sic
591 3157 769 3212 etiam
823 3156 1099 3228 praevidit
1148 3155 1222 3211 de
1259 3154 1432 3211 malis
1478 3154 1646 3209 factis
1689 3171 1899 3210 eorum

237 3245 386 3318 quid
429 3245 574 3300 boni
621 3251 773 3300 esset
816 3245 942 3316 ipse
973 3245 1258 3300 facturus.
1295 3244 1386 3299 Sic
1418 3244 1576 3298 enim
1610 3260 1710 3298 eos
1743 3244 1896 3314 fecit,

235 3337 304 3388 ut
329 3332 413 3388 eis
442 3331 804 3404 relinqueret
833 3332 990 3387 unde
1016 3336 1072 3387 et
1093 3332 1205 3404 ipsi
1234 3332 1462 3404 aliquid
1480 3331 1898 3405 facerent,quo

235 3421 535 3496 quidquid
569 3421 748 3478 etiam
781 3421 1154 3495 culpabiliter
1181 3421 1486 3492 eligerent,
1517 3421 1685 3478 illum
1725 3422 1798 3478 de
1835 3438 1898 3479 se

235 3511 619 3568 laudabiliter
642 3515 993 3583 operantem
1021 3512 1368 3568 invenirent.
1387 3516 1432 3566 A
1458 3527 1519 3566 se
1551 3513 1775 3585 quippe
1798 3513 1903 3568 ha-

235 3602 381 3658 bent
409 3601 779 3657 voluntatem
809 3600 1054 3669 malam,
1079 3601 1157 3658 ab
1189 3601 1287 3656 illo
1311 3606 1512 3658 autem
1535 3606 1590 3658 et
1618 3609 1898 3660 naturam

234 3692 486 3758 bonam,
522 3696 578 3746 et
599 3691 772 3762 juxta
801 3708 1046 3764 pcenam
1073 3692 1183 3748 sibi
1215 3693 1484 3748 debitam
1515 3691 1738 3759 locum,
1770 3693 1902 3750 aliis

239 3783 317 3852 [et
345 3781 570 3852 justam
627 3797 872 3852 pinnam
923 3781 1034 3836 sibi
1085 3781 1358 3836 debitum
1409 3781 1607 3837 locum
1657 3782 1901 3861 aliis....]

237 3869 672 3926 exercitationis
703 3868 1138 3925 adminiculum
1168 3875 1223 3925 et
1267 3870 1495 3926 timoris
1529 3871 1899 3943 exemplum-

240 3958 355 4016 Sed
384 3963 655 4032 possunt,
687 3958 984 4030 inquiunt,
1019 3959 1197 4014 etiam
1227 3958 1499 4031 ipsorum
1527 3959 1900 4015 voluntatem

238 4048 298 4103 in
329 4047 561 4104 bonum
611 4051 972 4110 convertere,
998 4048 1291 4120 quoniam
1337 4047 1719 4119 omnipotens
1771 4049 1902 4104 est?

238 4139 448 4192 Posset
467 4137 668 4210 plane.
705 4137 822 4191 Cur
851 4151 993 4206 ergo
1021 4152 1144 4192 non
1170 4136 1350 4194 fecit?
1382 4135 1533 4201 Quia
1551 4134 1761 4190 noluit.
1787 4138 1902 4192 Cur

237 4227 514 4296 noluerit,
545 4241 730 4299 penes
761 4226 966 4298 ipsum
997 4225 1128 4301 est.]

309 4335 352 4406 -ι-
372 4332 535 4389 Idem
566 4332 626 4388 in
657 4331 809 4388 libro
841 4339 1055 4388 octavo
1103 4332 1258 4404 (cap.
1295 4334 1380 4398 19)
1407 4348 1420 4388 :
1456 4331 1669 4402 [Locus
1697 4331 1898 4404 itaque
1930 4321 1976 4378 Β

241 4437 501 4488 magnus
543 4437 738 4494 neque
788 4421 1239 4494 praetereundus
1291 4421 1664 4494 proponitur,
1709 4425 1772 4476 ut
1815 4421 1900 4475 in-

245 4513 522 4565 tueamur
551 4515 844 4582 quantum
875 4527 1200 4583 possumus
1249 4526 1402 4582 opus
1451 4509 1666 4564 (lll'lntB
1697 4510 1896 4582 provi-

241 4597 462 4654 dentia:
491 4597 834 4670 bipertitum
861 4600 924 4656 in
959 4607 1174 4656 natura
1203 4603 1259 4654 et
1286 4599 1636 4670 voluntate.]
1667 4599 1702 4664 ῒ
1734 4598 1898 4654 Unde

241 4704 380 4744 cum
427 4687 593 4744 nulta
640 4689 854 4745 utiliter
896 4687 1301 4759 veraciterque
1353 4687 1689 4749 dissereret,
1748 4687 1900 4742 inter

240 4784 456 4834 caatera
486 4779 770 4835 veraciter
798 4779 878 4833 ait
902 4776 1266 4847 Augustinus
1286 4777 1440 4848 (cap.
1465 4778 1555 4846 23)
1580 4793 1593 4830 :
1629 4776 1899 4847 [Naturas

239 4883 450 4924 creans
498 4867 785 4938 bonitate,
842 4866 1179 4922 voluntates
1228 4865 1516 4924 ordinans
1567 4869 1896 4938 potestate;

237 4962 302 5013 ut
329 4958 390 5012 in
421 4958 650 5013 naturis
680 4955 868 5012 mulla
895 4957 970 5011 sit
1013 4973 1148 5026 quae
1179 4971 1301 5012 non
1347 4955 1425 5011 ab
1455 4954 1554 5012 illo
1587 4953 1679 5024 sit,
1714 4955 1771 5010 in
1803 4971 1901 5010 vo-

233 5045 567 5102 luntatibus
601 5049 803 5101 autem
834 5045 999 5101 nulla
1061 5045 1224 5102 bona
1256 5045 1348 5111 sit,
1381 5045 1474 5102 cui
1525 5060 1646 5102 non
1675 5045 1895 5118 prosit;

234 5134 405 5192 nulla
429 5134 593 5192 mala
619 5135 711 5202 sit,
743 5150 868 5208 qua
896 5134 1049 5190 bene
1080 5135 1163 5190 uti
1189 5151 1310 5192 non
1342 5135 1573 5209 possit.]

307 5255 343 5316 1'
375 5254 520 5306 ltem
553 5251 958 5321 Augustinus:
994 5251 1126 5322 [Qui
1153 5267 1466 5323 nunquam
1498 5251 1579 5306 ita
1608 5250 1899 5322 punitvo-

234 5339 528 5397 luntatem
560 5340 810 5407 malam,
841 5344 905 5396 ut
933 5345 1163 5396 natura:
1201 5341 1458 5413 perimat
1495 5339 1897 5409 dignitatem.]

234 5429 270 5495 '1'
295 5432 362 5484 Et
383 5428 567 5501 paulo
583 5434 745 5502 post:
773 5431 946 5502 [Ergo
971 5429 1066 5487 Dei
1090 5429 1462 5502 providentia
1477 5443 1690 5497 regens
1718 5432 1896 5499 atque

237 5517 673 5574 administrans
723 5519 1066 5574 universam
1098 5523 1454 5585 creaturam,
1482 5522 1538 5572 et
1567 5520 1810 5571 naturas
1842 5520 1898 5571 et

239 5605 603 5678 voluntates,
638 5612 886 5666 naturas
934 5613 1000 5664 ut
1042 5607 1176 5676 sint,
1208 5607 1544 5664 voluntates
1589 5609 1792 5664 autem
1833 5609 1897 5661 ut

2008 1689 2148 1760 (Isa.
2181 1706 2293 1758 LIV,
2331 1693 2439 1756 16),
2471 1691 2586 1746 hoc
2633 1695 2740 1758 est,
2773 1692 3106 1760 diabolum,
3156 1694 3431 1749 omnium
3482 1693 3671 1749 malo-

2007 1792 2142 1832 rum
2170 1777 2481 1842 artiﬁcem,
2504 1795 2626 1835 non
2657 1781 3006 1836 necessitate
3033 1785 3282 1849 naturae,
3314 1783 3419 1838 sed
3448 1782 3667 1838 mentis

2008 1866 2281 1923 arbitrio:
2315 1868 2420 1940 qui
2453 1869 2761 1925 suscitabit
2782 1870 3081 1936 incendia,
3098 1875 3155 1927 et
3183 1872 3442 1944 proferet
3460 1876 3668 1928 contra

2009 1959 2062 2009 te
2092 1971 2255 2024 vasa,
2286 1956 2496 2028 quales
2546 1957 2784 2013 fuerunt
2832 1958 3035 2014 Simon
3086 1963 3142 2014 et
3190 1959 3430 2032 Elymas
3480 1959 3664 2028 magi,

2008 2045 2175 2098 Petro
2225 2049 2280 2098 et
2330 2044 2512 2100 Paulo
2561 2045 2850 2118 apostolis
2887 2046 3250 2103 resistentes.
3300 2051 3420 2118 Ego
3469 2049 3668 2103 creavi

2007 2131 2444 2188 interfectorem
2473 2149 2682 2190 eorum
2713 2135 2816 2208 qui
2844 2135 3134 2191 increduli
3165 2142 3302 2192 sunt
3326 2137 3665 2218 futuriknon

2007 2219 2174 2291 quod
2219 2235 2331 2288 ego
2376 2238 2486 2276 Sim
2519 2237 2702 2279 causa
2731 2223 3078 2294 perditionis
3107 2241 3336 2290 eorum,
3370 2225 3475 2280 sed
3501 2224 3665 2297 quod

2009 2312 2242 2363 creatus
2273 2308 2657 2366 adversarius
2703 2311 2782 2368 ad
2812 2313 3232 2383 pugnandum,
3261 2318 3318 2370 et
3339 2313 3508 2369 victis
3536 2329 3661 2386 per,

2008 2397 2154 2452 ditio
2183 2401 2240 2452 et
2259 2397 2583 2455 victoribus
2603 2417 2792 2456 causa
2813 2402 2886 2456 sit
2909 2402 3314 2474 praemiorum,
3333 2419 3664 2476 omnesque

2008 2487 2112 2559 qui
2142 2491 2350 2544 contra
2368 2484 2435 2544 'te
2467 2505 2503 2546 a
2529 2489 2700 2546 fabro
2746 2489 3022 2547 suﬂlante
3053 2496 3191 2547 sunt
3220 2492 3511 2556 fabricati,
3540 2508 3665 2548 non

2008 2576 2359 2644 dirigentur,
2420 2578 2526 2634 sed
2571 2583 2627 2635 et
2674 2585 2996 2652 praesentes
3046 2596 3260 2654 poenas
3308 2581 3562 2637 sentient
3610 2585 3668 2636 et

2009 2663 2285 2736 futuras]

2036 2755 2304 2830 jI-ldem
2349 2756 2408 2811 in
2468 2760 2634 2812 sexto
2687 2757 2922 2814 decimo
2969 2758 3123 2830 (cap.
3178 2774 3298 2830 Lu,
3356 2759 3450 2830 8):
3516 2756 3668 2832 [Viae

2009 2859 2211 2899 eorum
2260 2860 2563 2913 perversae
2607 2847 2764 2916 (Act.
2798 2862 2916 2913 vui,
2955 2848 3062 2915 13),
3114 2863 3235 2904 non
3277 2851 3514 2919 natura,
3560 2847 3667 2904 sed

2008 2934 2255 3004 propria
2283 2933 2634 3005 voluntate.]

2079 3023 2121 3092 σι-
2153 3023 2299 3076 Cum
2327 3021 2504 3092 igitur
2527 3023 2748 3079 clareat
2772 3023 3143 3081 voluntatem
3174 3041 3296 3080 non
3335 3041 3467 3080 esse
3488 3029 3664 3080 natu-

2008 3126 2162 3180 ram,
2185 3127 2306 3182 quo
2330 3115 2506 3182 pacto
2527 3110 2588 3166 id
2608 3112 2774 3183 quod
2790 3117 3007 3170 natura
3027 3129 3150 3170 non
3177 3119 3284 3180 est,
3303 3113 3502 3186 puniri
3533 3129 3671 3186 pos-

2010 3200 2104 3267 sit,
2140 3199 2384 3255 minime
2408 3200 2659 3258 intueor.
2691 3201 2803 3258 Sed
2825 3202 3057 3274 quoties
3084 3203 3413 3259 voluntates
3435 3219 3672 3275 perver-

2010 3305 2112 3356 sae,
2147 3289 2208 3343 id
2257 3293 2341 3344 est
2388 3294 2653 3362 peccata,
2688 3289 2863 3362 plecti
2896 3290 3196 3361 dicuntur,
3228 3292 3670 3364 metonymicos

2009 3379 2207 3450 potius
2224 3379 2641 3452 accipiendum
2658 3379 2954 3450 existimo,
2967 3380 3238 3438 videlicet
3261 3382 3537 3438 cﬂectum
3558 3397 3670 3454 pro

2011 3467 2320 3535 efﬁciente,
2349 3467 2411 3523 id
2442 3472 2532 3524 est
2560 3468 2924 3525 voluntatem
2963 3486 3071 3542 pro
3094 3470 3348 3534 volente,
3381 3474 3436 3526 et
3464 3486 3672 3543 pecca-

2013 3561 2138 3612 tum
2165 3574 2274 3630 pro
2301 3564 2586 3630 peccante
2625 3558 2842 3614 debere
2871 3558 3136 3629 intelligi.
3172 3559 3469 3626 Quoniam
3498 3560 3558 3616 id
3581 3560 3674 3631 ju-

2013 3645 2340 3702 stissimum
2368 3646 2664 3715 duxerim,
2707 3651 2773 3704 ut
2824 3648 2928 3721 qui
2977 3647 3102 3704 vult
3147 3664 3446 3721 perverse,
3478 3648 3539 3705 id
3586 3652 3676 3705 est

2012 3736 2117 3806 qui
2147 3742 2374 3808 peccat,
2410 3737 2536 3809 ipse
2566 3737 2733 3810 quod
2777 3741 3037 3793 meretur
3065 3738 3346 3810 recipiat:
3376 3754 3519 3794 nam
3549 3737 3675 3794 ani-

2013 3839 2116 3878 mo
2145 3825 2380 3880 volente
2408 3842 2627 3896 corpus
2679 3827 2915 3896 cperari
2964 3832 3190 3882 certum
3236 3831 3360 3881 est:
3393 3831 3675 3898 operatur

2014 3927 2157 3979 ergo
2185 3912 2422 3966 animus
2468 3913 2751 3982 quredam
2781 3929 2888 3983 per
2934 3929 2996 3968 se
3047 3914 3469 3968 tantummodo
3517 3913 3675 3980 cogi-

2016 4003 2220 4070 tando,
2252 4001 2531 4073 quaedam
2578 4017 2685 4074 per
2713 4017 2932 4072 corpus
2983 4001 3094 4056 sibi
3125 4001 3435 4057 subditum
3465 4017 3675 4074 perpe-

2015 4089 2266 4146 trando:
2329 4091 2529 4161 itaque
2577 4089 2810 4144 volente
2863 4090 3068 4146 animo
3125 4105 3344 4162 corpus
3399 4090 3669 4163 perﬁcit:

2015 4180 2263 4248 dignum
2295 4183 2383 4234 est
2409 4178 2588 4246 igitur
2617 4183 2680 4235 ut
2710 4178 2860 4234 sicut
2888 4194 3009 4235 non
3051 4179 3414 4236 dissentiunt
3444 4179 3506 4236 in
3535 4195 3676 4252 ope-

2015 4268 2228 4338 rando,
2263 4269 2346 4324 ita
2377 4284 2497 4324 non
2529 4268 2647 4323 sint
2674 4267 2947 4340 dispares
2979 4269 3039 4324 in
3068 4269 3375 4342 patiendo.
3407 4268 3560 4336 Quid
3585 4273 3676 4328 est

2015 4357 2174 4413 enim
2219 4357 2384 4430 quod
2437 4362 2520 4413 tot
2561 4357 2786 4413 morbis
2831 4357 3098 4414 atteritur
3125 4361 3181 4414 et
3207 4363 3397 4414 morte
3424 4357 3674 4414 dissolu—

2015 4451 2141 4502 tum
2193 4452 2378 4503 scatet
2423 4447 2749 4512 vermibus,
2782 4447 3084 4519 putrescit,
3118 4446 3350 4510 fatiscit,
3379 4447 3440 4502 in
3472 4446 3676 4518 pulve-

2013 4551 2139 4590 rem
2173 4536 2478 4604 redigitur,
2509 4541 2566 4591 et
2595 4535 2894 4591 multoties
2941 4536 3003 4590 in
3056 4533 3308 4590 nihilum
3336 4534 3672 4602 deducitur,

2011 4623 2124 4677 nisi
2151 4628 2366 4681 natura
2387 4625 2414 4679 ?
2445 4629 2885 4692 interrogemus
2904 4628 2986 4680 tot
3017 4622 3388 4696 sepultorum
3419 4621 3674 4676 cadave-

2009 4729 2097 4780 ra,
2125 4715 2205 4766 tot
2228 4711 2648 4779 animantium,
2664 4711 3013 4779 volatilium,
3041 4710 3378 4784 repentium
3389 4708 3536 4783 pisci
3547 4725 3675 4766 um-

2010 4818 2128 4873 que
2160 4801 2460 4863 examina,
2494 4805 2580 4856 tot
2627 4805 2796 4856 terrae
2827 4801 3154 4869 nascentia,
3187 4799 3281 4855 vel
3312 4797 3550 4862 annuis,
3582 4799 3677 4856 vel

2009 4889 2351 4954 menstruis,
2381 4889 2475 4944 vel
2516 4889 2883 4962 quotidianis
2938 4889 3178 4946 casibus
3228 4888 3585 4955 decidentia,
3619 4894 3678 4946 ct

2008 4980 2140 5051 ipso
2185 4979 2391 5044 ruinae,
2436 4977 2954 5050 corruptionisque
3005 4995 3127 5034 sua:
3186 4977 3511 5036 inevitabili
3555 4980 3676 5036 line

2009 5068 2347 5124 videbimus
2382 5073 2628 5123 naturas
2668 5067 2888 5140 puniri,
2922 5072 3168 5125 naturas
3213 5067 3540 5142 corrumpi,
3574 5084 3679 5125 na-

2009 5164 2173 5216 turas
2201 5158 2469 5223 dissolvi,
2497 5163 2553 5213 et
2584 5173 2736 5230 pene
2767 5158 2845 5214 ad
2872 5159 3126 5216 nihilum
3161 5159 3407 5232 impelli.

2083 5249 2227 5305 Hinc
2258 5249 2626 5319 Augustinus
2677 5248 2738 5304 in
2769 5247 3020 5308 homilia
3069 5253 3136 5307 39
3182 5250 3243 5306 in
3287 5247 3673 5316 Evangelium

2006 5339 2254 5395 Joannis
2304 5341 2496 5410 (tract.
2531 5338 2689 5409 XLII),
2724 5335 3074 5411 [Propterea
3106 5355 3204 5396 vos
3253 5354 3372 5393 non
3425 5335 3674 5393 auditis.

2009 5431 2150 5500 quia
2177 5445 2252 5486 ex
2295 5432 2408 5485 Deo
2452 5444 2569 5484 non
2604 5429 2740 5485 estis
2775 5429 2971 5495 (Joan.
3007 5445 3126 5494 vm,
3155 5431 3285 5498 47):
3321 5429 3536 5481 lterum
3563 5440 3674 5479 no-

2006 5517 2102 5570 lite
2148 5518 2449 5573 attendere
2495 5522 2794 5578 naturam,
2837 5518 2941 5573 sed
2991 5517 3222 5571 vitium.
3261 5515 3350 5571 Sic
3399 5519 3536 5568 sunt
3581 5502 3676 5566 isti

2007 5621 2078 5665 ex
2109 5609 2249 5676 Deo,
2281 5611 2338 5670 et
2379 5622 2502 5671 non
2547 5612 2783 5676 suntex
2814 5606 2968 5673 Deo;
3009 5610 3224 5668 natura
3271 5620 3344 5660 ex
3372 5607 3511 5668 Deo,
3537 5598 3674 5656 vitio
