4128 6200
487 130 627 187 1243

1535 127 1592 184 S.
1633 125 2009 185 PBUDEN‘I'II
2042 122 2421 185 WSIS
2458 122 2777 183 EPISCOPI

3758 123 3887 185 lui

480 269 605 312 non
645 269 721 311 ex
756 256 912 323 Dec;
942 257 1159 310 natura
1186 253 1348 309 enim
1387 252 1571 321 bona,
1605 269 1742 326 qum
1771 267 1845 310 ex
1876 254 1995 308 Deo
2019 253 2127 318 est,
2157 256 2207 312 Α
2240 247 2440 305 vimus
2470 251 2527 304 et
2554 248 2758 321 pedes,
2781 252 2839 306 et
2866 247 3146 306 tenebras
3173 246 3510 311 exteriores,
3536 263 3674 320 quae
3695 247 3893 309 oeulo-

478 344 750 418 peccavit
762 342 1066 399 voluntate
1094 341 1395 399 credendo
1406 342 1574 416 quod
1594 342 1875 401 diabolus
1888 355 2134 415 persua-

480 432 574 503 sit,
596 437 654 488 et
679 432 886 488 vitiata
914 435 1032 500 est;
1059 431 1196 488 ideo
1221 431 1524 488 medicum
1553 432 1787 505 quierit,
1819 430 1964 505 quia
1984 444 2135 487 sana

478 536 602 577 non
626 524 732 576 est.
763 520 933 586 Quod
974 535 1117 591 ergo
1142 520 1225 577 ait
1270 520 1560 577 Dominus
1588 539 1601 577 :
1632 521 1747 588 Qui
1772 526 1854 578 est
1884 535 1959 577 ea:
1988 520 2131 589 Deo,

480 609 660 666 verba
678 608 789 666 Dei
814 609 1021 667 audit:
1044 615 1387 681 propterea,
1420 625 1520 667 vos
1565 625 1687 667 non
1717 609 1960 677 auditis,
1991 609 2135 680 quia

478 712 554 755 ex
589 698 713 755 Deo
755 713 876 754 non
906 700 1045 756 estis
1074 699 1271 771 (Joan.
1301 699 1444 770 vui),
1475 714 1598 755 non
1625 701 1980 756 naturarum
2006 712 2132 752 me-

476 787 590 844 rita
609 786 907 851 discrevit,
933 791 1036 845 aut
1064 792 1279 861 praeter
1303 804 1477 845 suam
1505 788 1773 847 animam
1802 791 1859 843 et
1887 801 2132 843 carnem

478 876 747 950 aliquam
776 882 1053 935 naturam
1104 878 1168 934 in
1195 878 1566 946 hominibus,
1598 895 1736 951 quas
1775 881 2021 950 peccato
2047 876 2133 932 vi-

476 965 620 1023 tiata
641 982 765 1023 non
791 972 965 1036 esset,
996 967 1269 1038 invenit]
1299 967 1334 1034 '1‘
1356 966 1649 1039 Quodque
1674 965 1893 1022 infers:

1051 1090 1298 1132 JOANNES
1336 1090 1562 1131 SCOTUS.

548 1165 719 1245 (Cap.
770 1169 855 1234 16,
886 1180 1056 1220 num.
1089 1171 1143 1233 7,
1177 1167 1318 1220 sect.
1347 1164 1400 1235 2)
1453 1168 1492 1217 Θ
1544 1163 1615 1219 Si
1663 1178 1805 1233 ergo
1856 1161 2133 1232 angelica

475 1258 703 1308 natura
731 1252 795 1307 in
834 1252 1070 1308 diabolo
1092 1254 1260 1321 juste
1310 1267 1430 1308 non
1472 1252 1696 1307 sinitur
1723 1250 1955 1319 puniri,
1987 1247 2134 1319 quid

476 1344 693 1398 mirum
745 1341 799 1397 si
859 1341 1187 1398 humanam
1229 1342 1625 1399 substantiam
1681 1341 1744 1395 in
1795 1338 2131 1395 hominibus

477 1431 651 1487 etiam
673 1431 1036 1505 impiissimis
1064 1431 1267 1488 eadem
1289 1432 1498 1488 divina
1527 1430 1772 1500 justitia
1813 1428 2128 1497 prohibeat

476 1521 747 1597 torqueri
763 1523 791 1575 ?

1144 1604 1468 1646 CORBECTIO.

545 1680 582 1746 σι’
610 1677 761 1733 Satis
792 1679 914 1732 tam
939 1678 1306 1735 auctoritatis
1322 1694 1509 1751 quam
1534 1677 1693 1735 beati
1725 1676 1984 1747 Gregorii
2003 1691 2131 1732 ver-

472 1766 567 1822 bis
614 1770 921 1822 ostensum
971 1770 1059 1823 est
1105 1768 1440 1823 humanam
1485 1767 1904 1834 substantiam,
1936 1766 1999 1822 id
2042 1769 2131 1822 est

474 1855 744 1911 animam
761 1858 819 1910 et
838 1870 1076 1927 corpus,
1097 1859 1236 1911 ante
1257 1855 1418 1911 diem
1442 1856 1652 1927 judicii
1676 1856 1968 1921 secretim,
1991 1857 2131 1929 post

473 1959 616 2000 vero
647 1944 871 2016 pariter
898 1944 1168 2001 cruciari.
1203 1948 1418 2001 Verum
1464 1962 1540 2002 ne
1572 1946 1749 2002 unius
1787 1945 2046 2003 doctoris
2072 1948 2129 2001 te

473 2027 855 2099 singularitas
882 2027 1171 2097 offendat,
1193 2045 1498 2103 ponamus
1528 2031 1707 2087 etiam
1732 2030 1979 2086 beatum
2001 2030 2128 2085 Hie-

471 2133 819 2188 ronymum,
856 2118 961 2190 qui
990 2118 1173 2175 verba
1218 2119 1383 2176 lsaize
1428 2121 1735 2194 prophetas
1760 2119 2009 2176 ﬁdeliter
2034 2134 2132 2175 ex-

472 2207 750 2282 planans,
780 2208 939 2265 hanc
983 2209 1286 2282 depromit
1332 2211 1641 2268 catholica;
1696 2210 1957 2269 veritatis
2001 2225 2131 2266 sen-

473 2297 718 2354 tentiam
749 2298 926 2370 (Hier.
963 2300 1027 2355 in
1063 2301 1180 2357 Isa.
1211 2315 1344 2370 cap.
1374 2302 1511 2367 ult.,
1543 2318 1599 2358 v.
1635 2302 1790 2369 ult.).

542 2386 991 2459 [Egredientum
1013 2393 1072 2445 et-
1097 2389 1381 2446 videbunt
1410 2390 1708 2447 cadavera
1736 2390 2005 2447 virorum
2025 2388 2135 2459 qui

470 2477 859 2545 praevaricati
881 2482 1025 2533 sunt
1052 2478 1114 2533 in
1141 2493 1254 2535 me.
1288 2480 1511 2535 Vermis
1532 2494 1734 2536 eorum
1764 2494 1887 2535 non
1914 2478 2129 2534 morie-

473 2571 595 2632 tur,
640 2570 695 2621 et
745 2566 901 2636 ignis
945 2581 1145 2623 eorum
1196 2583 1318 2623 non
1371 2570 1810 2639 exstinguetur,
1859 2571 1917 2623 et
1952 2572 2129 2623 erunt

471 2668 656 2726 usque
682 2654 764 2709 ad
783 2656 1115 2711 satietatem
1147 2657 1389 2712 visionis
1414 2659 1580 2712 omni
1601 2657 1776 2713 carni
1809 2657 1949 2723 (Isa.
1974 2671 2126 2721 va1,

470 2742 563 2813 24)
587 2760 601 2798 :
652 2742 861 2799 Omnis
891 2759 1030 2799 caro
1059 2759 1196 2816 qum
1244 2744 1571 2801 adoratura
1597 2749 1687 2800 est
1712 2744 1774 2799 in
1804 2747 2130 2816 conspectu

472 2831 728 2901 Domini,
758 2830 853 2888 vel
878 2831 939 2887 in
966 2832 1330 2889 Hierusalem
1362 2833 1605 2902 omlesti,
1637 2833 1731 2889 vel
1756 2833 1817 2889 in
1847 2832 2012 2889 omni
2047 2831 2130 2887 lo-

471 2935 543 2976 co
569 2920 631 2976 in
659 2937 782 2993 quo
811 2920 1086 2977 levantur
1114 2922 1359 2978 munda:
1411 2939 1648 2989 manus,
1678 2922 2032 2994 egredietur,
2064 2924 2132 2977 ut

468 3010 668 3067 videat
691 3010 989 3067 cadavera
1016 3012 1335 3068 hominum
1361 3017 1739 3069 mortuorum
1766 3012 1869 3086 qui
1900 3026 2131 3085 prava-

467 3100 638 3158 ricati
678 3100 919 3159 fuerunt
964 3101 1023 3157 in
1071 3105 1279 3159 Deum.
1309 3103 1483 3169 Quod
1530 3103 1625 3159 vel
1673 3103 1748 3158 de
1793 3102 2015 3163 iudicis
2042 3103 2130 3158 in-

467 3187 651 3259 telligi
673 3194 889 3261 potest,
920 3189 996 3246 de
1024 3191 1251 3263 quibus
1294 3191 1523 3247 dictum
1571 3196 1693 3247 est:
1723 3192 1910 3248 Filios
1938 3192 2122 3263 genui

469 3279 835 3345 eteawaltavi,
863 3280 981 3349 ipsi
1012 3287 1213 3338 autem
1260 3297 1353 3338 me
1394 3286 1749 3351 spreverunt
1788 3282 1930 3352 (Isa.
1963 3297 2004 3347 1,
2031 3283 2123 3353 2);

467 3367 564 3423 vel
617 3367 694 3423 de
740 3368 1028 3424 omnibus
1081 3371 1210 3441 qui,
1253 3370 1545 3426 habentes
1599 3371 1872 3429 notitiam
1917 3371 2019 3427 Dei
2063 3370 2127 3426 in

468 3454 751 3511 cordibus
780 3455 925 3524 suis,
957 3458 1145 3513 avesti
1186 3462 1329 3513 Sunt
1352 3458 1414 3513 in
1440 3458 1792 3525 vanitatem,
1824 3463 1890 3515 ut
1914 3458 2126 3515 adora-

466 3547 601 3598 rent
628 3547 962 3598 creaturam
1013 3549 1212 3616 potius
1255 3563 1442 3619 quam
1487 3549 1824 3604 Creatorem
1863 3549 2048 3619 (Rom.
2082 3548 2122 3618 i,

467 3630 577 3701 25).
613 3629 1003 3699 Egredientur
1033 3636 1237 3689 autem
1285 3650 1409 3691 non
1458 3634 1613 3706 loco,
1648 3636 1755 3692 sed
1791 3636 2123 3707 intelligen-

465 3718 568 3776 tia.
601 3721 802 3791 Neque
830 3717 992 3775 enim
1020 3720 1319 3779 cadavera
1346 3729 1724 3783 mortuorum
1753 3731 2009 3798 possunt
2037 3726 2124 3783 in-

465 3811 562 3864 tus
590 3823 723 3864 esse
754 3824 893 3864 cum
926 3810 1200 3867 Domino.
1227 3812 1399 3878 Quod
1431 3814 1479 3869 si
1515 3815 1714 3872 omnis
1743 3830 1882 3871 caro
1913 3815 2124 3873 adora-

464 3901 600 3953 tura
629 3901 714 3953 est
744 3897 1089 3967 Dominum,
1123 3904 1181 3956 et
1225 3917 1257 3957 e
1287 3902 1590 3959 contrario
1635 3904 1933 3961 cadavera
1969 3905 2126 3961 viro.

463 4001 601 4042 rum
648 3987 753 4059 qui
802 3989 1179 4059 prievaricati
1237 3997 1376 4048 sunt
1443 3992 1504 4048 in
1560 3995 1835 4062 Domino,
1887 3994 2123 4051 aeternis

464 4073 775 4130 tradentur
818 4075 1158 4146 ardoribus,
1199 4078 1262 4134 in
1312 4084 1627 4154 utramque
1683 4088 1915 4155 partem
1968 4099 2121 4137 veras

466 4162 665 4219 carnis
693 4162 803 4219 erit
828 4166 1201 4223 resurrectio.
1242 4169 1465 4225 Vermis
1495 4174 1697 4228 autem
1722 4174 1825 4243 qui
1855 4187 1975 4227 non
2004 4187 2123 4229 mo-

465 4252 661 4306 rietur
678 4255 733 4307 et
751 4253 903 4322 ignis
920 4253 1023 4325 qui
1044 4271 1163 4311 non
1191 4258 1580 4327 extinguetur
1600 4275 1636 4314 a
1664 4259 1962 4331 plerisque
1982 4274 2121 4315 con-

467 4337 711 4394 scientia
732 4340 1019 4413 accipitur
1033 4348 1438 4415 peccatorum.
1452 4362 1588 4418 quae
1611 4353 1884 4419 torqueat
1902 4348 1964 4403 in
1984 4363 2121 4420 sup-

463 4425 657 4499 pliciis
684 4430 1076 4486 constitutos:
1109 4448 1298 4504 quare
1336 4434 1475 4490 vitio
1520 4452 1629 4491 suo
1659 4441 1837 4508 atque
1876 4442 2122 4508 peccato

465 4519 632 4573 tanto
670 4518 797 4589 [al.,
829 4519 1178 4593 electorum]
1225 4523 1529 4580 caruerint
1563 4524 1747 4595 bono,
1775 4526 1947 4597 juxta
1975 4526 2124 4582 illud

464 4605 631 4678 quod
658 4606 903 4665 dicitur:
934 4610 1213 4667 Versatus
1234 4627 1361 4668 sum
1384 4612 1447 4668 in
1468 4615 1730 4685 miseria,
1753 4615 1895 4671 dum
1923 4616 2122 4686 inﬁgi-

466 4698 569 4749 tur
594 4694 745 4754 mihi
761 4697 937 4765 spina
964 4698 1082 4770 (Ps.
1109 4714 1271 4767 χχχι,
1300 4702 1355 4765 4)
1383 4718 1397 4769 ;
1443 4706 1500 4756 et
1523 4701 1585 4757 in
1616 4702 1987 4760 Proverbiis:
2026 4704 2121 4760 Ti-

464 4796 578 4839 nea
606 4785 825 4840 ossium
870 4801 974 4842 cor
1012 4787 1354 4859 intelligens
1392 4790 1595 4861 (Prov.
1627 4807 1747 4859 xiv,
1782 4808 1899 4849 sec.
1934 4793 2120 4864 LXX);

463 4873 523 4925 et
550 4870 762 4927 iterum
808 4873 924 4929 sub
958 4874 1135 4931 obelo
1162 4894 1174 4931 :
1208 4877 1380 4933 Sicut
1410 4880 1573 4935 tinea
1605 4882 2036 4952 vestimentum,
2069 4887 2124 4938 et

467 4959 681 5014 vermis
699 4960 951 5031 lignum,
971 4964 1056 5020 sic
1087 4980 1311 5023 maeror
1330 4970 1639 5027 excruciat
1657 4985 1760 5027 cor
1784 4973 1904 5027 viri
1918 4973 2121 5043 (Prov.

464 5063 606 5115 xxv,
634 5047 744 5119 20).
778 5050 864 5105 Ita
910 5051 1223 5122 duntaxat,
1259 5061 1322 5112 ut
1364 5074 1488 5115 non
1532 5064 1752 5130 negent
1778 5060 2127 5133 prtevarica-

464 5139 663 5193 torum
680 5142 737 5193 et
757 5140 943 5196 Deum
961 5145 1315 5213 negantium
1332 5152 1557 5205 aeterna
1574 5149 2126 5222 supplicia,dicente

467 5226 721 5285 Domino
756 5228 819 5284 in
854 5230 1215 5303 Evangelia:
1249 5236 1335 5293 Ite
1362 5237 1425 5292 in
1460 5238 1657 5308 ignem
1681 5246 1991 5307 wternum,
2026 5249 2131 5310 qui

459 5325 717 5385 paratus
761 5325 846 5376 est
893 5321 1130 5380 diabolo
1173 5329 1228 5381 et
1273 5327 1502 5397 angelis
1550 5329 1678 5397 ejus
1721 5327 1959 5397 (Matth.
1986 5344 2125 5390 xxv,

466 5406 576 5476 41).
612 5409 678 5462 Et
702 5408 763 5463 in
793 5408 909 5466 alio
935 5410 1068 5467 loco
1094 5431 1105 5469 :
1140 5414 1349 5484 Ligate
1369 5430 1582 5470 manus
1614 5417 1743 5484 ejus
1764 5420 1820 5470 et
1836 5416 2036 5486 pedes,
2070 5424 2125 5475 et

466 5495 686 5552 mittite
720 5513 852 5554 eum
895 5500 958 5556 in
999 5503 1270 5558 tenebras
1313 5503 1666 5558 exteriores:
1702 5502 1786 5558 ibi
1812 5507 1923 5561 erit
1948 5508 2126 5578 fletus

468 5587 526 5641 et
551 5585 778 5649 stridor
796 5587 1063 5648 dentium
1082 5590 1323 5667 (Matth.
1340 5605 1479 5659 xxii,
1502 5592 1609 5663 13).
1636 5591 1693 5650 Si
1713 5607 1933 5661 manus
1950 5597 2122 5665 audi-

2237 353 2376 394 rum
2395 352 2578 410 poena
2607 342 2695 395 est
2722 337 2930 395 lumen
2952 337 3051 395 Dei
3063 352 3187 398 non
3205 336 3568 404 videntium;
3594 342 3651 397 et
3665 337 3897 404 ﬂetum.

2238 427 2345 502 qui
2374 428 2580 501 utique
2604 432 2661 485 et
2688 427 2817 501 ipse
2834 428 2913 486 ad
2938 427 3145 488 oculos
3173 425 3465 500 pertinet;
3496 431 3552 487 et
3581 426 3899 489 stridorem

2240 517 2549 576 dentium:
2582 518 2765 575 miror
2793 518 3090 591 quosdam
3119 533 3327 575 aerum
3359 522 3675 589 corpus,et
3694 517 3902 590 paula-

2240 606 2347 664 tim
2376 607 2439 663 in
2463 622 2643 663 auras
2667 610 2872 663 tenues
2893 605 3339 666 dissolvendum
3361 610 3497 676 post
3518 606 3900 668 resurrectio-

2240 711 2381 751 nem
2400 695 2795 764 introducere;
2810 696 2955 767 quia
2977 693 3263 750 Dominus
3282 694 3545 766 potentia
3566 694 3904 765 majestatis

2240 801 2364 841 sua:
2386 785 2464 842 ad
2486 785 2796 859 apostolos
2816 783 3033 841 clausis
3054 783 3359 855 ingressus
3371 787 3458 841 est
3473 783 3678 855 januis
3702 784 3900 857 (Joan.

2237 891 2339 944 xx,
2378 880 2461 948 19,
2492 876 2607 944 26).
2642 874 2754 942 Qui
2779 878 2933 931 certe
2962 878 3020 933 et
3061 878 3197 931 ante
3226 874 3721 933 resurrectionem
3753 889 3903 946 pen-

2238 963 2382 1020 dulo
2410 980 2590 1039 super
2619 979 2785 1020 mare
2816 961 3147 1020 ambulavit
3176 961 3441 1027 incessu,
3464 966 3521 1019 et
3548 962 3663 1018 hoc
3694 962 3902 1035 ipsum

2240 1052 2514 1125 apostolo
2543 1052 2799 1128 praebuit
2831 1054 3021 1119 Petro,
3049 1056 3112 1108 ut
3140 1051 3244 1124 qui
3270 1050 3388 1109 tide
3419 1050 3795 1122 ambulabat,
3816 1052 3904 1107 in—

2238 1141 2519 1201 ﬁdelitate
2546 1146 2759 1215 postea
2780 1146 3146 1215 mergeretur
3167 1141 3542 1213 (Matt/LXIV.
3558 1141 3646 1209 25,
3660 1145 3745 1205 26»
3761 1146 3858 1209 29)
3884 1160 3899 1208 ;

2239 1231 2335 1287 cui
2380 1230 2608 1291 dictum
2658 1236 2782 1289 est:
2838 1232 3033 1299 Quare
3070 1229 3378 1299 dubitasti,
3430 1229 3667 1288 modice
3708 1230 3905 1301 ﬁdei?

2238 1319 2438 1392 (Ibid,
2463 1320 2577 1392 31.)
2602 1319 2759 1390 Ignis
2778 1334 3020 1394 quoque
3041 1319 3205 1391 juxta
3228 1318 3290 1375 id
3311 1317 3715 1392 accipiendus,
3730 1317 3906 1391 quod

2237 1414 2294 1467 et
2323 1410 2563 1478 vermis,
2591 1410 2695 1487 qui
2726 1410 2937 1473 tandiu
2968 1409 3350 1471 succenditur
3377 1407 3651 1482 quandiu
3676 1405 3907 1465 habeat

2236 1499 2554 1559 materiam
2608 1515 2731 1573 qua
2788 1515 2973 1559 vorax
3022 1496 3272 1555 ﬂamma
3326 1501 3633 1573 pascatur.
3668 1496 3728 1557 Si
3763 1496 3904 1570 quis

2157 1610 2203 1665 Β
2235 1587 2413 1658 igitur
2432 1588 2615 1645 habet
2637 1588 2699 1645 in
2731 1587 3094 1649 conscientia
3121 1602 3231 1645 sua
3260 1586 3503 1654 zizania,
3537 1602 3676 1659 qua:
3709 1585 3907 1649 inimi-

2158 2968 2200 3024 C

2235 1692 2340 1733 cus
2365 1677 2571 1743 homo,
2602 1677 2936 1735 dormiente
2962 1674 3411 1750 patrefamilias,
3446 1675 3903 1749 supersemina-

2233 1767 2336 1834 vit,
2367 1767 2496 1822 haec
2539 1766 2695 1837 ignis
2744 1772 2971 1836 exuret,
3002 1767 3131 1822 haec
3169 1765 3409 1822 vocabit
3431 1764 3806 1825 incendium.
3837 1766 3903 1823 Et

2235 1856 2440 1913 omnia
2457 1856 2585 1930 [al.,
2608 1857 2903 1928 omnium]
2933 1860 3281 1913 sanctorum
3302 1854 3490 1913 oculis
3515 1870 3733 1913 eorum
3764 1869 3901 1926 sup-

2234 1945 2412 2019 plicia
2442 1945 2957 2012 monstrabuntur,
2981 1945 3087 2018 qui
3116 1960 3226 2017 pro
3259 1960 3427 2010 auro,
3450 1948 3507 2000 et
3536 1947 3813 2014 argento,
3844 1945 3900 1997 et

2234 2033 2435 2107 lapide
2458 2033 2740 2106 pretioso,
2755 2033 3203 2091 aediﬁcaverunt
3233 2048 3411 2107 super
3430 2031 3898 2093 fundamentum

2235 2124 2492 2188 Domini,
2524 2123 2752 2191 fenum,
2798 2124 2983 2199 ligna,
3036 2122 3340 2195 stipulam,
3390 2123 3547 2194 ignis
3598 2121 3895 2197 pabulum

2238 2211 2631 2285 sempiterni.]

2310 2301 2345 2371 ἦ·
2374 2300 2539 2357 Idem
2582 2300 2644 2357 in
2690 2299 2842 2356 libro
2890 2300 3127 2357 decimo
3184 2301 3341 2373 (cap.
3389 2316 3520 2370 xxx,
3558 2302 3695 2359 20):
3748 2299 3901 2373 [Vox

2239 2389 2474 2446 Domini
2503 2393 2683 2467 atque
2715 2395 3085 2463 praeceptum
3134 2388 3420 2447 omnibus
3466 2392 3610 2445 nota
3646 2388 3814 2455 ﬂent,
3845 2392 3902 2443 et

2236 2479 2522 2535 fortitudo
2550 2479 2779 2535 brachii
2807 2479 2963 2535 illius
2995 2479 3223 2535 cunctis
3255 2478 3500 2551 patebit,
3527 2479 3776 2552 quando
3801 2495 3895 2534 re-

2236 2568 2573 2625 tributionis
2603 2572 2839 2640 tempus
2871 2568 3199 2628 advenerit.
3234 2567 3494 2623 ﬂammae
3526 2572 3581 2622 et
3616 2567 3887 2633 turbinis,

2236 2657 2670 2731 grandinisque
2718 2656 3156 2728 magnitudine,
3208 2664 3265 2714 et
3310 2657 3575 2730 pondere
3619 2656 3895 2730 lapidum

2235 2747 2557 2807 deseretur.
2584 2748 2773 2819 Super
2802 2763 2923 2819 quo
2963 2747 3222 2809 ilzechiel
3245 2747 3308 2803 in
3339 2747 3647 2825 prephetia
3679 2747 3814 2816 Gog
3842 2752 3903 2803 et

2236 2839 2448 2907 Magog
2475 2835 2655 2909 pleno
2704 2852 2980 2892 sermone
3019 2836 3304 2892 describit
3345 2836 3466 2908 [al.,
3496 2834 3755 2909 scribit]:
3790 2837 3904 2895 Ad

2237 2927 2393 2982 vocis
2424 2928 2550 2997 ejus
2581 2926 2896 2995 imperium
2912 2926 3153 2996 pavebit
3175 2927 3370 2980 Assur
3390 2926 3555 2995 virga
3574 2939 3904 2994 percussus

2238 3014 2466 3087 (Ezech.
2496 3030 2733 3084 xxxvm,
2766 3015 2874 3085 31).
2909 3013 3114 3070 Omnis
3143 3014 3386 3087 impius,
3413 3012 3608 3068 omnis
3634 3012 3905 3069 imitator

2236 3102 2428 3173 gentis
2456 3102 2735 3169 inimicae,
2765 3118 2888 3159 non
2917 3119 3040 3179 quo
3070 3103 3131 3159 in
3161 3103 3256 3159 die
3288 3101 3488 3174 iudicii
3519 3101 3686 3158 solus
3714 3102 3793 3159 sit
3823 3102 3901 3158 fe-

2233 3191 2478 3247 riendus
2507 3192 2806 3265 Assyrius,
2836 3192 2940 3247 sed
2972 3198 3215 3266 propter
3244 3194 3372 3265 (aL,
3405 3206 3527 3265 quo
3553 3191 3688 3264 per]
3714 3197 3900 3264 Assy-

2234 3280 2391 3337 rium
2407 3280 2718 3336 diabolum
2744 3280 3166 3351 intelligamus.
3197 3281 3460 3355 Denique
3482 3282 3758 3353 sequitur
3783 3300 3796 3337 :
3821 3281 3899 3336 Et

2235 3371 2349 3426 erit
2390 3372 2679 3426 transitus
2731 3372 2911 3441 virgae
2956 3371 3273 3442 fundatus,
3305 3386 3482 3445 quam
3532 3371 3900 3443 requiescere

2230 3460 2415 3535 faciet
2466 3462 2754 3519 Dominus
2803 3476 2985 3530 super
3031 3477 3162 3517 eum
3210 3461 3350 3532 (Isa.
3383 3477 3521 3528 xxx,
3557 3461 3672 3531 32).
3716 3463 3783 3516 Et
3812 3466 3901 3517 est

2236 3565 2449 3605 sensus
2475 3567 2487 3605 :
2530 3553 2924 3625 Nequaquam
2956 3567 3093 3606 eum
3126 3550 3295 3619 virga
3334 3550 3644 3623 percutiet,
3673 3554 3732 3605 et
3762 3566 3897 3606 eam

2232 3655 2440 3695 rursus
2484 3637 2728 3709 levabit,
2757 3656 2827 3695 ac
2873 3655 3041 3695 more
3085 3639 3443 3695 caedentium
3488 3637 3678 3694 ﬁnem
3724 3638 3900 3694 faciet

2231 3728 2590 3785 verberandi
2614 3747 2628 3797 ς
2662 3728 2766 3785 sed
2797 3729 2975 3802 quasi
3003 3728 3321 3784 fundatam
3347 3732 3401 3783 et
3423 3728 3546 3784 alta
3572 3728 3777 3785 radice
3799 3728 3899 3783 de-

2228 3815 2410 3877 ﬁxam
2436 3815 2497 3871 in
2528 3817 2722 3889 pcenis
2751 3817 2879 3889 ejus
2908 3816 3084 3872 faciet
3112 3833 3485 3890 permanere.
3519 3817 3697 3883 Quod
3725 3817 3775 3871 si
3804 3816 3893 3872 ita

2229 3904 2591 3975 intelligitur,
2625 3905 2727 3961 ubi
2766 3906 2872 3961 erit
2896 3906 3244 3978 pmnitentia
3274 3905 3530 3962 diaboli:
3563 3905 3896 3980 praesertim

2230 4011 2369 4057 cum
2399 3994 2633 4052 dicatur
2661 3995 3076 4069 peccatoribus
3105 4013 3117 4052 :
3152 3997 3241 4052 Ite
3271 3998 3334 4052 in
3360 3998 3556 4068 ignem
3583 4003 3896 4063 zternum,

2229 4101 2401 4157 quem
2453 4087 2829 4156 praeparavit
2887 4086 3035 4141 Deus
3088 4086 3328 4141 diabolo
3380 4090 3435 4142 et
3483 4086 3717 4156 angelis
3763 4088 3895 4155 ejus

2230 4175 2471 4244 (Matth.
2499 4191 2636 4244 xxv,
2662 4178 2775 4241 41).
2806 4175 2869 4229 In
2902 4176 3208 4244 tympanis
3230 4181 3284 4230 et
3307 4175 3581 4244 citharis,
3601 4181 3658 4230 et
3684 4175 3745 4229 in
3775 4173 3893 4229 bel-

2232 4264 2304 4319 lis
2327 4264 2653 4333 prwcipuis
2701 4264 3073 4334 expugnabit
3119 4280 3234 4329 eos,
3273 4264 3583 4319 daemones
3624 4263 3898 4319 videlicet

2230 4356 2287 4407 et
2316 4366 2525 4407 omnes
2568 4351 2791 4423 impios
2838 4368 2977 4407 cum
3026 4352 3249 4421 gaudio
3296 4352 3570 4408 omnium
3603 4352 3896 4407 Dominus

2230 4439 2621 4513 expugnabit.
2656 4440 2747 4495 Ab
2774 4439 3145 4511 heriquippe
3167 4446 3221 4497 et
3245 4457 3278 4497 a
3305 4441 3597 4514 praeterito
3624 4446 3896 4513 tempore

2228 4534 2579 4600 praeparata
2605 4534 2688 4585 est
2736 4544 2773 4586 a
2817 4544 2955 4600 rege
2982 4531 3232 4587 Domino
3274 4530 3541 4601 Thophet
3575 4534 3716 4597 (lsa.
3752 4545 3893 4592 xxx,

2231 4620 2344 4691 33),
2372 4618 2433 4675 id
2463 4623 2553 4674 est
2584 4620 2711 4675 lata
2739 4625 2791 4675 et
2822 4620 3084 4688 spatiosa
3115 4620 3410 4690 gehenna,
3435 4635 3574 4693 quae
3599 4636 3703 4675 eos
3729 4624 3893 4673 aeter-

2231 4708 2324 4764 nis
2373 4712 2507 4766 urat
2553 4708 2890 4764 ardoribus.
2942 4708 3378 4765 Nutrimentum
3417 4709 3548 4781 ejus
3599 4714 3654 4765 et
3697 4707 3893 4765 fomes

2230 4797 2387 4868 ignis
2416 4802 2523 4865 est,
2553 4802 2609 4853 et
2655 4797 2821 4868 ligna
2866 4797 3077 4865 multa,
3104 4797 3166 4853 id
3195 4802 3283 4854 est
3321 4798 3573 4855 ﬂamma
3602 4802 3900 4872 perpetua

2230 4892 2287 4943 et
2317 4887 2612 4959 supplicia
2637 4891 3045 4960 peccatorum.
3078 4889 3144 4941 Et
3170 4887 3464 4961 quoniam
3496 4887 3649 4943 sicut
3694 4887 3772 4945 de
3804 4904 3901 4944 ca-

2231 4976 2397 5031 mino
2429 4981 2485 5030 et
2515 4975 2754 5031 fornace
2793 4975 2948 5045 ignis
2978 4974 3241 5032 ardentis
3278 4977 3663 5050 propheticus
3696 4993 3899 5034 sermo

2232 5064 2609 5137 praedixerat,
2642 5070 2834 5120 servat
2863 5065 3305 5137 metaphoram,
3325 5072 3389 5121 ut
3414 5070 3569 5121 statu
3595 5070 3653 5121 et
3681 5067 3902 5139 spiritu

2232 5169 2304 5210 ac
2322 5151 2625 5209 voluntate
2653 5152 2889 5209 Domini
2913 5153 3069 5209 hanc
3092 5154 3378 5210 succendi
3404 5154 3689 5224 sciamus,
3715 5155 3902 5212 misto

2234 5241 2540 5314 sulphure,
2572 5243 2740 5315 quod
2767 5241 3049 5301 ﬂammas
3080 5242 3311 5314 excitet,
3343 5247 3409 5301 ut
3436 5244 3617 5303 faciat
3661 5245 3901 5303 acriora

2236 5332 2582 5403 tormenta.)

2305 5422 2341 5489 1
2371 5421 2533 5477 Idem
2582 5420 2643 5477 in
2672 5420 2825 5476 libro
2858 5425 3022 5478 sexto
3053 5422 3208 5495 (cap.
3242 5438 3363 5491 xxv,
3399 5424 3516 5495 t8):
3550 5422 3758 5496 [Igitur
3783 5427 3899 5483 Na-

2232 5509 2702 5567 buchodonosor
2725 5511 2899 5583 quasi
2922 5512 3098 5584 stirps
3120 5511 3339 5567 inutilis
3358 5512 3632 5568 incendio
3654 5529 3899 5586 praepa-

2232 5602 2420 5673 ratus,
2450 5597 2547 5657 vel
2575 5599 2725 5658 sicut
2753 5598 2952 5659 sanies
2980 5599 3267 5673 pollutus,
3287 5606 3345 5659 et
3365 5600 3669 5661 involutus
3687 5600 3765 5661 iis
3787 5602 3899 5676 qui
