4128 6200
1271 181 1361 236 DE
1401 179 2086 240 ΡΗΒΒΕΕΤΙΝΑἩΟΝΕ
2121 179 2411 244 OONTM
2446 183 2494 246 «1.
2537 181 2838 252 εσοτυι.

3703 191 3837 258 Ιίῦῧ

411 297 489 354 ab
521 313 593 352 eo
618 297 905 356 interfecti
937 305 1075 357 sunt
1098 302 1317 372 gladio,
1345 307 1402 360 et
1424 303 1863 363 descenderunt
1876 321 2070 379 usque
2098 308 2145 366 Δ
2189 309 2253 368 Et
2280 311 2594 379 propterea
2611 323 2734 372 non
2766 308 2876 368 erit
2894 307 3217 372 mundum.
3247 308 3353 381 qui
3395 312 3613 376 terram
3645 311 3841 374 Domi-

409 385 488 446 ad
519 386 920 451 fundamenta
954 390 1090 458 laci,
1109 391 1511 454 detrahiturin
1532 395 1902 468 profundum
1924 401 2069 458 etne

407 492 549 532 cum
567 476 638 532 iis
652 478 896 550 quidem
914 478 1157 542 habebit
1175 483 1544 546 consortium
1561 485 1901 565 sepulturae,
1915 502 2069 558 quos

407 565 698 620 interfecit
721 583 735 620 :
763 567 1002 622 alterius
1019 569 1178 624 enim
1200 586 1394 644 poenae
1413 577 1500 628 est
1537 578 1746 629 auctor
1765 573 1980 644 delicti,
2015 577 2071 630 et

406 654 648 709 alterius
673 655 775 726 qui
809 656 886 711 ab
918 662 1158 715 auctore
1189 661 1537 734 compulsus
1561 668 1668 719 est.
1702 669 1812 720 Iste
1842 669 1930 720 est
1947 664 2069 735 gla-

403 743 539 800 dius
570 760 693 817 quo
713 745 1007 802 vulnerati
1035 753 1173 804 sunt
1191 750 1433 823 plurimi
1454 759 1508 809 et
1537 753 1822 810 interfecti
1849 755 1922 810 de
1944 770 2064 826 quo

404 839 458 890 et
487 835 548 890 in
571 835 810 909 psalmo
840 835 1096 909 legimus
1123 857 1136 894 :
1171 842 1308 898 Nisi
1349 846 1621 900 conversi
1641 845 1885 914 fueritis
1927 847 2065 915 gln-

401 927 567 982 dium
597 941 770 982 suum
797 927 1054 984 vibrabit
1076 948 1089 985 :
1110 945 1319 988 arcum
1344 949 1515 989 suum
1530 936 1798 1004 tetendit,
1817 941 1873 991 et
1886 950 2066 1005 para-

402 1016 484 1071 vit
513 1029 644 1071 eum
675 1031 688 1070 :
718 1021 773 1072 et
794 1017 856 1072 in
896 1017 1022 1086 ipso
1044 1023 1295 1088 paravit
1348 1037 1494 1078 vasa
1535 1026 1764 1090 mortis,
1815 1025 2062 1095 sagittas

397 1119 538 1160 suas
570 1105 926 1161 ardentibus
947 1107 1139 1182 effecit
1162 1110 1344 1179 (Psal.
1379 1127 1482 1177 vn,
1520 1116 1603 1179 i3,
1642 1113 1742 1184 14).
1777 1113 1874 1169 His
1900 1113 2062 1169 vide-

396 1192 530 1249 licet
557 1194 661 1266 qui
689 1193 750 1250 in
779 1211 955 1251 suum
985 1213 1088 1252 cor
1117 1198 1302 1268 ignita
1331 1200 1556 1257 diaboli
1609 1203 1815 1273 jacula
1863 1219 2064 1259 susce-

396 1286 633 1354 perunt,
665 1287 775 1339 etc.
801 1285 1222 1343 Fundamenta
1247 1295 1443 1345 autem
1475 1291 1595 1346 laci
1617 1307 1727 1363 pro
1756 1292 2060 1365 lapidibus

393 1371 510 1428 laci
530 1371 950 1446 interpretatus
993 1380 1079 1431 est
1112 1379 1532 1452 Symmachus,
1567 1386 1628 1437 ut
1677 1381 1805 1438 aliis
1856 1383 2055 1439 verbis

392 1460 764 1534 profundum
796 1468 853 1520 et
903 1469 1190 1522 tartarum
1219 1467 1580 1538 signiﬁcaret
1603 1470 1844 1527 inferni.
1879 1473 2066 1540 Quasi

395 1551 656 1607 cadaver
682 1553 996 1622 putridum
1029 1571 1152 1611 non
1186 1557 1427 1614 habebis
1458 1562 1846 1629 consortium,
1874 1577 2062 1633 neque

2178 395 2240 456 ni
2270 395 2532 468 perdidit
2561 401 2616 459 et
2645 397 2940 470 populum
2961 397 3094 468 ejus
3122 396 3430 465 interfecit,
3483 402 3699 466 terram
3729 401 3835 460 Ju-

2174 484 2342 551 daeae,
2378 489 2596 547 terram
2626 486 3043 552 confessionis,
3071 491 3126 544 et
3153 491 3392 543 sanctos
3412 503 3686 560 quosque
3707 506 3834 562 per-

2173 573 2324 634 dens
2356 579 2534 648 atque
2563 576 2964 645 interﬁciens;
3011 581 3070 636 et
3098 577 3232 634 ideo
3281 593 3405 632 non
3461 579 3727 642 manebit
3771 581 3834 646 in

2173 669 2482 722 internum.
2533 665 2698 724 Unde
2745 671 2799 724 et
2858 666 2918 726 in
2965 665 3286 737 Evangelio
3336 665 3600 725 dicitur:
3650 670 3741 728 Ite
3768 671 3832 732 in

2171 753 2370 822 ignem
2398 760 2707 824 aiternum,
2732 755 2836 826 qui
2861 761 3246 825 prteparatus
3277 760 3360 812 est
3378 755 3618 816 diabolo
3644 763 3698 820 et
3726 773 3831 822 an.-

2169 843 2320 912 gelis
2350 845 2478 912 ejus
2507 845 2746 914 (Matth.
2774 861 2910 911 xxv,
2945 845 3085 915 41).]

2241 931 2283 1000 -ι-
2305 931 2614 1004 Philippus
2641 933 2701 994 in
2720 933 3098 1006 Expositione
3115 932 3274 992 beati
3297 931 3429 990 Job.
3453 932 3578 1003 (lib.
3601 949 3660 1001 ιι,
3693 951 3827 1009 cap.

2171 1021 2256 1090 24)
2289 1036 2302 1076 :
2329 1021 2590 1078 Dulcedo
2605 1023 2764 1078 illius
2787 1023 3000 1084 vermis
3021 1039 3154 1095 ;per
3167 1021 3562 1095 antiphrasim
3578 1021 3826 1088 dictum,

2167 1108 2336 1180 quod
2365 1114 2453 1167 est
2477 1109 2649 1169 dulce
2670 1112 2743 1167 sit
2755 1111 3080 1181 vermibus,
3109 1115 3163 1167 et
3186 1111 3265 1168 ab
3287 1111 3370 1168 eis
3386 1110 3832 1181 infatigabiliter-

2168 1202 2578 1263 consumatur,
2604 1199 2752 1258 sicut
2777 1200 3154 1271 Evangelista
3180 1199 3274 1256 vel
3299 1200 3450 1258 sicut
3485 1201 3665 1258 Isaias
3688 1217 3830 1274 pro-

2166 1287 2350 1359 pheta
2365 1288 2439 1344 de
2462 1289 3021 1361 praevaricatorihus
3045 1289 3187 1346 dicit
3207 1308 3219 1344 :
3255 1291 3473 1350 Vermis
3490 1305 3693 1348 eorum
3707 1306 3826 1348 non

2166 1379 2456 1435 morietur
2480 1384 2537 1437 et
2565 1379 2720 1448 ignis
2777 1394 2979 1438 eorum
3033 1395 3154 1436 non
3201 1380 3617 1450 exstinguetur
3685 1381 3823 1452 (Isa.

2166 1482 2321 1536 va1,
2352 1468 2462 1538 24).
2491 1468 2644 1528 Talis
2673 1469 2854 1538 igitur
2881 1468 3140 1530 dulcedo
3171 1468 3278 1530 erit
3308 1467 3462 1538 ignis
3494 1467 3718 1540 iniquis
3769 1472 3827 1528 et

2166 1553 2505 1613 odientibus
2528 1557 2758 1627 Deum.]

395 1655 527 1696 cum
559 1641 638 1696 eis
665 1643 1039 1712 sepulturam
1064 1643 1188 1715 [al.,
1230 1647 1293 1701 in
1346 1649 1709 1720 sepultura]
1765 1652 1848 1705 Tu
1901 1653 2054 1707 enim
2098 1672 2138 1727 Β
2236 1643 2271 1709 'l‘
2295 1643 2633 1713 FUIgentius
2664 1645 2724 1700 in
2757 1644 2909 1706 libro
2941 1643 3019 1707 ad
3049 1647 3288 1702 Petrum
3347 1643 3423 1700 de
3451 1644 3586 1700 Fide
3620 1661 3633 1700 ε
3689 1645 3824 1716 [HO-

401 1733 624 1785 terram
685 1735 848 1785 tuam
921 1731 1350 1802 disperdidisti,
1408 1740 1472 1789 tu
1535 1739 1835 1806 populum
1893 1744 2058 1794 tuum
2166 1735 2358 1788 mines
2411 1749 2574 1802 vero,
2629 1734 2772 1806 quia
2823 1734 3146 1790 rationales
3197 1733 3336 1789 facti
3363 1738 3520 1800 sunt,
3555 1733 3629 1788 de
3662 1749 3723 1789 se
3765 1737 3822 1788 et

393 1818 751 1886 interfecisti
777 1819 913 1890 (Isa.
938 1837 1060 1887 xxv,
1088 1821 1201 1892 21).
1233 1825 1357 1879 LXX
1387 1839 1410 1879 ,ο
1433 1824 1858 1896 Quoquomodo
1890 1828 2059 1883 vesti-

391 1912 656 1963 mentum
681 1911 973 1979 sanguine
994 1925 1114 1966 non
1143 1912 1253 1967 erit
1276 1915 1588 1981 mundum,
1615 1916 1700 1971 sic
1715 1932 1822 1972 nec
1844 1923 1906 1972 tu
1940 1919 2056 1973 eris

391 1997 672 2061 mundus,
697 1998 839 2067 quia
856 2004 1079 2056 terram
1106 2015 1296 2056 meam
1308 2003 1649 2071 perdidisti,
1679 2011 1733 2061 et
1759 2007 2051 2075 populum

391 2099 584 2140 meum
616 2087 998 2156 interfecisti.
1025 2120 1067 2127 -
1100 2087 1882 2161 Sicutcadaverputridum,
1908 2094 2050 2161 sive,

390 2177 455 2228 ut
483 2173 700 2248 Aquila
751 2175 1068 2244 transtulit,
1129 2179 1566 2249 conculcatum,
1624 2197 1745 2236 non
1798 2181 2051 2238 habebis

388 2265 757 2320 consortium
783 2265 1124 2338 sepulturas,
1157 2283 1266 2322 nec
1289 2284 1427 2324 cum
1480 2270 1573 2325 his
1611 2271 1855 2346 quidem
1897 2288 2051 2345 quos

386 2351 747 2410 interfecisti.
783 2354 880 2412 Tu
907 2355 1066 2412 enim
1094 2357 1380 2427 magister
1408 2375 1492 2429 es,
1522 2359 1603 2415 illi
1652 2360 1813 2418 fuere
1874 2362 2049 2418 disci-

385 2441 550 2513 puli:
584 2446 642 2498 et
671 2442 766 2497 cui
797 2442 933 2515 plus
961 2443 1252 2500 creditum
1276 2451 1386 2512 est,
1422 2446 1556 2518 plus
1584 2447 1852 2516 exigetur
1878 2449 1954 2504 ab
1977 2467 2048 2507 eo

385 2531 550 2600 (Luc.
583 2547 687 2598 xu,
720 2532 832 2602 48).
871 2533 956 2587 Tu
975 2533 1132 2589 enim
1165 2540 1390 2598 terram
1416 2540 1578 2591 tuam
1607 2537 2046 2607 disperdidisti,

377 2620 672 2688 populum
708 2625 877 2677 tuum
906 2623 1180 2678 occidisti
1207 2639 1311 2678 eos
1345 2623 1616 2680 videlicet
1645 2626 1748 2698 qui
1768 2625 1871 2681 tibi
1907 2630 2046 2681 sunt

385 2708 588 2763 crediti
618 2709 1016 2777 gubernandi.
1063 2711 1228 2767 Unde
1250 2712 1328 2767 ad
1357 2713 1721 2770 Salvatorem
1751 2715 1934 2771 audet
1958 2715 2044 2770 di-

385 2811 517 2851 cere
552 2813 565 2852 :
599 2799 738 2854 Haec
765 2800 966 2854 omnia
1023 2801 1174 2857 mihi
1205 2802 1434 2857 tradita
1463 2809 1623 2869 sunt,
1660 2809 1713 2859 et
1747 2804 1903 2860 dabo
1939 2805 2048 2860 tibi

385 2900 453 2940 ea
481 2886 534 2940 si
554 2887 871 2955 procidens
889 2888 1238 2945 adoraveris
1264 2905 1356 2946 mc
1379 2891 1612 2960 (Matth.
1638 2907 1716 2960 IV,
1748 2897 1825 2959 9).
1859 2892 2043 2948 Cada-

384 2989 490 3028 ver
505 2978 706 3030 autem
723 2975 944 3032 diaboli
962 2978 1161 3050 putrid
1171 2995 1271 3033 um
1288 2979 1368 3034 ob
1392 2981 1871 3049 magnitudinem
1904 2997 2042 3054 pec-

384 3067 653 3119 catorum
674 3063 946 3121 dubitare
963 3082 1083 3122 non
1104 3068 1336 3139 poterit,
1369 3069 1471 3141 qui
1502 3068 1709 3137 legerit
1729 3075 2042 3142 peccatum

383 3169 512 3209 esse
541 3153 992 3224 fetidissimum,
1026 3157 1158 3230 ipso
1188 3163 1501 3230 peccatore
1534 3159 1766 3216 dicente
1794 3179 1808 3216 :
1869 3161 2042 3218 Com-

369 3249 764 3316 putruerunt,
798 3251 852 3301 et
877 3252 1178 3316 corrupta
1208 3254 1345 3303 sunt
1379 3250 1686 3305 cicatrices
1716 3266 1858 3306 meae
1879 3267 1914 3307 a
1939 3254 2040 3322 fa-

379 3333 466 3388 cie
485 3334 846 3404 insipientior
873 3351 1017 3392 meae
1047 3335 1237 3406 (Psul.
1271 3354 1499 3403 xxxv",
1525 3340 1597 3410 6).
1627 3339 1737 3394 Iste
1757 3340 1902 3412 quia
1929 3346 2042 3419 ter;

378 3437 512 3478 ram
541 3422 651 3478 sibi
681 3423 970 3481 creditam
993 3425 1273 3496 perdidit,
1306 3431 1360 3482 et
1382 3430 1780 3484 commissum
1799 3428 1912 3485 sibi
1937 3446 2042 3502 po.

375 3510 590 3583 pulum
621 3512 956 3584 trucidavit,
981 3530 1372 3587 nequaquam
1393 3532 1496 3571 eos
1528 3517 1692 3572 vivos
1721 3534 2038 3574 reservans

375 3603 517 3668 Deo,
541 3601 646 3657 sed
679 3603 874 3658 socios
901 3620 1027 3658 sua:
1051 3619 1400 3676 praeparans
1429 3606 1769 3679 sepulturae,
1798 3613 2039 3680 propte-

371 3705 476 3746 rea
504 3706 629 3746 non
659 3691 767 3747 erit
787 3707 896 3747 nec
925 3692 1240 3748 vocabitur
1265 3699 1550 3750 aeternum
1581 3697 1709 3767 [al.,
1739 3712 1848 3752 nec
1862 3714 2037 3754 voca-

373 3779 532 3836 bitur
550 3780 611 3835 in
642 3784 931 3837 (etei-num
965 3797 1172 3837 semen
1193 3783 1639 3857 pessimorum].
1675 3786 1858 3842 Porro
1866 3787 2038 3856 juxta

374 3869 504 3925 LXX
524 3869 686 3925 hunc
718 3869 901 3926 habet
929 3887 1176 3927 sensum
1203 3873 1247 3926 0
1269 3874 1531 3942 Luci/er,
1561 3876 1668 3944 qui
1689 3892 1865 3932 mane
1885 3879 2036 3933 orie-

377 3957 534 4014 baris
559 3959 699 4029 (Isa.
729 3975 848 4026 xxv,
877 3959 1104 4033 lz),'qui
1134 3961 1382 4032 quando
1413 3961 1685 4019 habebas
1712 3981 1898 4037 opera
1918 3965 2033 4020 vir-

376 4047 517 4102 tutis
547 4053 604 4104 et
621 4049 889 4118 luminis,
913 4051 1334 4105 vestimentum
1364 4067 1495 4107 eras
1519 4052 1637 4118 Dei,
1664 4058 1720 4107 et
1747 4053 1821 4108 de
1846 4060 1897 4110 te
1919 4054 2037 4110 dici

376 4140 649 4208 poterat:
668 4140 706 4192 Λ
723 4139 934 4194 miclus
959 4140 1157 4196 lumen
1176 4141 1330 4196 sicut
1351 4141 1760 4197 vestimentum
1795 4143 1916 4211 [al.,
1946 4145 2034 4198 lu-

369 4227 528 4282 mine
541 4228 694 4282 sicut
713 4230 1101 4301 vestimento].
1124 4246 1137 4284 :
1160 4229 1304 4302 quia
1319 4229 1538 4284 multos
1551 4229 1888 4288 interfecisti
1913 4231 2033 4301 gla-

369 4312 488 4381 dio,
517 4316 621 4388 qui
647 4316 1087 4374 descenderunt
1114 4318 1193 4374 ad
1218 4319 1539 4384 infernum,
1575 4325 1631 4375 et
1657 4336 1866 4376 eorum
1899 4321 2029 4394 pol-

2164 1821 2239 1877 de
2271 1821 2556 1878 omnibus
2576 1822 2756 1878 rebus
2777 1839 2932 1895 quas
2985 1823 3046 1878 in
3089 1839 3269 1878 usum
3319 1822 3455 1880 vitae
3503 1824 3821 1894 prmsentis

2164 1916 2540 1984 acceperunt,
2575 1911 2869 1967 rationem
2898 1911 3184 1968 reddituri
3235 1916 3374 1966 sunt
3430 1913 3569 1978 Deo,
3625 1915 3682 1966 et
3710 1927 3822 1983 pro

2163 2017 2412 2056 suorum
2445 2005 2688 2056 actuum
2743 2001 3029 2072 qualitate
3070 2001 3355 2072 recipient
3410 2006 3513 2054 aut
3551 2015 3818 2071 poenam,

2162 2095 2266 2146 aut
2290 2090 2541 2161 gloriam
2570 2108 2582 2146 :
2617 2091 2826 2146 Omnes
2847 2093 3001 2146 enim
3036 2106 3140 2146 nos
3168 2091 3551 2158 mani/'estari
3589 2093 3821 2158 oportet

2161 2187 2301 2236 ante
2330 2181 2600 2237 tribunal
2631 2181 2863 2238 Christi
2893 2182 3226 2250 utrecipiat
3255 2181 3660 2251 unusquisque
3683 2194 3818 2248 pro-

2152 2272 2297 2340 pria
2326 2273 2612 2340 corporis,
2631 2277 2817 2339 prout
2843 2271 3109 2340 gesserit,
3141 2271 3264 2325 sive
3289 2269 3526 2338 bonum,
3544 2269 3666 2324 sive
3693 2284 3817 2324 ma-

2160 2360 2282 2415 lum
2307 2360 2395 2426 (ΙῙ
2417 2361 2554 2416 Cor.
2587 2376 2645 2424 ν,
2683 2359 2773 2427 10;
2831 2364 2972 2415 tunc
3015 2358 3234 2414 scilicet
3275 2374 3434 2426 cum,
3481 2357 3814 2412 secundum

2155 2447 2341 2519 ipsius
2370 2449 2555 2503 nostri
2589 2448 2880 2503 Creatoris
2936 2463 3006 2503 ac
3064 2446 3475 2519 Redemptoris
3528 2445 3812 2515 elogium,

2154 2551 2352 2592 omnes
2372 2537 2478 2608 qui
2494 2538 2555 2592 in
2583 2537 2975 2593 monumentis
3004 2543 3162 2604 sunt,
3195 2536 3442 2593 audient
3464 2550 3659 2592 vocem
3684 2538 3814 2606 ejus

2154 2631 2210 2682 et
2237 2627 2578 2695 precedent,
2612 2627 2718 2697 qui
2763 2626 2917 2682 bona
2943 2627 3239 2695 fecerunt,
3285 2626 3349 2680 in
3381 2626 3817 2682 resurrectione

2154 2715 2289 2770 vita:
2313 2728 2336 2784 ,'
2357 2715 2465 2785 qui
2487 2730 2626 2771 vero
2653 2715 2818 2770 mala
2871 2719 3142 2784 egerunt,
3193 2715 3258 2768 in
3315 2712 3812 2770 resurrectionem

2142 2802 2368 2871 judicii
2393 2803 2590 2870 (Joan.
2620 2819 2676 2870 v,
2707 2804 2913 2873 28,29),
2970 2806 3033 2858 ut
3063 2801 3286 2858 scilicet
3335 2801 3442 2873 qui
3473 2799 3634 2856 mala
3675 2815 3813 2870 θεο-

2150 2895 2312 2955 runt,
2343 2895 2483 2946 eant
2508 2891 2570 2945 in
2601 2891 3085 2948 combustionem
3141 2896 3447 2956 aeternam,
3509 2905 3650 2944 cum
3687 2888 3811 2944 dia-

2151 2979 2294 3034 bolo
2318 2995 2564 3050 semper
2593 2979 2784 3034 arsuri
2823 2978 3090 3049 principe
3118 2978 3391 3033 omnium
3447 2977 3748 3034 malorum
3795 2995 3809 3045 ;

2152 3067 2456 3137 regnaturi
2483 3067 2609 3122 sine
2638 3066 2756 3121 ﬁne
2779 3083 2916 3122 cum
2948 3066 3179 3120 Christo
3213 3065 3482 3138 principe
3503 3066 3629 3135 [al.,
3652 3069 3813 3144 rege]

2149 3157 2253 3230 qui
2282 3173 2426 3212 vero
2456 3156 2622 3211 bona
2645 3156 2930 3223 fecerunt,
2973 3159 3114 3210 eant
3161 3155 3222 3209 in
3271 3155 3454 3210 vitam
3506 3159 3809 3221 aeternam,

2149 3245 2427 3301 omnium
2467 3245 2845 3302 saeculorum.

2218 3334 2254 3401 1-
2284 3336 2349 3390 In
2369 3333 2584 3389 eodem
2615 3351 2628 3386 :
2656 3333 2901 3404 Singula
2929 3348 3073 3388 vero
3111 3347 3366 3404 corpora
3395 3331 3507 3387 iilis
3559 3331 3811 3398 singulis

2149 3423 2270 3479 suis
2300 3423 2621 3478 animabus
2677 3422 2737 3477 in
2785 3421 3219 3478 resurrectione
3266 3421 3611 3491 reddentur,
3656 3436 3810 3492 quas

2145 3513 2206 3569 in
2229 3513 2530 3581 maternis,
2551 3517 2616 3568 ut
2635 3513 2827 3568 vivere
2848 3512 3198 3584 inciperent,
3221 3511 3532 3568 ventribus
3555 3511 3808 3567 habere-

2146 3607 2490 3675 omperunt;
2528 3601 2747 3657 scilicet
2777 3602 2996 3657 animas
3025 3600 3087 3656 in
3125 3600 3225 3656 illo
3248 3601 3524 3658 examine
3543 3599 3691 3670 justi
3717 3599 3810 3670 ju-

2145 3692 2294 3748 dicis
2321 3691 2381 3748 in
2402 3691 2631 3747 eisdem
2673 3692 2925 3761 singulis
2955 3691 3309 3763 corporibus
3341 3691 3466 3746 suis
3513 3688 3811 3761 accipiant

2144 3783 2616 3848 retributionem,
2651 3781 2773 3838 sive
2801 3781 2990 3850 regni,
3015 3782 3134 3836 sive
3153 3781 3447 3853 supplicii,
3479 3780 3539 3835 in
3587 3779 3809 3852 quibus

2147 3872 2267 3927 sive
2299 3871 2554 3937 bonum,
2581 3870 2704 3924 sive
2728 3869 2955 3924 malam
2985 3870 3334 3941 qualitatem
3362 3869 3494 3923 vitae
3551 3885 3808 3940 praesen-

2147 3961 2218 4014 tis
2238 3959 2600 4014 habuerunt.
2636 3957 2906 4022 Qualitas
2939 3961 3138 4012 autem
3170 3956 3346 4011 malae
3377 3956 3509 4010 vitai
3543 3956 3621 4011 ab
3677 3957 3808 4010 inii-

2145 4047 2380 4105 delitate
2413 4046 2638 4118 incipit,
2667 4063 2802 4118 quae
2826 4045 2904 4101 ab
2933 4045 3236 4118 originalis
3251 4044 3478 4116 peccati
3501 4048 3669 4099 reatu
3694 4045 3804 4100 ini-

2146 4138 2292 4193 tium
2334 4136 2514 4191 sumit
2547 4153 2559 4191 :
2591 4135 2653 4190 in
2681 4151 2805 4208 quo
2835 4135 3109 4208 quisquis
3139 4134 3219 4190 ita
3244 4133 3440 4190 vivere
3471 4133 3693 4206 incipit,
3741 4138 3806 4189 ut

2144 4232 2280 4282 ante
2319 4227 2489 4282 ﬁniat
2517 4226 2704 4280 vitam
2737 4225 2815 4280 ab
2851 4225 2979 4295 ejus
3037 4223 3399 4293 obligatione
3443 4222 3726 4293 solvatur,
3756 4223 3804 4277 si

2144 4316 2321 4371 unius
2351 4315 2467 4370 diei
2495 4315 2591 4371 vel
2629 4315 2804 4370 unius
2849 4314 3010 4369 horae
3038 4313 3229 4386 spatio
3256 4314 3459 4368 anima
3515 4311 3612 4368 illa
3658 4311 3804 4367 vixit

367 4402 527 4460 lutus
547 4421 610 4460 es
638 4405 952 4476 sanguine,
975 4423 1366 4480 nequaquam
1382 4409 1694 4464 vocaberis
1717 4411 2034 4467 vestimen-
2068 4381 2111 4436 θ
2141 4406 2203 4462 in
2234 4421 2502 4477 corpore,
2537 4419 2778 4460 necesse
2823 4407 2911 4459 est
2958 4419 3093 4459 eam
3123 4419 3261 4458 cum
3293 4401 3507 4458 eodem
3551 4417 3801 4473 corpore

370 4495 501 4547 tum
528 4494 650 4556 Dei,
684 4495 788 4550 sed
816 4496 1238 4552 vestimentum
1261 4515 1470 4554 cruore
1501 4500 1875 4571 permistum,
1906 4518 2028 4558 non

368 4581 734 4639 maculatum
748 4589 926 4657 atque
941 4585 1331 4657 pollutum,ut
1344 4587 1571 4659 aliquid
1585 4589 1884 4644 mundum
1897 4587 2000 4662 [αι.
2012 4633 2028 4662 ,

365 4670 838 4742 mundi]habere
859 4671 1139 4738 videaris,
1164 4673 1265 4730 sed
1286 4679 1476 4730 totum
1504 4677 1798 4746 sanguine
1815 4694 2029 4733 cruen-

364 4759 576 4814 tatum.
597 4761 663 4815 Et
677 4760 792 4816 hoc
810 4759 1147 4816 notandum
1160 4762 1328 4837 quod
1341 4761 1418 4816 ad
1437 4763 1746 4819 diabolum
1759 4765 2024 4823 dicatur:

363 4845 515 4904 sicut
537 4849 967 4905 vestimentum
998 4849 1386 4905 commistum
1444 4851 1735 4920 sanguine
1767 4869 1890 4909 non
1920 4855 2028 4912 erit

361 4937 685 5005 mundum,
708 4938 790 4992 sic
821 4942 876 4993 et
899 4942 961 4994 tu
982 4953 1104 4994 non
1135 4937 1250 4993 eris
1273 4937 1559 4993 mundus.
1587 4939 1692 4995 Ubi
1716 4946 1853 4998 sunt
1882 4959 2022 5015 ergo

359 5023 466 5095 qui
483 5023 632 5081 dant
646 5025 892 5083 diabolo
910 5026 1341 5100 penitentiam,
1358 5032 1415 5083 et
1435 5027 1641 5084 dicunt
1661 5028 1828 5084 illum
1846 5047 2022 5102 posse

359 5113 643 5170 mundari
673 5115 701 5170 ‘l
731 5119 846 5172 Nec
877 5118 1075 5172 statim
1106 5116 1445 5189 patebimus
1475 5117 1684 5173 haeresi
1718 5119 1846 5189 [al.,
1875 5119 2020 5176 fate-

358 5216 498 5256 mur
525 5203 844 5276 haeresim],
867 5221 1002 5276 qute
1030 5205 1296 5266 diversas
1319 5205 1531 5264 asserit
1557 5222 1684 5261 esse
1726 5212 1969 5264 naturas
2003 5227 2016 5278 ;

358 5293 416 5344 et
431 5289 615 5347 aliam
634 5308 766 5348 esse
788 5309 922 5370 quae
940 5309 1258 5370 nunquam
1269 5294 1515 5366 recipiat
1531 5293 1865 5351 sanitatem.
1892 5300 2017 5356 Non

357 5379 520 5436 enim
532 5381 648 5437 hoc
669 5382 1086 5442 vestimentum
1115 5399 1221 5458 per
1241 5399 1303 5439 se
1330 5381 1715 5438 immundum
1734 5388 1842 5454 est,
1867 5390 1922 5441 et
1937 5385 2018 5446 ita

358 5481 393 5522 a
424 5468 541 5525 Deo
574 5471 904 5538 conditum,
936 5487 1060 5544 quo
1082 5472 1226 5527 olim
1253 5473 1408 5528 Deus
1459 5470 1859 5542 vestiebatur;
1911 5475 2017 5531 sed

356 5557 462 5628 qui
491 5559 877 5616 commistum
908 5564 995 5615 est
1052 5561 1365 5632 sanguine,
1399 5565 1456 5616 et
1487 5564 1678 5617 totum
1712 5579 1772 5618 se
1804 5562 2016 5637 polluit

359 5660 473 5705 suo
496 5647 659 5718 vitio,
691 5647 932 5713 etmalis
948 5649 1526 5728 accedentibus,non
1548 5651 1655 5738 erit
1685 5653 2007 5741 mundum.

2140 4493 2606 4552 interminabilia
2668 4493 2956 4564 gehennae
3015 4491 3309 4565 supplicia
3362 4491 3653 4546 sustinere
3697 4489 3800 4544 ubi

2139 4584 2417 4640 diabolus
2464 4600 2603 4638 cum
2633 4583 2862 4653 angelis
2919 4582 3040 4637 suis
3096 4582 3158 4636 in
3207 4586 3495 4636 aeternum
3551 4596 3799 4634 arsurus

2137 4678 2244 4744 est,
2299 4673 2404 4745 qui
2447 4676 2502 4728 et
2540 4671 2770 4744 primus
2798 4671 3084 4743 peccavit,
3115 4674 3172 4725 et
3221 4673 3536 4744 peccatum
3568 4667 3798 4740 primus

2135 4763 2270 4835 [al.,
2333 4761 2562 4833 primis]
2613 4760 2963 4815 hominibus
3008 4759 3346 4832 persuasit:
3380 4757 3483 4812 ubi
3527 4774 3663 4812 cum
3723 4773 3794 4813 eo

2134 4851 2315 4906 etiam
2346 4849 2670 4916 fornicarii,
2706 4847 2885 4904 idolis
2948 4848 3290 4914 servientes,
3351 4845 3622 4914 adulteri,
3651 4847 3798 4902 mol-

2130 4939 2239 5008 les,
2274 4937 2682 4995 masculorum
2710 4936 3146 5004 concubitores,
3196 4936 3376 5008 fures,
3406 4935 3588 5003 avari,
3638 4935 3793 4992 ebri-

2129 5029 2239 5099 osi,
2268 5028 2564 5100 maledici,
2611 5043 2858 5101 rapaces
2889 5032 2944 5084 et
2973 5043 3184 5083 omnes
3219 5027 3322 5100 qui
3374 5042 3560 5100 opera
3598 5027 3794 5083 carnis

2129 5124 2336 5191 agunt,
2388 5118 2462 5172 de
2512 5117 2735 5190 quibus
2792 5116 3005 5172 beatus
3053 5116 3195 5172 dicit
3245 5116 3603 5190 Apostolus:
3642 5117 3792 5182 Quia

2126 5225 2377 5281 regnum
2408 5207 2520 5263 Dei
2543 5223 2663 5262 non
2694 5212 3128 5278 consequentur
3154 5207 3306 5278 (Gal.
3337 5223 3394 5262 v.
3434 5207 3546 5276 2i),
3577 5205 3623 5258 si
3655 5209 3791 5260 ante

2124 5299 2305 5371 hujus
2326 5297 2459 5358 vitae
2486 5296 2807 5351 terminum
2833 5312 2869 5352 a
2904 5295 3013 5351 viis
3054 5293 3186 5372 [al.,
3228 5295 3406 5366 vitiis]
3453 5293 3578 5347 suis
3614 5293 3788 5348 malis

2124 5387 2392 5443 conversi
2424 5402 2547 5442 non
2573 5385 2811 5455 fuerint,
2855 5387 3088 5443 aeternis
3148 5385 3387 5456 ignibus
3441 5388 3782 5440 exurentur.

2124 5477 2329 5532 Omnis
2376 5476 2536 5538 enim
2590 5477 2773 5532 homo
2842 5477 2941 5550 qui
2992 5477 3051 5531 in
3146 5475 3260 5530 hoc
3327 5473 3546 5530 saeculo
3596 5489 3788 5544 usque

2123 5565 2200 5620 ad
2233 5566 2414 5622 ﬁnem
2464 5565 2842 5638 iniquitatem
2873 5564 3186 5620 dilectione
3213 5565 3343 5634 [al.,
3368 5561 3781 5632 delectatione]

2119 5655 2175 5710 et
2231 5655 2424 5713 cordis
2475 5653 2872 5718 obduratione
2937 5652 3385 5726 permanserit:
3449 5652 3603 5708 sicut
3689 5649 3786 5707 hic
