4128 6200
340 114 361 166 i
371 111 474 168 247

339 251 480 292 eum
511 235 695 291 noxia
726 233 1046 290 criminum
1078 231 1322 288 dilectio
1345 231 1554 303 tenuit,
1587 231 1672 287 sic
1704 245 1843 287 eum
1873 228 1999 284 sine
2029 230 2076 282 A

335 325 456 382 ﬁne
477 323 840 396 sempiterna
855 320 1140 377 cruciatio
1164 319 1457 377 retinebit.
1482 320 1602 376 Erit
1616 319 1778 376 enim
1808 317 1989 375 etiam

335 413 678 485 iniquorum
730 409 1104 475 resUrrectio,
1158 410 1263 465 sed
1314 409 1440 466 sine
1484 408 1815 465 mutatione
1854 407 1986 479 [al.,

337 499 795 570 immutatione],
823 515 1011 572 quam
1043 499 1186 555 solis
1207 497 1485 556 ﬁdelibus
1515 503 1577 555 et
1599 515 1673 555 ex
1689 498 1808 554 ﬁne
1831 497 1990 568 juste

337 587 678 646 viventibus
706 588 959 644 daturus
988 592 1076 644 est
1095 590 1273 644 Deus.
1297 591 1416 645 Hoc
1439 592 1528 644 est
1547 588 1707 644 enim
1728 585 1894 659 quod
1911 585 1992 641 ait

337 679 553 735 beatus
600 676 856 733 Paulus:
911 677 1122 734 Omnes
1171 677 1407 750 quidem
1447 692 1848 747 resurgemus,
1889 673 1992 732 sed

339 783 459 824 non
479 780 678 822 omnes
695 765 1166 822 immutabimur.
1192 767 1238 838 (1
1256 765 1391 822 Cor.
1406 783 1506 832 xv,
1530 767 1615 836 51)
1634 782 1646 820 :
1667 762 1988 820 ostendens

335 859 538 912 autem
561 855 756 924 justos
785 853 986 910 divino
1033 868 1284 910 munere
1315 853 1804 919 commutandos,
1861 850 1944 906 ait
1976 866 1988 904 :

334 945 416 1000 Et
435 959 540 1000 nos
563 943 1038 999 immutabimur.
1066 943 1387 999 Habebunt
1419 958 1561 1012 ergo
1603 941 1796 1014 iniqui
1853 955 1993 995 cum

330 1032 516 1104 justis
541 1032 1041 1088 resurrectionem
1066 1032 1263 1087 carnis
1281 1047 1694 1098 communem,
1719 1032 1997 1085 immuta-

337 1121 516 1177 tionis
545 1125 747 1177 tamen
781 1121 1037 1190 gratiam
1061 1134 1184 1177 non
1207 1120 1538 1188 habebunt,
1590 1137 1724 1194 quin
1757 1118 1997 1174 dabitur

335 1209 513 1281 justis
547 1230 560 1266 :
585 1209 877 1282 quoniam
919 1224 956 1264 a
987 1209 1342 1282 corporibus
1373 1209 1702 1282 impiorum
1731 1224 1856 1264 non
1886 1223 1993 1263 au-

342 1297 564 1354 feretur
611 1298 935 1371 corruptio,
968 1302 1024 1354 et
1076 1298 1442 1367 ignobilitas,
1477 1302 1532 1354 et
1575 1297 1911 1367 inﬁrmitas,
1937 1295 1998 1350 in

342 1388 563 1460 quibus
594 1388 999 1444 seminantur:
1020 1401 1155 1460 quae
1179 1389 1258 1443 ob
1280 1389 1396 1443 hoc
1418 1393 1608 1443 morte
1633 1403 1757 1442 non
1786 1384 2002 1442 exstin-

343 1482 602 1548 guentur
632 1482 696 1534 ut
723 1477 870 1533 illud
909 1477 1055 1549 juge
1107 1482 1469 1534 tormentum
1529 1476 1772 1550 corpori
1821 1481 2001 1548 atque

344 1566 561 1622 animte
587 1566 659 1622 sit
688 1565 902 1621 mortis
933 1570 1168 1621 aeterna:
1195 1566 1610 1639 snpplicium.]

411 1725 448 1791 ἦ·
474 1724 704 1781 Etinfra
731 1742 744 1781 :
771 1724 928 1796 [Ideo
955 1728 1156 1782 autem
1189 1725 1283 1782 hic
1320 1725 1676 1798 pmnitentia
1701 1724 2007 1781 fructuosa

343 1817 431 1870 est
449 1813 594 1886 quia
623 1817 821 1885 potest
841 1813 937 1869 hic
963 1814 1149 1870 homo
1174 1813 1450 1886 deposita
1480 1813 1707 1878 malitia
1730 1813 1886 1869 bene
1921 1813 2006 1868 vi-

343 1916 500 1967 vere,
523 1903 580 1955 et
603 1903 835 1956 mutata
857 1900 1163 1956 voluntate
1181 1901 1263 1972 inj
1274 1905 1404 1957 usta
1425 1902 1636 1958 merita
1658 1901 1844 1956 simul
1867 1916 2008 1973 ope-

342 2005 534 2060 raque
555 1993 806 2056 mutare,
831 1993 888 2044 et
937 1989 997 2045 in
1049 1990 1260 2046 timore
1289 1991 1387 2046 Dei
1416 2007 1487 2047 ea
1529 2005 1812 2060 generare
1873 2005 2011 2062 qua:

345 2077 627 2150 placeant
649 2079 789 2134 Deo.
814 2078 982 2139 Quod
1011 2077 1114 2150 qui
1135 2079 1198 2134 in
1221 2079 1335 2135 hac
1360 2079 1478 2135 vita
1503 2092 1627 2134 non
1657 2079 1881 2141 fecerit,
1903 2078 2009 2138 ha-

350 2165 518 2222 bebit
541 2165 785 2238 quidem
812 2167 1225 2239 poenitentiam
1245 2167 1308 2223 in
1332 2167 1532 2224 futuro
1555 2167 1774 2224 sreculo
1786 2167 1860 2222 de
1877 2183 2008 2223 ma-

356 2255 430 2311 lis
456 2254 601 2324 suis,
657 2255 763 2311 sed
816 2256 1252 2327 indulgentiam
1309 2257 1368 2313 in
1409 2261 1734 2330 conspectu
1763 2256 1863 2313 Dei
1886 2272 2010 2313 non

356 2344 640 2413 inveniet,
671 2344 816 2417 quia
843 2345 952 2401 etsi
983 2346 1093 2402 erit
1137 2346 1222 2402 ibi
1267 2346 1543 2402 stimulus
1575 2345 2009 2419 paenitudinis],

343 2433 512 2490 nulla
539 2433 623 2490 ibi
647 2433 756 2490 erit
779 2435 1067 2490 correctio
1097 2434 1420 2491 voluntatis
1455 2451 1468 2490 :
1515 2451 1552 2492 a
1597 2434 1818 2491 talibus
1849 2433 2011 2490 enim

346 2522 429 2577 ita
457 2521 798 2593 culpabitur
820 2521 1108 2594 iniquitas
1139 2538 1270 2591 sua,
1302 2527 1368 2578 ut
1392 2522 1738 2578 nullatenus
1796 2521 1875 2577 ab
1925 2520 2011 2576 eis

347 2609 536 2682 possit
549 2608 643 2666 vel
662 2609 825 2680 diligi
847 2609 938 2666 vel
952 2607 1277 2666 desiderari
1289 2611 1310 2682 j
1323 2610 1826 2666 ustitia.Voluntas
1848 2609 2007 2665 enim

347 2715 557 2756 eorum
584 2699 716 2756 talis
769 2699 896 2770 erit,
944 2704 1010 2756 ut
1063 2699 1286 2756 habeat
1341 2700 1400 2754 in
1431 2715 1494 2755 se
1548 2714 1789 2772 semper
1838 2698 2009 2754 mali-

353 2790 595 2860 gnitatis
644 2807 767 2846 suae
820 2789 1204 2863 supplicium,
1247 2803 1563 2862 nunquam
1610 2795 1812 2846 tamen
1868 2789 2012 2844 reci-

347 2895 492 2952 pere
522 2879 712 2951 possit
738 2878 1022 2934 bonitatis
1053 2878 1356 2935 atfectum.
1393 2879 1564 2946 Quia,
1597 2879 1749 2935 sicut
1776 2877 1857 2934 illi
1882 2876 2010 2950 qui-

349 2985 488 3024 cum
521 2969 749 3026 Christo
769 2969 1132 3040 regnabunt,
1164 2968 1364 3025 nullas
1408 2970 1468 3026 in
1499 2987 1562 3026 se
1591 2969 1765 3026 malae
1803 2968 2011 3025 volun-

347 3058 482 3114 tatis
524 3057 806 3131 reliquias
872 3058 1204 3123 habebunt,
1250 3059 1333 3115 ita
1372 3059 1455 3115 illi
1489 3059 1594 3132 qui
1651 3064 1825 3115 erunt
1872 3076 2009 3132 sup-

347 3147 525 3220 plicio
550 3148 705 3220 ignis
731 3148 930 3204 aeterni
952 3165 1089 3204 cum
1115 3148 1360 3205 diabolo
1398 3153 1456 3205 et
1483 3149 1614 3220 ejus
1645 3149 1875 3220 angelis
1934 3150 2009 3205 de

346 3236 558 3308 putati,
604 3237 757 3293 sicut
784 3237 1014 3293 nullam
1066 3237 1311 3294 ulterius
1352 3237 1666 3294 habebunt
1715 3238 2006 3310 requiem,

349 3324 432 3380 sic
452 3325 681 3382 bonam
706 3325 1048 3381 nullatenus
1074 3325 1298 3381 habere
1319 3329 1601 3397 poterunt
1616 3325 2005 3383 voluntatem.

347 3416 416 3470 Et
480 3414 631 3470 sicut
711 3413 1124 3469 cohaeredibus
1176 3415 1384 3469 Christi
1441 3414 1683 3470 dabitur
1723 3416 2008 3488 perfectio

350 3500 478 3564 [al.,
511 3499 823 3570 profectio]
865 3499 1069 3568 gratiae
1106 3500 1184 3556 ad
1237 3506 1522 3558 aeternam
1581 3502 1855 3573 gloriam,
1925 3503 2008 3559 sic

349 3586 730 3642 consortibus
787 3587 1011 3643 diaboli
1089 3589 1420 3645 cumulabit
1478 3590 1612 3663 ipsa
1660 3591 2006 3662 malignitas

346 3691 613 3748 poenam,
663 3675 910 3747 quando
964 3677 1356 3734 exterioribus
1420 3678 1687 3751 deputati
1725 3681 2004 3749 tenebris,

348 3763 514 3819 nullo
537 3762 994 3822 illustrabuntur
1019 3765 1284 3824 interiori
1302 3767 1530 3825 lumine
1554 3769 1866 3836 veritatis.]

416 3923 862 3992 rCassiodorus
894 3928 955 3983 in
974 3929 1354 4001 Expositione
1392 3929 1611 4003 psalmi
1635 3949 1688 3987 vr
1707 3936 1880 3999 (vers.
1914 3932 2002 4004 6):

349 4017 599 4077 [Movere
639 4021 834 4090 potest
860 4033 1050 4089 quare
1079 4018 1257 4090 dicat,
1293 4021 1351 4076 in
1387 4026 1577 4077 morte
1615 4022 1849 4078 nullum
1879 4037 2008 4078 esse

348 4122 679 4162 memorem
704 4106 824 4172 Dei,
865 4107 1011 4162 dum
1034 4109 1230 4164 vicina
1261 4110 1449 4181 possit
1474 4111 1737 4183 amplius
1790 4111 1879 4167 ira
1919 4112 2010 4181 ju-

348 4195 498 4250 dicis
529 4195 943 4252 contremisci:
979 4198 1085 4254 sed
1110 4197 1265 4253 bene
1295 4199 1562 4271 perfidos
1603 4199 1861 4254 dicimus
1900 4199 2008 4255 im-

1435 106 1492 166 S.
1533 103 1915 163 PRUDENTII
1951 100 2322 158 TRECENSIS
2360 103 2668 161 EPISCOPI

3617 99 3748 154 1248

2667 240 2906 284 JOANNES
2945 238 3172 282 SCOTUS.

2174 351 2341 424 (Cap.
2369 353 2452 414 l6,
2477 367 2648 408 num.
2677 355 2732 421 8,
2765 354 2906 408 sect.
2927 350 3002 421 2.)
3027 353 3066 403 Θ
3095 349 3232 404 Νοη
3253 348 3411 404 enim
3445 348 3617 418 juste
3639 363 3754 418 pu-

2100 443 2292 513 nitur,
2319 443 2441 498 nisi
2459 443 2621 514 quod
2638 442 2984 514 delinquere
3012 439 3410 497 convincitur.

2761 563 3093 605 CORRECTIO.

2170 656 2206 721 -Ι-
2229 658 2443 711 Verum
2469 658 2576 722 est,
2599 659 2656 711 et
2692 653 2916 710 idcirco
2958 653 3116 725 juste
3172 650 3418 725 punitur
3464 649 3676 706 anima
3706 655 3765 706 et

2099 758 2340 816 corpus,
2357 743 2501 816 quia
2523 748 2775 817 utraque
2795 742 3140 814 delinquere
3158 745 3622 810 cognoscuntur.
3646 738 3766 795 Sed

2098 834 2214 889 hoc
2245 849 2383 889 cum
2414 833 2488 890 de
2510 832 2931 907 peccatoribus
2976 831 3229 898 dicatur,
3259 845 3383 886 non
3412 829 3645 886 excedit
3669 845 3764 885 re-

2101 922 2308 993 gulam
2336 923 2636 979 veritatis:
2676 925 3092 978 verumtamen
3120 919 3344 976 multos
3373 919 3574 992 puniri
3601 922 3660 975 et
3680 919 3768 975 vi-

2103 1011 2320 1068 demus
2342 1016 2399 1068 et
2423 1012 2701 1082 legimus,
2735 1012 2797 1068 in
2822 1011 3045 1084 quibus
3071 1016 3174 1067 tua
3202 1010 3495 1066 sententia
3514 1009 3766 1066 omnino

2103 1101 2445 1159 frustratur.
2477 1101 2840 1175 Incipiamus
2868 1101 3098 1175 quippe
3121 1100 3201 1156 ab
3231 1099 3383 1155 Abel
3426 1104 3761 1172 protomar-

2106 1195 2254 1263 tyre,
2285 1195 2342 1247 et
2363 1191 2736 1247 inveniemus
2759 1191 2820 1246 in
2846 1207 2916 1248 eo
2949 1190 3327 1263 iniquitatem
3351 1203 3478 1244 non
3503 1205 3630 1244 esse
3649 1205 3759 1262 pu-

2105 1281 2317 1343 nitam,
2353 1279 2462 1336 sed
2482 1297 2621 1336 eum
2648 1279 2942 1352 aequitatis
2972 1278 3184 1334 merito
3214 1276 3590 1333 interfectum
3618 1298 3631 1343 ;
3657 1293 3768 1332 cu-

2103 1370 2203 1441 jus
2221 1369 2516 1439 justitiam
2548 1372 2604 1424 et
2630 1368 2782 1424 liber
2811 1370 3110 1425 Geneseos
3139 1371 3196 1422 et
3223 1366 3352 1438 ipse
3374 1365 3665 1422 Dominus
3703 1365 3768 1421 in

2109 1457 2432 1528 Evangelio
2454 1456 2844 1513 commendat
2873 1457 3039 1527 (Gen.
3068 1471 3144 1518 xv,
3177 1453 3398 1512 Matth.
3431 1471 3600 1521 xxm,
3651 1459 3766 1520 35).

2031 1580 2077 1633 Β
2115 1546 2283 1602 Liber
2304 1547 2483 1603 etiam
2507 1546 2816 1619 prophetae
2851 1544 3168 1615 Samuelis,
3199 1542 3579 1600 Achimelech
3629 1560 3773 1633 cum

2113 1633 2342 1691 caeteris
2363 1634 2778 1692 sacerdotibus
2806 1639 3052 1708 propter
3077 1633 3550 1689 misericordiam
3579 1631 3774 1689 David

2113 1723 2401 1780 benevole
2429 1723 2773 1796 impensam
2799 1723 3108 1795 iniquitate
3140 1722 3330 1778 Saulis
3369 1725 3617 1778 necatos
3683 1721 3776 1776 in-

2114 1811 2276 1868 dicat
2301 1812 2360 1883 (Ι
2383 1813 2525 1883 Reg.
2560 1813 2715 1884 χχιι).
2747 1814 2812 1866 Et
2831 1827 2907 1867 ne
2931 1811 3124 1867 multa
3152 1827 3224 1866 ex
3257 1809 3558 1866 veteribus
3583 1809 3779 1866 revol-

2117 1917 2278 1969 vam,
2327 1904 2556 1973 septem
2585 1899 2799 1956 fratres
2829 1898 2979 1956 liber
3007 1899 3488 1956 Machabaaorum
3526 1904 3778 1971 propter

2113 1992 2278 2060 leges
2329 1989 2452 2055 Dei,
2491 2003 2644 2061 quas
2693 1988 2870 2044 nullis
2924 1986 3249 2044 terroribus
3290 1987 3630 2060 relinquere
3675 2003 3774 2042 vo-

2112 2081 2371 2146 luerunt,
2386 2077 2563 2134 tantis
2587 2077 2950 2135 cruciatibus
2971 2077 3202 2134 occisos
3221 2077 3548 2146 intimat,ut
3567 2078 3782 2133 horro-

2115 2185 2245 2226 rem
2269 2166 2613 2238 regentibus
2642 2166 3146 2239 audientibusque
3171 2165 3419 2222 incutiat
3454 2166 3547 2237 (II
3572 2165 3780 2223 Much.

2116 2258 2237 2329 vn).
2266 2259 2478 2312 Beatus
2505 2258 2766 2312 Joannes
2796 2256 3063 2329 Baptista
3099 2255 3160 2311 in
3184 2255 3392 2312 matris
3413 2259 3584 2311 utero
3603 2271 3781 2310 sanc-

2119 2346 2373 2403 tiﬁcatus
2401 2346 2568 2408 (Luc.
2612 2362 2651 2410 ι,
2706 2343 2811 2413 l5),
2862 2360 2985 2417 quo
3033 2345 3194 2401 inter
3238 2349 3411 2401 natos
3450 2346 3777 2428 mulierum

2118 2437 2315 2504 major
2340 2449 2459 2490 non
2490 2434 2756 2489 surrexit
2788 2433 2955 2505 (Luc.
2977 2449 3078 2502 vn,
3099 2433 3210 2505 28),
3244 2433 3423 2489 unius
3454 2432 3774 2490 muliercu-

2117 2523 2188 2579 lae
2216 2521 2453 2578 saltatui
2483 2521 2815 2578 meretricio
2842 2537 3073 2578 merces
3112 2522 3450 2594 exponitur,
3483 2527 3541 2578 et
3559 2537 3766 2593 ampu-

2118 2611 2340 2668 tatione
2361 2609 2572 2682 capitis
2601 2608 2818 2666 funesti
2855 2609 3015 2680 regis
3063 2610 3389 2667 convivam
3432 2609 3783 2684 deturpavit

2118 2699 2358 2768 (Matth.
2389 2702 2528 2764 xxv).
2566 2697 2745 2754 Filius
2795 2698 2895 2754 Dei
2946 2699 3101 2754 Deus
3150 2703 3208 2755 et
3235 2699 3521 2756 Dominus
3566 2702 3782 2754 noster

2115 2791 2282 2843 Jesus
2313 2787 2709 2860 Christus,qui
2727 2794 3044 2858 peccatum
3089 2804 3207 2845 non
3235 2789 3402 2858 fecit,
3441 2802 3543 2844 nec
3591 2787 3778 2845 dotus

2116 2878 2390 2934 inventus
2405 2882 2488 2933 est
2502 2879 2563 2933 in
2590 2892 2692 2934 ore
2710 2879 2836 2947 ejus
2854 2878 3081 2949 (IPetr.
3115 2894 3176 2938 ιι.
3200 2878 3312 2949 22),
3359 2877 3534 2934 tantis
3555 2893 3790 2951 oppro-

2114 2966 2260 3022 briis
2287 2965 2536 3022 affectus
2574 2965 2902 3022 novissime
2929 2967 3122 3023 crucis
3149 2967 3442 3041 patibulo,
3471 2965 3792 3023 clavorum

2119 3054 2408 3111 atﬁxione
2435 3069 2767 3127 suspensus
2806 3055 3118 3127 expiravit,
3149 3071 3259 3111 nec
3297 3055 3647 3128 quiescente
3676 3071 3795 3111 sae-

2118 3143 2263 3200 vitia
2291 3143 2807 3215 persequentium,
2837 3142 3047 3199 lancea
3076 3143 3234 3200 latus
3283 3144 3414 3215 ejus
3461 3144 3793 3200 mundissi-

2118 3248 2288 3288 mum
2326 3231 2610 3304 aperitur.
2651 3234 2871 3302 Petrus,
2922 3236 3133 3304 pastor
3184 3231 3539 3289 universalis
3588 3233 3797 3290 Eccle-

2119 3322 2244 3392 siae,
2268 3322 2668 3377 Neronianam
2690 3321 2990 3378 insaniam
3009 3322 3202 3378 crucis
3227 3322 3598 3395 appensione
3619 3322 3797 3380 dam-

2116 3409 2298 3466 navit.
2333 3407 2574 3476 Paulus,
2620 3410 2832 3466 doctor
2886 3410 3175 3481 gentium,
3217 3411 3630 3469 Neronianum
3664 3411 3797 3482 gla-

2117 3499 2287 3555 dium
2313 3500 2660 3556 cruentavit.
2689 3501 2780 3558 Sic
2806 3502 3001 3558 caeteri
3050 3502 3308 3575 apostoli
3332 3518 3668 3576 eorumque
3699 3518 3793 3558 se-

2115 3605 2338 3662 quaces
2367 3603 2580 3645 omnes
2611 3606 2800 3663 usque
2823 3590 2886 3646 in
2904 3591 3089 3647 ﬁnem
3121 3591 3321 3647 saeculi
3345 3591 3585 3648 Domini
3600 3591 3798 3649 nostri

2115 3680 2252 3734 Jesu
2281 3678 2496 3734 Christi
2522 3683 2837 3751 martyres,
2862 3679 3140 3752 nunquid
3170 3696 3281 3736 sua
3317 3680 3636 3754 iniquitate
3677 3697 3792 3753 pu-

2116 3766 2240 3834 niti,
2275 3771 2378 3823 aut
2397 3767 2759 3840 iniquitasin
2782 3768 2866 3824 eis
2895 3767 3018 3825 ulla
3042 3769 3272 3842 punita,
3325 3769 3420 3825 vel
3473 3769 3790 3842 punienda

2115 3855 2375 3913 creditur
2400 3855 2428 3912 ?
2450 3860 2520 3914 At
2551 3858 2599 3912 si
2617 3857 2716 3912 Dei
2737 3856 2946 3914 Filium
2962 3857 3241 3931 punitum
3256 3873 3479 3929 negare
3503 3858 3790 3926 volueris,

2116 3960 2329 4000 omnes
2374 3943 2718 4001 divinorum
2749 3944 3128 4018 eloquiorum
3159 3945 3400 4018 paginae
3432 3946 3551 4002 tuis
3583 3962 3794 4002 vecor-

2116 4033 2250 4101 diis,
2283 4038 2461 4106 pente
2492 4033 2767 4107 ultroque
2797 4034 3065 4105 obviant,
3089 4034 3241 4090 inter
3271 4051 3444 4108 quas,
3493 4039 3561 4091 ut
3606 4051 3791 4091 voca-

2118 4122 2262 4178 bulo
2283 4122 2633 4195 punitionis,
2659 4123 2825 4194 quod
2857 4127 3021 4179 tanta
3041 4123 3434 4180 delectatione
3462 4140 3792 4198 perseque-

2121 4211 2225 4280 ris,
2243 4210 2672 4282 obsequamur.
2700 4211 2870 4266 Liber
2893 4212 3209 4284 Sapientiae
3231 4213 3311 4269 ad
3323 4213 3561 4270 Patrem
3587 4216 3786 4272 Deum

347 4299 648 4376 memores
682 4285 804 4348 Dei,
834 4285 908 4342 de
938 4286 1162 4359 quibus
1194 4292 1251 4342 et
1282 4289 1463 4343 Isaias
1491 4306 1503 4344 :
1554 4289 1689 4344 Non
1720 4290 1875 4345 enim
1908 4290 2012 4360 qui
2038 4283 2084 4337 Ῑ)
2123 4317 2300 4374 super
2317 4300 2437 4356 Filii
2462 4299 2555 4355 sui
2582 4315 2726 4356 nece
2757 4283 3027 4372 queritur
3055 4302 3296 4358 dicens:
3329 4303 3488 4360 Eum
3527 4320 3786 4376 quoque,

348 4375 412 4430 in
437 4374 677 4443 inferno
702 4380 863 4445 sunt,
915 4375 1254 4431 laudabunt
1283 4381 1369 4446 te;
1401 4391 1590 4448 neque
1635 4378 1742 4447 qui
1787 4378 2012 4434 mortui

348 4468 488 4518 sunt
521 4462 864 4520 benedicent
888 4469 944 4521 te
974 4465 1112 4535 (Isa.
1146 4481 1391 4528 xxxvm,
1433 4466 1537 4535 l8).
1571 4468 1719 4521 Nam
1751 4482 1888 4522 cum
1926 4465 2011 4522 di-

349 4552 427 4606 cit
457 4553 778 4624 Apostolus
802 4572 814 4610 :
846 4557 908 4608 ln
932 4553 1176 4610 nomine
1203 4558 1306 4609 tuo
1332 4569 1512 4609 omne
1539 4569 1698 4624 genu
1721 4555 2006 4623 ﬂectetur,

349 4637 698 4709 caelestium,
723 4640 1089 4696 terrestrium
1117 4645 1173 4697 et
1209 4640 1582 4698 infernorum
1613 4642 1801 4713 (Phil.
1824 4659 1866 4699 ιι
1900 4643 2008 4714 10),

347 4727 444 4783 hic
469 4728 545 4784 de
571 4729 712 4785 solis
733 4730 1076 4786 inﬁdelibus
1102 4747 1171 4787 ac
1192 4731 1598 4804 pertinacibus
1621 4732 1800 4789 debet
1816 4718 2011 4806 accipi

349 4815 598 4884 dictum,
649 4818 753 4890 qui
812 4818 1042 4874 nullam
1081 4819 1368 4876 fiduciam
1410 4821 1803 4878 confessionis
1883 4838 2009 4878 suae

348 4904 570 4960 habere
596 4910 1033 4979 promerentur.
1067 4909 1264 4966 Merito
1296 4925 1438 4980 ergo
1469 4909 1565 4966 hic
1606 4910 1718 4966 sibi
1774 4910 2013 4967 festinat

350 4991 592 5059 dimitti,
627 4993 772 5066 quia
801 4999 936 5066 post
961 4995 1111 5052 lucis
1161 5013 1447 5054 occasum
1501 5013 1623 5055 non
1667 5004 1848 5056 restat
1897 4999 2012 5058 nisi

352 5079 482 5137 sola
501 5081 807 5139 retributio
828 5084 1220 5160 meritorum.)
1247 5086 1281 5153 1'
1310 5086 1411 5142 His
1439 5090 1740 5144 tantorum
1763 5087 2009 5142 Patrum

350 5170 660 5227 concinnis
682 5171 1112 5246 catholicisque
1136 5176 1442 5233 sententiis
1488 5181 1703 5232 cuncta
1759 5191 1897 5248 quae
1948 5175 2010 5230 in

353 5261 744 5332 sequentibus
765 5263 1006 5332 garrula
1029 5264 1388 5337 loquacitate
1415 5265 1508 5322 vel
1536 5265 1775 5337 loquaci
1807 5280 2009 5333 garru-

351 5347 513 5404 litate
539 5348 728 5419 eﬂlas,
779 5352 1113 5409 orthodoxa
1172 5354 1690 5410 animadversione
1737 5356 2013 5410 truncata

351 5441 534 5494 sunt:
570 5437 826 5513 ideoque
858 5441 1291 5513 compendiosa
1336 5441 1627 5497 brevitate
1683 5444 1902 5497 attacta
1933 5442 2004 5497 si-

353 5527 602 5596 gnanda
666 5535 805 5585 sunt
850 5530 1051 5603 potius
1100 5546 1288 5604 quam
1355 5528 1606 5588 effusius
1659 5533 2007 5606 repetenda.

355 5615 530 5678 Quod
553 5630 698 5686 ergo
729 5617 854 5674 ais:

2120 4392 2226 4462 qui
2267 4406 2386 4446 non
2434 4389 2603 4446 debet
2653 4390 2884 4459 puniri,
2935 4391 3307 4448 condemnas
3339 4393 3505 4463 (Sap.
3529 4409 3635 4458 xu,
3670 4395 3782 4464 15),

2119 4479 2285 4552 quod
2313 4479 2387 4534 de
2416 4477 2550 4551 ipso
2595 4478 3051 4550 intelligendum
3096 4480 3313 4538 beatus
3359 4483 3679 4553 Gregorius
3710 4483 3774 4541 in

2118 4569 2284 4626 libris
2306 4569 2622 4626 Moralibus
2655 4570 2910 4642 exponit.
2945 4573 3011 4626 Et
3041 4571 3392 4629 Psalmista:
3427 4574 3775 4644 Captabunt

2119 4661 2182 4715 in
2207 4660 2471 4715 animam
2493 4661 2669 4729 justi,
2718 4667 2774 4716 et
2831 4662 3184 4732 sanguinem
3236 4664 3610 4721 innocentem
3645 4680 3780 4720 con-

2120 4748 2487 4804 demnabunt
2516 4749 2639 4819 (Ps.
2699 4763 2858 4816 xcm,
2903 4751 3017 4816 2t).
3067 4750 3252 4805 Audis
3295 4755 3380 4807 tot
3432 4758 3786 4810 sanctorum

2119 4837 2400 4894 examina
2426 4853 2535 4909 pro
2565 4837 2938 4894 confessione
2960 4838 3222 4895 veritatis
3258 4844 3314 4896 et
3341 4841 3642 4913 aequitatis
3676 4858 3789 4915 op.

2119 4931 2340 4999 petere,
2367 4930 2424 4981 et
2449 4926 2637 4981 audes
2657 4927 2853 4983 dicere
2874 4927 3210 4985 humanam
3234 4929 3635 4987 substantiam
3654 4947 3789 4988 non

2119 5015 2366 5088 puniri?
2393 5018 2616 5071 Rursus
2647 5016 2814 5089 quod
2844 5016 3159 5088 adjungis:

2689 5157 2932 5198 JOANNES
2971 5157 3198 5200 SCOTUS.

2195 5266 2358 5338 (Cap.
2395 5264 2479 5335 16,
2510 5281 2678 5322 num.
2731 5269 2783 5338 9,
2835 5271 2975 5324 sect.
3034 5272 3116 5337 2.)
3148 5274 3187 5322 6
3235 5270 3481 5326 Nullius
3515 5271 3782 5330 hominis

2122 5355 2429 5410 invenitur
2453 5356 2762 5426 iniquitas,
2793 5357 2913 5412 nisi
2956 5372 3081 5414 suae
3124 5360 3384 5429 propria:
3442 5362 3784 5419 voluntatis

2123 5445 2444 5512 culpabilis
2466 5448 2852 5514 perversitas,
2885 5463 3014 5519 qua
3045 5450 3352 5505 verissime
3400 5456 3628 5507 natura
3658 5469 3787 5508 non

2121 5539 2202 5590 est
2231 5534 2369 5603 quia
2394 5549 2470 5590 ex
2498 5535 2618 5591 Deo
2648 5538 2911 5593 omnium
2938 5543 3206 5596 creatore
3239 5540 3301 5595 in
3354 5541 3532 5596 nulla
3610 5541 3782 5597 subs-

2122 5622 2321 5682 tantia
2350 5626 2435 5683 est
2465 5629 2671 5684 creata
2700 5626 2906 5695 .‘juste
2931 5625 3123 5698 igitur
3138 5629 3359 5700 punita
3381 5630 3454 5698 ﬁt
3496 5630 3739 5688 misera.
