4128 6200
352 213 490 268 1249

1019 346 1327 388 CORRECTIO

407 421 445 487 1-
470 421 530 476 Si
554 435 750 493 neque
781 425 996 476 natura
1020 436 1213 493 neque
1248 421 1589 478 substantia
1643 425 1731 478 est
1778 425 1996 490 creata,

341 509 655 583 quomodo
684 509 948 582 punitur,
974 515 1074 566 aut
1094 508 1160 564 ﬁt
1184 509 1404 565 misera
1422 513 1449 567 ?
1473 510 1532 566 ld
1557 509 1722 583 quod
1753 511 2001 566 omnino

341 615 465 656 non
495 602 604 670 est,
635 598 889 670 qualiter
918 597 1010 652 vel
1040 597 1238 669 puniri
1261 603 1475 670 potest,
1511 599 1601 654 vel
1651 598 1776 655 ﬁeri
1827 599 2004 654 mise‘

339 690 520 744 rum?
548 691 664 742 Aut
709 687 876 758 quod
930 686 1364 743 beatitudinem
1406 705 1723 760 nunquam
1769 688 1999 756 habuit,

342 781 644 850 quatenus
703 774 959 831 miseriae
1027 775 1404 847 subjacebit?
1454 776 1708 832 Proinde
1736 777 1899 849 quod
1931 793 2003 832 ex

341 865 544 923 verbis
567 863 730 921 beati
760 863 1077 934 Augustini
1105 870 1272 920 tuam
1307 865 1664 922 sententiam
1688 865 2004 921 conﬁrma-

351 953 818 1018 turusannectis,
878 959 1263 1025 reparaturus
1311 954 1633 1028 inquientis
1675 955 1737 1010 in
1803 955 2004 1010 multis

262 1029 268 1034 ”
345 1043 513 1117 quod
542 1043 674 1115 ipse
702 1042 857 1108 fecit,
881 1042 1201 1114 puniturus
1225 1043 1286 1098 in
1316 1043 1516 1098 multis
1537 1042 1702 1114 quod
1725 1041 1852 1113 ipse
1881 1055 2004 1095 non

345 1133 507 1200 fecit,
526 1146 918 1204 nequaquam
940 1135 1054 1185 tuae
1071 1131 1441 1203 perversitati
1463 1131 1845 1198 suffragatur;
1861 1144 2006 1201 quo-

342 1223 511 1278 niam
542 1219 775 1293 punitio
804 1220 1086 1276 vitiorum
1109 1237 1178 1276 ea
1206 1221 1405 1292 potius
1436 1220 1666 1290 regula,
1693 1235 1879 1291 quam
1910 1235 2004 1272 su-

345 1325 457 1382 pra
477 1307 894 1377 delibavimus,
919 1307 1099 1364 debet
1119 1308 1456 1378 intelligi,ut
1486 1308 1695 1363 merito
1723 1307 2003 1361 vitiorum

339 1400 636 1472 puniatur
658 1403 892 1454 amator
922 1404 1310 1471 patratorque
1338 1398 1622 1453 vitiorum
1648 1416 1659 1452 :
1688 1413 1811 1452 non
1843 1395 2002 1450 enim

338 1505 586 1563 poenam
618 1487 814 1555 sentit,
841 1487 1008 1560 quod
1039 1487 1288 1543 omnino
1311 1504 1434 1542 non
1455 1493 1543 1543 est
1574 1487 1679 1541 sed
1701 1485 1862 1559 quod
1896 1484 2001 1541 ali-

335 1584 637 1651 quatenus
669 1582 775 1632 est.
813 1576 984 1642 Quid,
1023 1593 1253 1648 quaeso,
1286 1577 1649 1649 puniebatur
1695 1576 1758 1630 in
1811 1580 2002 1631 trans-

1276 212 1363 265 DE
1401 208 2075 266 PREDESTINATIONE
2123 211 2398 271 CONTRA
2433 217 2487 273 J.
2530 217 2822 275 SCOTUM.

3629 227 3648 281 i
3661 227 3764 284 250

2032 336 2078 389 A
2111 339 2465 396 sententiam
2486 340 2645 397 beati
2665 341 2977 411 Augustini
2996 342 3312 416 posuimus
3331 359 3407 401 ex
3442 345 3596 405 libro
3633 348 3764 419 ejus

2113 428 2491 485 lenchiridion
2512 435 2668 500 (cap.
2701 432 2806 498 15),
2830 448 2953 504 qua
2974 432 3116 489 dicit
3136 434 3302 507 quod
3325 435 3419 507 [ex
3455 436 3622 494 bona
3658 439 3767 495 ho-

2110 516 2288 572 minis
2307 524 2524 576 natura
2544 521 2681 576 oriri
2703 521 2982 577 voluntas
3007 527 3063 578 et
3083 522 3246 579 bona
3265 528 3460 596 potest
3479 531 3536 583 et
3577 528 3760 599 mala,

2111 620 2222 662 nec
2242 606 2427 663 fuisse
2451 625 2695 681 prorsus
2718 610 2878 665 unde
2898 610 3172 682 primitus
3195 613 3446 669 oriretur
3482 615 3763 673 voluntas

2111 694 2294 762 mala,
2317 697 2430 752 nisi
2452 713 2526 752 ex
2553 697 2756 767 angeli
2775 704 2830 756 et
2850 699 3114 756 hominis
3138 706 3356 759 natura
3375 703 3586 776 bona.]

2185 783 2295 848 Qui
2324 785 2501 840 etiam
2548 786 2608 841 in
2639 787 2851 843 eodem
2881 789 3010 844 haec
3063 794 3152 846 est
3199 797 3552 862 prosecutus
3601 794 3762 868 (cap.

2111 873 2198 942 25)
2225 889 2238 926 :
2271 872 2512 943 [Verum
2537 874 2666 931 haec
2705 877 3052 935 communia
3085 879 3246 936 mala
3277 886 3414 937 sunt
3463 885 3522 938 et
3567 882 3764 939 homi-

2111 977 2261 1017 num
2289 967 2344 1018 et
2387 964 2738 1034 angelorum
2786 983 2896 1039 pro
2944 984 3054 1024 sua
3102 969 3333 1026 malitia
3385 971 3487 1026 Dei
3535 972 3763 1043 justitia

2113 1050 2560 1108 damnatorum.
2584 1055 2695 1109 Sed
2719 1055 2905 1111 homo
2923 1057 3429 1132 habetetpaenam
3453 1062 3762 1134 propriam

2113 1156 2236 1212 qua
2276 1141 2455 1196 etiam
2493 1143 2757 1215 corporis
2795 1149 2985 1200 morte
3024 1147 3270 1219 punitus
3307 1153 3414 1205 est.
3460 1151 3655 1206 Mortis
3705 1151 3760 1207 ei

2113 1229 2336 1302 quippe
2357 1231 2719 1303 supplicium
2740 1235 2894 1289 Deus
2915 1236 3316 1293 comminatus
3338 1238 3528 1296 fuerat
3553 1240 3601 1296 si
3628 1257 3764 1314 pec-

2112 1322 2307 1372 caret:
2340 1318 2421 1374 sic
2454 1320 2614 1374 enim
2645 1337 2972 1378 munerans
3003 1321 3192 1379 libero
3243 1325 3507 1398 arbitrio,
3564 1334 3627 1386 ut
3674 1334 3762 1386 ta-

2113 1421 2272 1459 mem
2293 1412 2520 1474 regeret
2549 1407 2823 1480 imperio,
2848 1414 3090 1466 terreret
3117 1411 3318 1480 exitio,
3353 1418 3534 1487 atque
3565 1415 3626 1471 in
3655 1432 3761 1489 pa-

2109 1490 2294 1546 radisi
2315 1491 2608 1560 felicitate,
2640 1499 2932 1567 tanquam
2951 1497 3014 1552 in
3038 1497 3253 1554 umbra
3271 1499 3428 1568 vitae,
3453 1502 3614 1558 unde
3629 1503 3761 1574 jus-

2110 1580 2235 1636 titia
2265 1582 2565 1638 custodita
2594 1583 2652 1637 in
2685 1584 2938 1641 meliora
2967 1587 3759 1655 conscenderetcollocavit.

339 1667 721 1739 gressoribus
750 1666 968 1722 veteris
992 1665 1140 1736 legis
1170 1667 1349 1722 etiam
1383 1665 1786 1739 temporaliter
1810 1665 2002 1720 diver-
2032 1686 2072 1740 Β
2111 1670 2253 1726 Hinc
2280 1675 2417 1743 post
2446 1677 2762 1744 peccatum
2789 1674 2958 1730 exsul
3009 1675 3276 1744 effectus,
3321 1677 3567 1750 stirpem
3613 1696 3762 1752 quo-

341 1759 424 1813 sis
452 1757 652 1814 modis
681 1771 1003 1830 poenarum
1030 1755 1315 1811 divinitus
1344 1755 1728 1825 indictarum,
1758 1755 1872 1810 nisi
1900 1770 2003 1810 na-

337 1852 493 1904 tura.
528 1847 671 1902 Hinc
694 1845 1064 1915 Augustinus
1095 1845 1155 1900 in
1183 1845 1442 1918 Epistola
1472 1845 1549 1901 ad
1576 1846 1815 1901 Galatas
1841 1849 1997 1915 (cap.

338 1955 428 2003 ιιι,
457 1941 567 2002 12);
592 1937 766 2009 [Lez,
791 1935 1090 2008 inquiens,
1132 1951 1251 1992 non
1278 1942 1359 1991 est
1393 1952 1467 1992 ex
1493 1937 1629 2005 ﬁde,
1662 1936 1766 1992 sed
1790 1936 1894 2007 qui
1916 1936 2000 2004 fe-

338 2027 484 2084 cerit
509 2042 580 2083 ea
609 2026 763 2083 vivet
797 2027 860 2081 in
885 2027 1031 2081 illis.
1062 2029 1191 2081 Non
1237 2026 1338 2094 ait,
1373 2026 1481 2091 Qui
1504 2025 1704 2080 fecerit
1733 2041 1890 2095 eam,
1921 2022 2002 2082 vi-

337 2120 433 2172 vet
468 2115 531 2170 in
563 2130 656 2182 ea,
693 2118 757 2169 ut
785 2113 1083 2183 intelligas
1108 2113 1303 2184 legem
1333 2115 1395 2168 in
1421 2114 1534 2169 hoc
1559 2113 1691 2169 loco
1714 2130 1823 2186 pro
1856 2114 2000 2185 ipsis

338 2203 623 2278 operibus
652 2203 948 2276 positam;
980 2202 1086 2275 qui
1113 2208 1316 2258 autem
1344 2202 1624 2258 vivebant
1652 2203 1712 2257 in
1739 2203 1828 2257 his
1860 2219 2000 2274 ope-

335 2293 525 2361 ribus,
559 2291 856 2348 timebant
884 2291 1089 2364 utique
1117 2307 1192 2348 ne
1220 2293 1267 2347 si
1308 2307 1432 2347 non
1465 2308 1537 2346 ea
1586 2292 1883 2361 fecissent,
1939 2297 2000 2348 ut

335 2381 773 2455 lapidationem
803 2380 897 2436 vel
922 2397 1164 2436 crucem
1219 2381 1573 2452 hujusmodi
1631 2385 1995 2453 paterentur.

338 2475 492 2543 Ergo
522 2473 629 2544 qui
657 2472 869 2543 fecerit
901 2486 990 2541 ea,
1022 2470 1234 2544 inquit,
1264 2472 1416 2527 vivet
1448 2473 1511 2527 in
1534 2471 1759 2537 illis,id
1791 2472 2000 2528 estha-

339 2561 510 2618 bebit
534 2561 874 2634 praemium,
905 2576 981 2615 ne
1016 2560 1129 2615 ista
1171 2564 1359 2615 morte
1387 2559 1713 2635 puniatur].
1745 2560 1780 2626 j
1810 2561 1996 2628 Idem,

337 2649 404 2706 in
433 2650 538 2706 lib.
571 2667 673 2706 xxn
694 2649 770 2705 de
791 2649 1036 2704 Civitate
1063 2648 1164 2704 Dei
1189 2650 1340 2721 (cap,
1370 2650 1483 2721 24):
1514 2648 1799 2720 [Ninivitae
1822 2649 1998 2722 quip-

339 2755 416 2812 pe
447 2739 510 2794 in
531 2739 644 2794 hac
673 2738 797 2794 vita
841 2741 1090 2808 egerunt
1118 2737 1529 2810 ptenitentiam
1569 2737 1756 2803 (Jonas
1785 2739 1873 2809 ιιι)
1900 2755 1912 2806 ;
1945 2741 2001 2793 et

340 2827 480 2884 ideo
511 2827 906 2894 fructuosam,
936 2826 1097 2882 velut
1124 2827 1186 2882 in
1213 2827 1326 2882 hoc
1353 2842 1498 2897 agro
1531 2827 1916 2895 seminantes,
1936 2827 1998 2881 in

345 2934 470 2992 quo
492 2921 646 2974 Deus
674 2918 861 2974 voluit
886 2934 1024 2974 cum
1047 2917 1330 2990 lacrymis
1362 2917 1665 2980 seminari,
1681 2917 1847 2990 quod
1866 2933 2000 2990 pos-

343 3012 444 3063 tea
472 3022 609 3063 cum
629 3006 824 3063 laetitia
854 3011 1235 3063 meterentur.
1267 3009 1334 3062 Et
1362 3011 1563 3062 tamen
1593 3005 1728 3078 quis
1755 3006 2000 3075 negabit
2029 3036 2070 3092 Ο

345 3095 512 3168 quod
535 3095 822 3151 Dominus
852 3096 1128 3169 praedixit
1157 3095 1219 3150 in
1258 3095 1342 3151 eis
1395 3094 1576 3150 fuisse
1607 3094 1994 3166 completum,

344 3185 457 3242 nisi
508 3202 727 3260 parum
766 3186 1034 3242 advertat
1088 3184 1606 3258 quemadmodum
1655 3189 1999 3258 peccatores

338 3279 498 3332 Deus
525 3291 650 3332 non
703 3275 903 3332 solum
948 3276 1161 3345 iratus,
1204 3291 1415 3330 verum
1459 3275 1638 3330 etiam
1680 3275 2000 3330 miseratus

336 3367 607 3421 evertat?
631 3367 987 3421 Evertuntur
1019 3363 1180 3419 enim
1223 3367 1570 3436 peccatores
1600 3362 1840 3418 duobus
1870 3378 2000 3419 mo-

335 3453 448 3520 dis,
472 3458 577 3509 aut
609 3452 762 3509 sicut
795 3452 1113 3510 Sodomitas
1140 3452 1310 3521 (Gen.
1344 3469 1466 3516 xxx,
1490 3455 1607 3521 2t),
1640 3455 1704 3507 ut
1742 3467 1850 3523 pro
1867 3468 2001 3524 pec-

333 3541 482 3598 catis
512 3541 634 3597 suis
663 3541 780 3613 ipsi
809 3541 1090 3597 homines
1123 3541 1490 3613 puniantur;
1532 3544 1637 3596 aut
1669 3541 1820 3596 sicut
1849 3540 2001 3596 Nini-

334 3631 466 3687 vitae
496 3633 688 3699 (Jonas
713 3650 795 3699 ιιι,
820 3631 897 3703 5),
921 3635 986 3685 ut
1015 3630 1151 3703 ipsa
1190 3630 1506 3686 hominum
1532 3634 1779 3703 peccata
1809 3629 1995 3702 poeni-

336 3720 521 3778 tendo
557 3721 990 3780 destruantur.)
1021 3721 1062 3791 -ι-
1096 3725 1238 3776 Item
1266 3719 1568 3792 sequeris:

909 3825 1151 3866 JOANNES
1194 3825 1422 3866 SCOTUS.

408 3903 575 3972 (Cap.
611 3903 696 3967 l6,
729 3915 898 3957 num.
935 3904 1019 3966 lO,
1067 3904 1207 3954 sect.
1272 3901 1346 3969 3).
1383 3903 1422 3952 Θ
1455 3900 1604 3955 Cum
1636 3901 1840 3971 itaque
1886 3915 1977 3954 om

343 3990 508 4046 nium
540 3990 844 4046 hominum
871 3989 1214 4045 universam
1245 3992 1529 4043 naturam
1584 3988 1646 4042 in
1673 3989 1869 4056 primo
1902 3988 2003 4043 ho-

349 4080 510 4135 mine
532 4081 689 4134 Deus
720 4079 1075 4146 condiderit,
1129 4077 1289 4149 quod
1340 4078 1402 4132 in
1449 4078 1582 4146 ipsa
1633 4079 2004 4133 naturaliter

342 4173 612 4224 creatum
637 4175 720 4224 est
747 4169 920 4225 nullo
943 4167 1115 4223 modo
1161 4168 1357 4236 potuit
1417 4166 1759 4222 naturalem
1817 4167 2000 4236 legem

341 4257 646 4314 Creatoris
705 4258 1007 4313 transire:
1056 4272 1176 4312 non
1226 4257 1416 4327 igitur
1462 4257 1526 4314 in
1581 4257 1689 4312 illo
1736 4257 2001 4326 peccavit

339 4348 501 4419 quod
528 4348 590 4403 in
621 4348 728 4405 illo
751 4348 910 4404 Deus
936 4348 1181 4404 creavit.

1017 4451 1282 4492 CORREC’I‘I
1291 4452 1324 4492 Ο

414 4525 452 4591 ’ἱ-
471 4525 744 4582 Animam
766 4530 824 4584 et
842 4542 1060 4599 corpus
1080 4525 1344 4582 hominis
1385 4527 1539 4581 Deus
1581 4523 1816 4590 creavit,
1858 4539 1994 4596 quae

341 4613 566 4688 pariter
584 4619 1007 4688 peccaverunt,
1033 4615 1238 4672 anima
1256 4614 1516 4670 volendo
1547 4617 1604 4668 et
1623 4628 1877 4684 pomum
1913 4612 2002 4666 in-

340 4702 605 4760 terdictae
627 4704 859 4761 arboris
881 4703 1388 4775 concupiscendo,
1434 4706 1492 4758 et
1530 4717 1750 4773 corpus
1797 4699 2000 4756 inobe-

339 4793 709 4849 dientissime
729 4791 1124 4859 comedendo;
1149 4807 1284 4863 quae
1306 4790 1455 4845 sicut
1475 4794 1728 4861 utraque
1751 4791 1904 4843 Deus
1925 4789 2002 4843 fex

341 4881 442 4950 cit,
465 4882 546 4938 ita
566 4887 821 4956 utraque
844 4883 1266 4955 peccaverunt,
1291 4879 1530 4934 animus
1548 4877 1778 4948 volens,
1803 4882 1858 4933 et
1877 4894 2001 4934 oor-

340 4987 462 5045 pus
483 4971 860 5045 iniquissime
910 4971 1273 5043 obsequens,
1315 4967 1459 5041 quia
1499 4967 1650 5024 sicut
1687 4971 1775 5023 est
1813 4967 2000 5023 animi

338 5059 495 5116 velle
516 5060 596 5117 ita
615 5064 706 5116 est
723 5059 995 5133 corporis
1017 5057 1274 5132 operari.
1302 5057 1359 5115 Si
1380 5056 1541 5113 enim
1561 5056 1843 5113 voluntas
1864 5072 1999 5128 per-

341 5153 693 5206 severatura
712 5165 837 5206 non
858 5153 967 5215 est,
988 5165 1230 5208 necesse
1253 5152 1342 5204 est
1363 5147 1616 5218 alicujus
1641 5152 1872 5204 naturae
1894 5162 2000 5201 vo-

340 5237 548 5295 luntas
569 5239 661 5295 sit.
689 5242 787 5296 Est
805 5239 984 5310 igitur
1005 5238 1192 5296 animi
1211 5237 1380 5305 velle,
1404 5242 1462 5293 et
1478 5236 1805 5305 voluntate,
1832 5236 1891 5291 id
1913 5238 2002 5291 est

343 5332 519 5385 motu
540 5344 676 5397 suo,
697 5328 790 5385 vel
810 5343 892 5401 se,
917 5328 1011 5385 vel
1034 5343 1255 5400 corpus
1279 5343 1460 5382 suum
1482 5324 1562 5381 ad
1598 5325 1728 5380 hth
1766 5323 1862 5380 vel
1896 5324 2000 5380 illa

340 5433 609 5474 movere:
633 5433 756 5491 quo
778 5416 1090 5474 conﬁcitur
1110 5420 1174 5472 ut
1193 5416 1322 5488 ejus
1343 5415 1415 5471 sit
1435 5429 1679 5487 pecasse
1701 5413 1872 5483 cujus
1892 5411 1998 5469 fuit

343 5509 406 5563 et
423 5506 598 5565 velle.
622 5510 944 5580 Nunquam
965 5506 1124 5563 enim
1145 5505 1427 5563 voluntas
1449 5502 1564 5559 nisi
1583 5502 1645 5556 in
1682 5505 1898 5558 natura
1943 5506 1998 5558 et

346 5610 422 5650 ex
442 5600 678 5668 natura,
703 5611 890 5669 quam
912 5599 1089 5660 Deus,
1131 5609 1372 5650 summa
1411 5589 1996 5648 etincommutabilis

345 5683 630 5745 voluntas
650 5686 937 5759 condidit,
957 5685 1276 5743 invenitur.
1301 5685 1382 5741 De
1403 5697 1526 5757 qua
1544 5697 1607 5739 re
1639 5681 1770 5752 jam
1808 5697 1994 5756 supra

2109 1776 2227 1832 que
2254 1776 2451 1830 suam,
2474 1775 2659 1833 quam
2699 1763 3011 1834 peccando
3035 1765 3098 1819 in
3130 1781 3194 1820 se
3221 1769 3516 1839 tanquam
3564 1768 3627 1824 in
3670 1786 3764 1826 ra-

2109 1849 2239 1904 dice
2270 1849 2591 1916 vitiaverat,
2626 1867 2807 1922 paana
2852 1853 3057 1909 mortis
3089 1858 3146 1909 et
3178 1854 3587 1912 damnationis
3621 1858 3760 1914 obs-

2111 1937 2328 2002 trinxit,
2359 1943 2420 1993 ut
2447 1937 2744 2010 quidquid
2771 1940 2955 2012 prolis
2987 1957 3060 1997 ex
3089 1941 3208 2009 illo,
3238 1948 3294 1998 et
3319 1944 3496 2000 simul
3511 1945 3762 2004 damna-

2110 2029 2192 2091 ta,
2232 2040 2340 2097 per
2364 2041 2552 2097 quam
2584 2033 2956 2098 peccaverat,
2990 2030 3266 2100 conjuge,
3317 2047 3425 2104 per
3452 2033 3759 2090 carnalem

2111 2113 2681 2186 concupiscentiam,
2733 2116 2793 2171 in
2832 2133 2954 2188 qua
3007 2117 3427 2175 inobedientiae
3477 2136 3660 2194 pcena
3688 2121 3761 2180 si-

2109 2201 2265 2257 milis
2292 2203 2579 2260 retributa
2605 2209 2710 2267 est,
2740 2211 3104 2273 nasceretur,
3168 2209 3428 2265 traheret
3469 2210 3758 2280 originale

2108 2297 2443 2364 peccatum,
2472 2309 2595 2365 quo
2622 2295 2974 2366 traheretur,
3007 2311 3114 2368 per
3139 2312 3368 2353 errores
3398 2297 3758 2372 doloresque

2109 2381 2397 2447 diversos,
2459 2381 2539 2438 ad
2592 2383 2740 2438 illud
2781 2389 3116 2441 extremum
3173 2403 3314 2442 cum
3355 2386 3760 2445 desertoribus

2110 2469 2359 2539 angelis,
2384 2471 2779 2539 vitiatoribus,
2813 2477 2870 2529 et
2916 2475 3391 2546 possessoribus,
3424 2481 3480 2533 et
3519 2493 3762 2534 consor-

2109 2558 2268 2613 tibus
2298 2560 2440 2629 suis,
2472 2561 2598 2615 sine
2619 2559 2740 2616 ﬁne
2770 2561 3155 2634 supplicium.
3201 2565 3372 2621 Sicut
3414 2581 3530 2637 per
3571 2583 3759 2622 unum

2110 2648 2404 2704 hominem
2426 2657 2739 2718 peccatum
2790 2653 3040 2708 intravit
3093 2655 3156 2708 in
3201 2655 3512 2725 mundum,
3555 2661 3611 2712 et
3648 2671 3760 2725 per

2100 2744 2415 2806 peccatum
2449 2754 2627 2808 mors,
2660 2745 2711 2795 et
2731 2742 2819 2796 ita
2839 2757 3037 2797 omnes
3069 2741 3332 2801 homines
3377 2745 3758 2815 pertransiit,

2109 2827 2172 2881 in
2204 2843 2318 2898 quo
2343 2843 2542 2883 omnes
2555 2835 2964 2896 peccaverunt
2989 2830 3178 2901 (Rom.
3203 2849 3258 2902 v,
3291 2834 3414 2904 l2):
3459 2833 3760 2890 mundum

2108 2915 2334 2986 quippe
2392 2916 2714 2986 appellavit
2743 2933 2813 2972 eo
2855 2917 2987 2973 loco
3037 2920 3360 2990 Apostolus
3415 2921 3761 2978 universum

2109 3018 2298 3072 genus
2319 3004 2678 3059 humanum.
2713 3005 2797 3060 Ita
2829 3021 2971 3074 ergo
3002 3021 3063 3061 se
3092 3023 3186 3062 res
3229 3008 3532 3065 habebat:
3585 3009 3755 3080 jace-

2107 3091 2211 3146 bat
2237 3091 2296 3146 in
2323 3091 2517 3156 malis,
2552 3091 2646 3147 vel
2663 3093 2842 3148 etiam
2873 3093 3247 3163 volvebatur,
3278 3100 3336 3152 et
3364 3095 3439 3152 de
3488 3097 3664 3153 malis
3693 3101 3758 3154 in

2107 3179 2272 3235 mala
2300 3179 2792 3252 praecipitabatur
2823 3182 3000 3236 totius
3022 3183 3254 3251 generis
3277 3183 3531 3240 humani
3555 3201 3761 3243 massa

2111 3267 2438 3336 damnata;
2473 3273 2528 3324 et
2556 3268 2840 3340 adjuncta
2865 3270 3022 3342 parti
3068 3286 3296 3339 eorum,
3345 3273 3451 3345 qui
3478 3289 3762 3346 peccave-

2108 3359 2263 3424 rant,
2283 3355 2660 3427 angelorum,
2687 3356 2890 3414 luebat
2920 3357 3116 3431 impiae
3146 3358 3499 3416 desertionis
3528 3362 3761 3432 dignis-

2110 3445 2294 3500 simas
2317 3461 2554 3518 poenas.
2587 3445 2680 3500 Ad
2701 3445 2854 3502 iram
2880 3446 3106 3520 quippe
3137 3448 3236 3504 Dei
3259 3449 3513 3521 pertinet
3527 3449 3758 3524 justam

2109 3533 2407 3606 quidquid
2438 3551 2594 3591 czeca
2615 3538 2673 3590 et
2703 3534 2996 3592 indomita
3017 3537 3506 3610 concupiscentia
3534 3539 3760 3598 faciunt

2108 3623 2360 3680 libenter
2390 3624 2554 3697 mali,
2586 3629 2642 3681 et
2687 3625 2986 3699 quidquid
3042 3628 3246 3685 manift
3279 3628 3380 3684 .-tis
3421 3630 3758 3703 apertisque

2110 3715 2305 3786 poenis
2326 3715 2632 3788 patiuntur
2659 3715 2874 3789 inviti.]
2895 3718 2929 3783 τε
2950 3717 3171 3774 Deinde
3201 3720 3488 3793 adjungis
3507 3724 3564 3777 et
3587 3719 3758 3778 dicis:

2689 3860 2933 3902 JOANNES
2965 3860 3173 3902 SOOTUS

2183 3954 2350 4024 (Cap.
2392 3951 2476 4022 16,
2508 3967 2678 4007 num.
2714 3956 2798 4021 11,
2827 3957 2968 4008 sect.
3004 3954 3057 4023 3)
3089 3958 3128 4006 Θ
3159 3956 3222 4006 in
3253 3968 3377 4024 quo
3405 3957 3604 4012 tamen
3632 3970 3760 4011 om-

2110 4054 2218 4094 nes
2249 4043 2670 4112 peccaverunt,
2702 4054 2773 4095 ac
2792 4055 2904 4109 per
2954 4041 3064 4095 hoc
3114 4042 3178 4096 in
3225 4041 3350 4110 ipSo
3397 4057 3596 4100 omnes
3641 4059 3762 4100 mo-

2111 4130 2378 4201 riuntur,
2405 4134 2459 4185 et
2489 4135 2913 4200 consequenter
2940 4145 3137 4186 omnes
3159 4133 3526 4200 puniuntur,
3549 4134 3761 4203 proin-

2109 4217 2181 4273 de
2210 4218 2531 4275 rectissime
2559 4219 2845 4276 creditur.
2881 4219 3382 4286 Quemadmodum
3401 4221 3464 4278 in
3479 4221 3587 4278 illo
3601 4223 3762 4278 Deus

2107 4309 2445 4377 generalem
2473 4307 2726 4364 humani
2750 4309 2982 4378 generis
3025 4323 3232 4367 creare
3279 4310 3470 4366 voluit
3496 4310 3765 4368 substan-

2030 4388 2074 4441 D
2109 4398 2275 4465 tiam,
2307 4399 2397 4454 ita
2425 4403 2480 4454 et
2514 4397 2777 4454 omnium
2809 4397 3114 4454 hominum
3127 4399 3763 4469 propriamcubstituit

2107 4488 2496 4545 voluntatem.
2529 4488 2600 4542 Si
2621 4487 2776 4544 enim
2808 4489 2871 4543 in
2897 4503 3016 4544 uno
3048 4489 3373 4544 communis
3416 4491 3678 4546 omnium
3706 4494 3764 4546 et

2109 4577 2442 4646 corporalis
2465 4581 2518 4632 et
2547 4576 2838 4646 spiritalis
2882 4582 3118 4634 natura?
3148 4577 3426 4633 humana
3447 4577 3764 4646 plenitudo

2109 4667 2185 4721 sit
2216 4668 2562 4734 constituta,
2585 4667 2918 4720 necessario
2952 4665 3007 4720 ei
3028 4667 3226 4722 inerat
3255 4666 3634 4736 singulorum
3668 4680 3765 4722 vo-

2113 4755 2313 4808 luntas
2340 4753 2615 4822 propria.
2662 4753 2797 4808 Non
2828 4754 3031 4823 itaque
3080 4753 3144 4808 in
3187 4769 3250 4810 eo
3283 4754 3557 4824 peccavit
3584 4759 3763 4810 natu-

2107 4858 2192 4898 rae
2220 4842 2608 4913 generalitas,
2639 4841 2741 4897 sed
2769 4843 3240 4915 uniuscujusque
3295 4841 3612 4900 individua
3662 4857 3762 4899 vo-

2114 4933 2336 4989 luntas.

2775 5057 2953 5097 CORRE
2959 5057 3081 5098 CTlO
3091 5083 3104 5098 υ

2178 5147 2366 5212 ’1⁵ΕᾶΓο
2378 5145 2625 5219 quidem
2635 5150 2854 5203 natura
2870 5147 3251 5215 est,animam
3267 5148 3467 5206 nullus
3482 5153 3763 5206 naturam

2109 5236 2364 5305 dubitat,
2396 5236 2696 5304 voluntas,
2719 5237 2865 5310 quia
2885 5241 3103 5294 natura
3132 5255 3257 5295 non
3283 5239 3378 5307 sit,
3419 5239 3562 5295 satis
3589 5241 3647 5294 et
3671 5254 3764 5293 ra-

2107 5325 2265 5381 tione
2288 5329 2345 5381 et
2365 5325 2713 5382 auctoritate
2735 5331 3139 5384 monstratum
3170 5331 3276 5384 est.
3297 5331 3426 5384 Non
3444 5327 3624 5396 igitur
3664 5341 3764 5381 vo-

2104 5414 2305 5471 luntas
2329 5415 2435 5471 filii
2464 5431 2537 5471 ex
2585 5415 2890 5473 voluntate
2932 5423 3252 5490 parentum
3281 5415 3564 5488 gignitur,
3615 5415 3767 5472 sicut

2107 5520 2246 5559 caro
2267 5505 2452 5576 prolis
2473 5522 2545 5560 ex
2566 5521 2744 5562 carne
2765 5506 3008 5580 prodire
3029 5507 3365 5576 genitorum
3387 5506 3637 5562 minime
3657 5504 3767 5560 du-

2102 5592 2344 5648 bitatur.
2379 5597 2505 5649 Non
2536 5610 2678 5664 ergo
2695 5595 3005 5650 voluntate
3023 5595 3084 5649 in
3116 5594 3309 5650 Adam
3328 5611 3539 5651 omnes
3569 5595 3738 5667 poste

2101 5681 2152 5738 ri
2173 5687 2589 5754 peccaverunt,
2614 5699 2801 5756 quam
2825 5697 2936 5740 nec
2959 5682 3037 5739 ab
3065 5681 3166 5739 illo
3281 5682 3550 5740 turaliter
3570 5687 3738 5739 traxe
