4116 6186
438 188 565 257 1281
1536 180 1597 245 8.

1710 218 1715 223 η
1776 174 2009 244 DBNTll
2029 171 2405 243 WNBIS
2433 176 2751 242 BPIIGOPI

432 327 605 393 runt;
636 320 738 378 sed
755 319 881 376 tota
909 316 1146 385 natura,
1176 314 1423 390 propria
1439 314 1711 387 ejusdem
1727 309 2083 387 protOplasti
2111 306 2158 366 Α
2192 311 2633 379 incorruptum,
2657 314 2881 379 praeter
2898 306 3065 381 quod
3087 316 3287 365 clunes
3314 314 3721 378 peccaverunt
3782 312 3867 365 si-

430 410 737 470 voluntate
761 406 983 475 vitiata,
1015 416 1150 479 quae
1179 416 1304 462 non
1347 408 1437 462 est
1465 404 1671 477 utique
1709 402 1944 467 vitium,
1976 397 2084 455 sed

433 500 648 575 sponte
678 495 865 554 Semel
890 493 1270 562 vitiatamihil
1293 506 1539 569 prorsus
1564 510 1638 550 ex
1668 508 1732 549 se
1765 490 1883 548 nisi
1912 488 2082 546 vitia-

430 588 561 646 tum
590 586 833 658 gignere
860 583 1073 659 potuit,
1105 584 1401 657 quidquid
1429 582 1682 640 naturali
1714 579 2082 638 commistio-

431 693 507 734 ne
527 672 1081 750 propagavit.Unde
1111 675 1168 730 et
1190 672 1508 745 Apostolus
1532 689 1544 728 :
1570 674 1718 739 Non,
1743 669 1957 743 inquit,
1977 679 2086 740 per

431 772 619 822 uuam
644 764 740 822 vel
769 760 949 820 unius
980 760 1374 831 voluntatem,
1399 761 1461 817 in
1491 776 1702 817 omnes
1746 758 2084 815 voluntates

430 862 594 911 mors
612 852 972 928 pertransiit,
987 866 1097 908 nec
1128 851 1189 907 in
1208 867 1395 924 quam
1430 864 1641 906 omnes
1663 844 2080 922 peccaverunt,

430 945 535 1002 sed
540 957 656 1014 per
679 954 864 1000 unum
889 941 1182 999 hominem
1198 941 1262 996 in
1275 954 1472 996 omnes
1491 940 1751 996 homines
1771 953 1930 994 mors
1949 944 2084 1007 per-

432 1035 696 1102 transiit,
724 1036 789 1090 in
820 1044 934 1107 quo
964 1044 1163 1088 omnes
1208 1036 1612 1101 peccaverunt
1643 1029 1830 1100 (Rom.
1873 1040 1974 1091 xu,
2004 1027 2079 1098 5).

431 1124 707 1192 Quicum
731 1123 897 1180 nulla
945 1120 1299 1178 necessitate
1343 1124 1592 1191 naturae,
1626 1118 1732 1175 sed
1778 1116 2082 1176 voluntate

430 1213 789 1288 peccaverit,
821 1214 903 1269 ita
943 1226 1026 1282 se,
1058 1208 1122 1266 id
1149 1210 1238 1266 est
1263 1213 1544 1265 naturam
1589 1224 1788 1279 suam,
1814 1206 2083 1262 animam

428 1296 700 1359 videlicet
724 1306 782 1358 et
810 1308 1076 1365 carnem,
1098 1296 1410 1373 peccando
1432 1297 1752 1367 vitiavit,ut
1766 1294 1915 1351 nihil
1929 1311 2001 1351 ex
2011 1308 2084 1350 ea

429 1391 748 1464 complexu
758 1388 1017 1446 naturali
1032 1384 1146 1444 nisi
1160 1386 1434 1443 vitiatum
1446 1384 1685 1458 prodire
1698 1384 1898 1457 possit.
1910 1382 2083 1449 Quod

426 1480 490 1536 in
521 1482 688 1536 motu
718 1476 1005 1551 pudendo
1022 1470 1436 1532 membrorum
1461 1472 1808 1543 genitalium
1831 1477 1968 1545 post
1986 1486 2082 1526 eo-

426 1567 707 1624 rumdem
751 1562 1265 1639 protoplastorum
1315 1560 1779 1618 inobedientiam
1821 1559 2085 1617 declara-

2188 400 2317 455 mul
2343 399 2409 454 in
2439 400 2675 456 homine
2694 414 2814 455 uno
2839 416 2851 454 :
2881 413 3004 454 non
3032 400 3189 455 enim
3218 399 3328 455 ille
3351 399 3625 469 peccavit
3654 396 3721 454 in
3737 414 3864 456 om-

2188 488 2384 557 nibus,
2425 488 2528 545 sed
2554 496 2753 545 omnes
2782 490 2846 545 in
2902 489 3050 559 illo;
3084 489 3240 544 sicut
3275 489 3434 545 enim
3463 489 3574 545 ille
3598 487 3867 546 habebat

2183 578 2499 648 propriam
2522 578 3003 645 voluntatem,ita
3027 582 3084 633 et
3098 578 3418 647 proprium
3437 579 3869 647 peccatumﬂt

2189 666 2684 738 quemadmodum
2701 667 2764 721 in
2780 667 2888 722 illo
2909 667 3315 738 unusquisque
3328 671 3432 735 pot
3439 666 3527 721 uit
3534 668 3867 736 proprium

2192 758 2554 814 committere
2577 755 2882 825 delictum,
2930 757 2991 811 in
3021 757 3195 812 nullo
3225 757 3452 827 quippe
3500 755 3868 813 vindicatur

2182 848 2351 919 juste
2370 847 2620 904 alterius
2642 851 2978 915 peccatum,
3010 846 3265 916 proinde
3308 846 3374 901 in
3405 847 3583 902 nullo
3632 848 3867 903 natura

2187 939 2471 1008 punitur,
2494 938 2637 1008 quia
2667 950 2742 993 ex
2769 937 2889 993 Deo
2916 942 3020 1005 est,
3039 942 3093 993 et
3122 950 3243 992 non
3258 942 3492 1006 peccat.
3533 936 3739 992 Motus
3759 948 3868 994 uu-

2192 1024 2305 1083 tem
2320 1024 2698 1082 voluntarius
2714 1025 3024 1081 libidinose
3034 1029 3205 1081 utens
3215 1030 3456 1080 natura:
3469 1023 3863 1091 bono,merito

2184 1116 2466 1184 punitur,
2499 1116 2639 1187 quia
2668 1120 2905 1170 naturae
2937 1114 3121 1184 legem
3168 1113 3645 1184 transgreditur,
3677 1126 3859 1186 quam

2188 1203 2405 1275 procul
2428 1203 2607 1259 dubio
2639 1218 2758 1259 non
2789 1203 3331 1273 transgrederetur,
3356 1203 3412 1258 si
3438 1202 3859 1260 substantiali-

2193 1299 2283 1351 ter
2312 1308 2350 1350 a
2378 1294 2498 1350 Deo
2528 1299 2857 1350 crearetur.
2886 1292 3047 1348 Hinc
3076 1297 3284 1362 aperte
3320 1293 3642 1364 colligitur
3664 1290 3725 1349 in
3741 1295 3852 1350 im-

2186 1384 2303 1453 piis
2332 1383 2630 1452 supplicia
2668 1397 2789 1439 non
2839 1382 3073 1452 perpeti
3123 1382 3284 1453 quod
3336 1382 3491 1438 Deus
3537 1382 3708 1453 fecit,
3756 1383 3857 1439 sed

2190 1471 2350 1543 quod
2370 1471 2650 1541 superbia
2680 1472 2886 1528 vitiose
2915 1473 3170 1527 invenit:
3197 1470 3383 1526 libido
3400 1471 3701 1542 sitIuidem
3724 1482 3857 1542 pm

2190 1576 2373 1618 versa:
2397 1561 2724 1617 voluntatis
2746 1561 3080 1627 cruciatur,
3111 1559 3252 1615 dum
3286 1574 3356 1616 ea
3391 1574 3525 1631 qua:
3566 1562 3731 1618 male
3749 1568 3857 1619 aut

428 1661 557 1714 tum
583 1660 691 1728 est,
709 1655 814 1729 qui
843 1660 1163 1727 nunquam
1186 1669 1307 1708 suae
1322 1650 1609 1708 nuditatis
1627 1650 2084 1708 anteaerubuis-
2114 1654 2153 1721 θ
2192 1649 2437 1722 indigne
2466 1651 2714 1721 appetit,
2750 1648 2967 1707 habere
2997 1662 3117 1705 non
3149 1651 3393 1705 sinitur.

429 1763 492 1803 se
522 1740 753 1819 sibique
783 1743 1148 1818 periZOmata
1178 1740 1489 1799 consuisse
1527 1740 1864 1797 referuntur
1908 1741 2079 1812 (Gen.

426 1840 514 1909 'm,
544 1836 619 1907 7).
653 1837 871 1891 Natura
898 1832 1101 1906 itaque
1144 1828 1557 1888 membrorum
1599 1829 1951 1901 genitalium
1981 1846 2084 1886 vo-

422 1922 707 1999 luptuose
737 1936 807 1980 ac
823 1918 1504 1995 concupiscentiabiliter
1528 1925 1740 1976 mutuo
1758 1936 1903 1977 sexu
1923 1936 2083 1976 com-

426 2013 626 2086 mista,
674 2010 924 2070 omnino
979 2010 1258 2085 quamvis
1305 2024 1430 2066 non
1472 2008 1702 2082 absque
1752 2002 2077 2073 voluntate,

426 2108 677 2177 peccare
717 2094 1108 2167 convincitur,
1136 2110 1273 2172 qua:
1317 2102 1438 2155 tam
1489 2094 1874 2171 improbabiii
1913 2103 2078 2155 motu

425 2191 724 2249 deservire
753 2189 1028 2263 nequiter
1048 2184 1498 2261 comprobatur.
1523 2180 1710 2242 Audi:
1743 2189 1910 2243 Nunc
1948 2190 2078 2243 tan-

424 2280 564 2337 dem
596 2282 753 2337 certe
775 2272 1635 2348 Peiagianum,Ccelestianum,
1659 2273 1783 2331 imo
1801 2274 1853 2330 si
1871 2275 1953 2332 ita
1964 2275 2080 2332 dici

424 2369 637 2442 pessit,
657 2366 960 2425 lulianum
976 2370 1031 2423 te
1049 2381 1177 2422 esse
1200 2362 1541 2438 pronuntio,
1557 2362 1661 2437 qui
1675 2367 1813 2437 post
1832 2362 2082 2422 damna-

424 2459 551 2512 tam
582 2454 725 2511 olim
752 2470 1055 2512 consensu
1083 2453 1299 2509 mundi
1322 2453 1503 2509 totius
1528 2466 1740 2509 eorum
1778 2452 2076 2525 haeresim,

424 2552 647 2610 novus,
671 2547 739 2598 ut
764 2544 846 2598 ita
867 2538 1484 2613 dixerim,sopitor‘um
1501 2539 1771 2596 cinerum
1812 2541 2077 2596 exsusci-

424 2632 578 2688 tator
601 2628 876 2699 emergis,
899 2630 957 2685 et
970 2628 1241 2684 naturale
1262 2634 1440 2701 atque
1460 2628 1746 2699 originale
1762 2632 2076 2701 peccatum

421 2719 705 2778 humanis
728 2718 961 2791 generis
994 2716 1332 2789 abjuras,ut
1357 2717 1609 2787 gratiam
1641 2716 1958 2788 gratuitam
1972 2734 2076 2774 au»

420 2809 598 2869 fetas.
630 2804 716 2867 illi
741 2807 902 2866 enim
933 2806 1212 2864 dixerunt
1239 2804 1453 2863 eadem
1481 2806 2074 2873 insania,imitatione

419 2902 734 2972 peccatum
769 2894 913 2955 Adae
944 2892 1226 2955 transisse
1256 2894 1317 2952 in
1348 2899 1638 2970 posteros,
1663 2910 1788 2952 non
1812 2902 2029 2953 natura
2056 2912 2070 2953 :

418 2986 939 3063 quemadmodum
970 2988 1189 3045 veritas
1218 2984 1278 3042 in
1309 2984 1629 3059 Apostolos
1668 2990 1725 3042 et
1754 3001 1861 3059 per
1883 2991 2072 3060 Apos-
2100 3010 2143 3074 ο

416 3079 608 3136 tolum
629 3074 885 3137 clamat:
927 3091 1190 3152 quorum
1215 3079 1280 3132 tu
1309 3075 1777 3149 sequacissimus
1801 3075 2073 3133 volunta-

416 3166 494 3233 te,
523 3176 648 3226 non
672 3173 890 3227 natura
914 3165 1241 3224 identidem
1273 3160 1580 3221 clamitare
1603 3163 1901 3237 probaris.
1923 3168 2071 3223 Cum

418 3259 580 3315 enim
610 3263 862 3324 constet,
894 3248 1194 3330 hodieque
1224 3253 1541 3326 Evangelio
1600 3254 1835 3310 Domini
1881 3255 2071 3311 nostri

416 3339 562 3404 Jesu
593 3344 800 3405 Christi
852 3338 1079 3418 ubique
1131 3344 1399 3413 gentium
1428 3342 1776 3414 refulgente,
1808 3343 1905 3399 vix
1930 3356 2070 3416 pro-

414 3436 693 3494 vectioris
723 3434 938 3503 aetatis,
958 3433 1065 3489 sed
1090 3446 1302 3488 omnes
1333 3446 1485 3505 pene
1514 3431 1799 3505 parvulos
1830 3431 2067 3489 infanti-

414 3516 488 3583 lis
525 3522 713 3580 aetatis
743 3516 822 3579 ad
885 3525 1267 3578 sacramenta
1320 3518 1702 3593 baptismatis
1745 3516 2066 3595 deportari,

267 3660 271 3671 .
334 3600 345 3606 ’
414 3603 563 3686 quid
582 3611 643 3668 in
660 3610 744 3669 eis
761 3610 991 3685 peccati
1007 3608 1264 3682 propriae
1284 3607 1608 3664 voluntatis
1624 3607 1868 3666 diluitur
1881 3624 2068 3683 quam

413 3700 676 3761 necdum
701 3699 890 3757 astatis
920 3710 1170 3756 accessu
1212 3694 1436 3754 habere
1467 3695 1829 3754 valuerunt?
1882 3697 2068 3755 Habet

411 3793 592 3864 igitur
617 3789 1043 3848 inconvulsum
1070 3787 1222 3844 ﬁdes
1241 3786 1689 3858 catholica,non
1715 3786 1778 3843 in
1798 3788 1882 3844 eis
1895 3804 2068 3844 mun-

412 3882 543 3940 dari
571 3881 896 3957 privatum,
928 3878 1035 3935 sed
1063 3875 1375 3949 originale,
1406 3877 1678 3934 naturale
1715 3878 2065 3953 avitumque

409 3968 939 4046 peccatum;quod
966 3982 1090 4024 non
1146 3968 1393 4040 propria
1422 3966 1716 4041 cujusque
1741 3968 2060 4039 nascentis,

411 4062 522 4121 sed
566 4057 1010 4135 protoplastum
1057 4056 1363 4114 voluntate
1420 4056 1834 4129 commissum,
1863 4059 1948 4116 ita
1999 4075 2063 4116 se

408 4163 776 4221 omnemque
805 4162 879 4203 ex
905 4161 967 4202 se
992 4145 1401 4218 posteritatem
1444 4146 2063 4219 concupiscentialiter

406 4251 832 4311 processuram
861 4233 1175 4304 vitiavit,ut
1200 4238 1425 4290 aeterna
1454 4234 1843 4291 damnatione
1863 4239 2062 4293 tenea-

405 4331 503 4385 tur
522 4323 952 4390 obstricta,nisi
969 4323 1367 4379 succurrentis
1388 4321 1593 4393 gratias
1618 4321 1795 4379 fuerit
1812 4323 2063 4381 misera-

403 4417 565 4476 tione
590 4416 865 4474 liberata.
897 4417 1025 4472 Non
1049 4412 1212 4470 enim
1241 4412 1538 4469 diceretur
1551 4412 1830 4469 naturale
1850 4430 2060 4486 pecca-

403 4512 555 4580 tum,
578 4507 627 4564 si
653 4522 778 4564 non
804 4507 963 4562 esset
990 4502 1173 4561 etiam
1186 4505 1436 4571 naturae,
1456 4502 1586 4574 jam
1606 4506 1809 4559 tamen
1820 4503 2055 4575 vitiatae,

399 4613 527 4655 non
554 4594 978 4655 tantummodo
1002 4590 1348 4662 voluntatis,
1371 4606 1558 4664 quam
1578 4605 1703 4646 non
1737 4606 1867 4648 esse
1884 4597 2055 4649 natu-

399 4687 739 4759 ram,etiam
767 4688 824 4742 te
854 4683 1178 4751 adnitente,
1188 4681 1319 4754 jam
1332 4680 1562 4737 dictum
1573 4684 1681 4738 est.
1705 4684 1929 4755 itaque,
1952 4686 2056 4740 aut

398 4790 558 4844 nega
582 4791 721 4831 cum
750 4772 1081 4844 Pelagianis
1101 4769 1373 4828 naturale
1403 4773 1742 4844 peccatum,
1773 4776 1830 4827 et
1857 4776 2054 4830 everte

401 4863 756 4933 Apostolum
800 4862 1133 4919 dicentem:
1185 4863 1434 4918 Fuimus
1478 4876 1633 4918 enim
1662 4866 1889 4920 natura
1936 4863 2056 4934 ﬁlii

399 4950 509 5006 ira
537 4951 689 5004 sicut
708 4954 764 5005 et
794 4952 996 5007 certem
1033 4950 1211 5022 (Eph.
1243 4967 1302 5018 ιι,
1335 4950 1413 5022 3),
1445 4965 1780 5022 omnesque
1810 4951 2052 5008 catholi-

400 5052 504 5094 cos
531 5034 755 5103 obrue;
779 5041 900 5104 aut,
913 5037 1080 5109 quod
1100 5038 1722 5110 optamus,veritatem
1740 5038 2049 5109 naturalis,
2082 5069 2096 5077 -

398 5123 777 5201 Prpindeque
799 5122 1104 5194 originalis
1132 5126 1362 5199 peccati
1390 5126 1605 5199 recipe,
1638 5131 1697 5185 et
1724 5130 1779 5183 te
1810 5126 2050 5184 sinceri-

397 5218 504 5276 tati
528 5215 671 5275 ﬁdei
699 5210 1047 5272 Christiania
1077 5216 1319 5273 ascisce.

965 5308 1222 5361 Joannes
1278 5312 1481 5362 scores

468 5388 634 5469 (Cap.
667 5388 753 5467 l6,
782 5403 952 5450 num.
982 5388 1066 5461 l2,
1100 5392 1241 5448 sect.
1271 5392 1345 5465 3).
1372 5396 1412 5447 Θ
1433 5388 1738 5463 Siquidem
1766 5392 1820 5447 si
1835 5402 1906 5449 ea
1940 5404 2047 5450 ηαδ

397 5492 538 5546 tura
566 5480 959 5559 delinqueret,
987 5494 1123 5542 cum
1151 5490 1277 5541 una
1305 5482 1402 5553 sit,
1434 5486 1558 5538 tota
1588 5480 1858 5552 profecto
1886 5483 2047 5554 peri-

395 5582 487 5638 ret
503 5589 529 5652 ;
551 5577 655 5636 sed
672 5590 792 5634 non
816 5576 1023 5647 periit,
1044 5574 1285 5648 quando
1319 5570 1810 5630 medicamentum
1842 5575 2047 5632 vulne-

394 5670 501 5740 ra,
532 5662 640 5728 hoc
668 5670 752 5728 est
769 5662 1106 5727 substantia
1122 5663 1554 5738 Redemptoris,
1574 5656 1640 5723 in
1660 5672 1729 5724 ea
1756 5664 2044 5723 remansit

2868 1808 3171 1850 CORRECTIO

2262 1920 2304 1990 -ιιι
2326 1917 2612 1983 Quamvis
2639 1914 2882 1973 abunde
2909 1917 3004 1972 his
3034 1916 3153 1973 tuis
3185 1915 3572 1989 pravitatibus
3591 1928 3848 1990 respon-

2192 2021 2327 2061 sum
2360 2006 2452 2073 sit,
2467 2004 2613 2060 illud
2642 2010 2845 2062 tamen
2876 2005 2936 2060 in
2969 2004 3054 2061 eis
3080 2005 3280 2078 primo
3305 2005 3590 2078 perpendi
3604 2009 3855 2077 oportet

2190 2095 2357 2167 quod
2384 2094 2757 2151 voluntatem
2788 2104 2825 2150 a
2857 2093 3201 2151 substantia
3230 2104 3537 2150 secernere
3563 2093 3851 2166 videaris,

2189 2199 2377 2256 quam
2405 2182 2613 2256 primis
2642 2182 2729 2239 tui
2767 2182 2970 2256 operis
3005 2182 3276 2256 partibus
3304 2182 3629 2240 essentiam
3672 2182 3856 2240 obsti-

2188 2272 2497 2329 natissime
2521 2270 2890 2328 aﬂirmabss.
2926 2272 3040 2329 Sed
3073 2272 3126 2327 si
3153 2276 3372 2328 natura
3396 2282 3521 2328 non
3569 2276 3682 2340 est,
3732 2282 3855 2347 quo

2189 2366 2365 2434 pacto
2395 2372 2431 2418 a
2453 2364 2571 2417 Deo
2602 2360 2984 2417 substitutam
3010 2360 3072 2417 in
3101 2360 3345 2417 homine
3374 2360 3598 2417 dixeris
3624 2370 3856 2435 nequa-

2188 2462 2375 2523 quam
2399 2450 2608 2506 video:
2641 2462 2786 2506 nam
2817 2449 2868 2505 si
2896 2453 3113 2506 natura
3141 2460 3265 2506 non
3293 2454 3401 2517 est,
3438 2450 3762 2522 quomodo
3782 2450 3854 2507 si-

2186 2544 2288 2596 cut
2310 2542 2526 2597 natura
2556 2538 2634 2597 ad
2664 2550 2877 2596 omnes
2915 2539 3188 2597 transiit?
3221 2542 3289 2596 Et
3336 2539 3414 2596 de
3454 2545 3686 2597 natura
3723 2540 3851 2614 qui-

2185 2626 2326 2685 dem
2355 2629 2643 2702 corporis,
2673 2629 2840 2702 quod
2869 2629 2931 2685 in
2956 2628 3056 2686 illo
3086 2640 3209 2685 uno
3228 2629 3503 2686 omnium
3523 2628 3848 2687 hominum

2184 2716 2379 2786 fuerit,
2410 2717 2609 2774 nullus
2630 2717 2917 2788 ambigit:
2947 2709 3214 2775 nascitur
3240 2718 3405 2775 enim
3426 2712 3504 2775 de
3530 2730 3720 2776 carne
3748 2735 3849 2776 ca~

2182 2814 2250 2863 'ro
2279 2818 2292 2875 ;
2317 2806 2426 2863 sed
2454 2810 2655 2863 utrum
2686 2810 2745 2863 et
2769 2807 2975 2864 anima
2996 2806 3266 2864 similiter
3292 2808 3370 2864 de
3399 2807 3603 2865 anima
3629 2823 3850 2865 nasca-

2183 2898 2279 2954 tur
2307 2908 2533 2968 magna
2560 2897 2812 2971 quaestio
2842 2901 2935 2954 est
2955 2902 3013 2954 et
3042 2912 3078 2954 a
3108 2893 3385 2954 Patribus
3415 2898 3521 2954 diu
3550 2894 3847 2954 multum-

2180 3000 2300 3059 que
2328 2984 2627 3055 discussa,
2660 2985 2764 3042 sed
2796 2984 3029 3058 absque
3059 2990 3219 3042 certe.
3238 2982 3588 3043 deﬁnitione
3614 2984 3846 3043 relicta.

2179 3076 2554 3149 Quapropter
2598 3074 2893 3148 quidquid
2931 3074 3007 3131 de
3032 3074 3339 3132 voluntate
3365 3077 3579 3148 (quam
3602 3080 3850 3132 constat

2179 3172 2287 3238 per
2314 3180 2377 3221 se
2408 3180 2530 3222 non
2558 3179 2686 3221 esse
2713 3167 2995 3220 naturam
3025 3165 3131 3221 sed
3146 3169 3397 3233 naturae,
3427 3164 3489 3220 id
3510 3169 3602 3220 est
3622 3164 3850 3222 animus

2178 3255 2413 3311 motum
2443 3254 3038 3327 spontaneum)agis,
3069 3253 3351 3311 frivolum
3380 3264 3632 3327 prorsus
3665 3258 3725 3311 et
3753 3268 3851 3311 ve-

2175 3340 2337 3399 ritati
2362 3342 2727 3400 contrarium
2762 3342 3069 3414 judicatur
3094 3359 3109 3412 ;
3134 3343 3362 3416 quippe
3391 3354 3531 3399 eum
3562 3341 3851 3399 voluntas

2179 3433 2332 3488 sicut
2358 3448 2466 3506 per
2494 3449 2556 3489 se
2580 3448 2702 3490 non
2741 3449 2900 3505 esse,
2932 3433 3014 3490 ita
3044 3444 3152 3506 per
3176 3448 3240 3489 se
3268 3430 3441 3504 velle,
3472 3426 3536 3489 id
3568 3438 3663 3489 est
3709 3446 3848 3490 mo-

2178 3522 2321 3591 veri,
2351 3532 2475 3578 non
2504 3524 2711 3596 possit,
2745 3527 2801 3579 et
2829 3521 3125 3596 quidquid
3156 3522 3467 3580 voluntate
3493 3523 3718 3595 agitur,
3740 3533 3849 3581 vt»

2175 3610 2318 3668 lenti
2345 3611 2556 3685 procul
2581 3610 2768 3669 dubio
2797 3613 3143 3686 imputetur.
3175 3608 3309 3669 Vult
3336 3617 3541 3670 autem
3570 3614 3845 3683 animus,

2176 3705 2400 3757 etcum
2452 3714 2730 3774 perverse
2758 3702 2900 3774 vult,
2935 3701 3125 3775 ipsius
3174 3703 3580 3776 perversitatis
3621 3705 3848 3761 merito

2169 3791 2303 3863 jure
2332 3790 2599 3863 punitur.

2247 3880 2305 3938 Si
2332 3884 2552 3938 natura
2592 3894 2716 3938 non
2746 3884 2973 3954 peccat,
3004 3879 3211 3953 arguis
3234 3876 3536 3939 mendacii
3574 3884 3843 3955 Aposto-

2170 3966 2431 4044 lum,qui
2460 3970 2536 4027 de
2565 3971 2685 4026 Deo
2717 3973 2883 4027 Patre
2910 3970 3056 4028 dicit
3084 3972 3231 4044 quia
3260 3970 3487 4027 miserit
3501 3970 3720 4028 Filium
3740 3984 3847 4028 su-

2170 4070 2275 4115 um
2303 4057 2365 4116 in
2395 4058 2777 4116 similitudine
2808 4060 3005 4117 carnis
3062 4057 3294 4133 peccati
3341 4060 3534 4131 (Rom.
3581 4070 3702 4129 vm,
3757 4062 3838 4133 ³),

2169 4146 2274 4220 qui
2298 4158 2612 4220 nunquam
2641 4142 2854 4204 habuit
2880 4160 3126 4204 carnem
3146 4160 3284 4221 qum
3323 4152 3479 4205 esset
3499 4147 3839 4206 similitudo

2168 4233 2366 4292 carnis
2396 4235 2647 4308 peccati,
2677 4235 2740 4292 id
2769 4240 2858 4292 est
2883 4241 3120 4307 nostrae,
3172 4237 3221 4292 si
3276 4241 3515 4305 natura,
3546 4236 3718 4310 quod
3746 4242 3840 4293 est

2166 4323 2374 4395 homo,
2405 4324 2466 4379 id
2485 4328 2574 4379 est
2602 4324 2809 4381 anima
2829 4329 2887 4381 et
2909 4341 3071 4390 caro,
3104 4334 3228 4383 non
3255 4330 3488 4399 peccat.
3539 4326 3832 4385 Bifariatn

2164 4412 2347 4484 igitur
2367 4412 2685 4469 mentitum
2714 4414 3117 4485 deprehendis
3157 4415 3536 4488 Apostolum,
3560 4416 3737 4490 quod
3776 4422 3836 4474 et

2165 4502 2340 4560 Filius
2369 4500 2470 4557 Dei
2499 4515 2623 4558 non
2652 4501 2930 4559 habuerit
2950 4506 3405 4562 similitudinem
3452 4518 3603 4562 cam
3628 4520 3660 4561 ε
3685 4518 3830 4577 pec-

2162 4593 2303 4662 cati,
2334 4590 2396 4648 id
2420 4595 2509 4648 est
2525 4606 2734 4648 veram
2758 4606 3025 4649 carnem.
3055 4596 3123 4649 Et
3141 4593 3307 4667 quod
3335 4593 3504 4651 nulla
3521 4593 3617 4665 sit,
3648 4592 3715 4651 id
3733 4600 3832 4653 est

2159 4683 2367 4737 nostra
2386 4694 2526 4738 caro
2554 4681 2960 4755 peccati,qum
2975 4682 3341 4752 originaliter
3367 4692 3441 4740 ac
3467 4679 3829 4741 naturalitér

2157 4769 2393 4827 nullum
2425 4771 2619 4828 trahat
2647 4775 2981 4844 peccatum.
3012 4774 3127 4828 Nec
3156 4768 3440 4842 advertis,
3467 4768 3566 4829 vel
3601 4772 3755 4830 forte
3786 4788 3828 4831 ιι

2156 4858 2397 4916 nemine
2423 4859 2654 4917 adverti
2705 4865 3004 4930 autumas,
3050 4868 3284 4933 quanta
3338 4861 3409 4917 id
3447 4860 3824 4928 absurdius,

2156 4944 2279 5005 imo
2310 4949 2611 5022 impietas,
2639 4953 3082 5023 consequatur;
3135 4950 3184 5006 si
3210 4950 3374 5007 enim
3426 4955 3644 5009 natura
3692 4964 3824 5009 non

2155 5038 2383 5112 peccat,
2434 5053 2577 5109 ergo
2629 5052 2740 5095 nec
2788 5039 2973 5096 homo
3043 5044 3301 5112 peccat;
3352 5040 3402 5097 si
3449 5036 3634 5098 homo
3694 5054 3827 5099 non

2154 5130 2383 5201 peccat,
2432 5143 2576 5199 ergo
2619 5143 2731 5185 nec
2778 5129 2879 5186 Dei
2910 5128 3084 5186 Filius
3132 5130 3424 5187 Dominus
3471 5134 3679 5188 noster
3721 5132 3822 5189 le-

2154 5232 2258 5273 sus
2314 5215 2584 5275 Christus
2631 5233 2668 5274 a
2715 5218 2939 5275 caeteris
2989 5218 3359 5289 hominibus,
3411 5225 3668 5293 excepta
3720 5232 3825 5293 ge-

2154 5305 2477 5366 nerationis
2506 5312 2564 5365 et
2582 5307 2903 5365 nativitatis
2929 5308 3359 5379 singularitate,
3400 5308 3729 5383 dispescit:
3767 5310 3822 5367 si

2151 5388 2267 5454 hac
2295 5398 2640 5471 exceptione
2670 5399 2917 5463 secreta,
2946 5398 3010 5454 in
3039 5396 3205 5456 nullo
3257 5406 3295 5455 a
3323 5399 3552 5456 caeteris
3582 5406 3817 5458 morta-

2149 5478 2308 5543 libus
2365 5483 2578 5559 diil‘ert,
2652 5485 2872 5544 falsum
2927 5488 3017 5545 est
3080 5486 3251 5562 quod
3321 5489 3406 5547 ait
3473 5484 3817 5564 Propheta:

2155 5575 2443 5651 Quoniam
2515 5577 2646 5650 quis
2724 5578 2787 5633 in
2861 5576 3117 5634 nubibus
3199 5578 3541 5652 aequabitur
3606 5581 3815 5637 Domi-

2150 5672 2251 5732 no,
2318 5662 2527 5726 similis
2600 5668 2717 5725 erit
2782 5662 3039 5725 Domino
3093 5667 3159 5726 si
3210 5663 3357 5739 nm
3430 5669 3546 5727 Dei
3605 5669 3808 5742 (eoat.
