4116 6186
225 225 364 278 i253

1169 219 1259 273 DE
1298 213 1964 275 PREDESTINATIONI
2000 215 2279 274 CONTRA
2315 221 2370 274 ι.
2408 220 2700 278 ωΟΤΗΜ.

3509 232 3530 282 i
3540 231 3646 286 ibi:

218 359 488 409 Lxxxvm,
524 341 600 413 7.)
637 340 696 397 Si
721 341 882 395 enim
911 343 1146 408 natura,
1170 341 1231 396 id
1261 346 1349 398 est
1367 343 1570 408 homo,
1595 357 1716 397 non
1744 357 1879 414 pec-
1908 343 1958 398 Α
1995 341 2226 413 punita,
2259 342 2361 399 sed
2392 348 2607 404 natura
2634 361 2646 399 :
2681 345 2741 400 in
2771 359 2915 418 quo,
2943 351 3008 402 ut
3036 347 3320 417 diximus,
3352 350 3488 406 ideo
3541 367 3647 408 na-

216 438 332 500 cat,
359 431 627 504 aequales
677 435 818 485 sunt
867 431 1148 502 proprius
1183 431 1281 485 Dei
1310 431 1490 486 Filius
1532 435 1586 486 et
1617 427 1881 502 adoptivi

214 522 321 576 iilii
355 521 456 576 Dei
487 538 500 589 ;
535 517 702 592 quod
732 517 878 590 quia
910 534 1122 573 omnes
1147 534 1300 590 pene
1345 519 1756 591 blasphemias
1786 533 1884 572 su—

216 614 413 684 perat,
445 605 760 664 fatendum
811 612 900 663 est
947 607 1286 662 testimonio
1334 609 1562 664 veracis
1615 605 1883 679 Apostoli

219 715 471 756 carnem
521 701 793 752 nostram
821 711 1060 752 carnem
1094 711 1223 751 esse
1259 698 1510 766 peccati,
1537 696 1598 750 id
1628 700 1714 750 est
1743 711 1882 750 cum

218 794 474 862 peccato
507 791 876 857 generatam,
902 790 1256 858 conceptam
1278 791 1334 841 et
1353 786 1595 841 editam.
1621 787 1685 840 In
1711 785 1883 854 cujus

217 877 635 944 similitudine,
681 875 743 930 id
791 880 879 930 est
929 875 1169 931 veritate
1218 875 1412 931 carnis
1465 891 1604 938 cum
1635 877 1882 946 peccato

215 983 332 1022 nec
367 966 606 1035 genitas,
640 980 750 1020 nec
776 968 1232 1035 conceptze,nec
1263 964 1453 1029 editae,
1486 963 1711 1018 miserit
1731 963 1882 1017 Deus

215 1058 396 1112 Pater
429 1056 638 1111 Filium
694 1069 891 1109 suum.
926 1056 990 1108 Et
1019 1069 1094 1108 ne
1126 1054 1514 1109 usitatissima
1545 1053 1714 1109 vobis
1745 1067 1881 1124 pra-

213 1146 400 1201 vitate
447 1143 763 1199 baccheris
794 1142 855 1197 in
890 1142 1052 1197 aliud
1083 1142 1414 1214 apostolica
1452 1142 1638 1198 verba
1666 1140 1881 1197 deﬂec-

217 1237 366 1298 tens,
403 1232 547 1287 audi
579 1232 911 1294 sequentia,
946 1237 1010 1286 ut
1041 1232 1113 1287 de
1137 1238 1401 1300 peccato,
1451 1232 1662 1304 inquit,
1713 1232 1881 1286 dam-

219 1329 394 1378 naret
415 1327 727 1391 peccat-um
760 1323 823 1376 in
855 1335 1057 1386 carne,
1091 1321 1205 1375 hoc
1231 1325 1337 1387 est,
1373 1326 1435 1376 ut
1466 1321 1539 1375 de
1567 1336 1743 1375 carne
1773 1335 1882 1374 sua

222 1425 411 1483 quam
441 1411 773 1466 instituerat
804 1425 938 1464 esse
971 1409 1231 1464 hostiam
1275 1425 1386 1481 pro
1415 1415 1681 1482 peccato,
1714 1409 1882 1464 dam-

219 1505 392 1556 naret
421 1506 759 1572 peccatum,
783 1504 1001 1554 nostrae
1024 1499 1191 1554 carni
1216 1499 1655 1568 ingeneratum,
1680 1515 1712 1554 a
1735 1514 1876 1570 quo,

218 1595 434 1661 praeter
456 1590 651 1661 ipsam
677 1588 890 1654 solam,
911 1588 1076 1643 nulla
1102 1593 1305 1643 nostra
1328 1603 1466 1643 caro
1498 1604 1728 1660 expers,
1752 1586 1882 1641 nul-

1992 433 2127 487 tura
2155 433 2366 503 punita
2385 439 2492 501 est,
2517 435 2660 506 quia
2680 440 2894 492 natura
2924 437 3198 510 perierat,
3217 439 3449 496 dicente
3473 441 3643 512 ipso:

2004 521 2170 578 Venit
2201 526 2355 579 enim
2401 523 2596 579 Filius
2631 525 2884 582 hominis
2915 541 3184 598 quaerere
3210 535 3266 585 et
3294 531 3527 586 salvum
3552 531 3648 600 la-

1993 626 2124 667 cere
2146 613 2305 682 quod
2331 614 2593 682 perierat
2616 615 2858 681 (Matth.
2891 631 3058 680 xvm,
3092 618 3200 686 tl).
3236 618 3293 675 Si
3332 619 3492 675 enim
3522 635 3645 675 non

1991 704 2211 755 natura
2259 701 2532 772 perierat,
2566 703 2670 758 sed
2720 704 2998 760 voluntas
3054 719 3338 778 nequam,
3371 724 3646 765 necessa-

1993 786 2147 841 rium
2187 786 2379 844 fuerat
2417 805 2454 844 a
2485 790 2584 845 Dei
2632 791 2776 846 Filio
2829 797 3110 850 naturam
3160 796 3403 869 suscipi,
3436 797 3542 853 sed
3584 798 3646 853 id

1991 877 2412 932 tantummodo
2467 879 2633 950 quod
2680 881 2954 952 perierat,
3000 883 3060 938 id
3110 889 3197 940 est
3256 885 3642 942 voluntatem.

1994 964 2246 1020 Perierat
2273 970 2474 1020 autem
2505 967 2729 1035 anima,
2763 986 2897 1042 quae
2930 988 2966 1026 a
2995 971 3363 1028 beatitudine
3394 977 3643 1031 extorris

1990 1051 2320 1109 diutissime
2347 1055 2698 1125 exsulabat;
2733 1059 2987 1129 perierat
3029 1065 3086 1117 et
3111 1079 3348 1135 corpus,
3381 1065 3546 1136 quod
3583 1065 3646 1121 in

1989 1141 2320 1213 pulverem,
2351 1144 2511 1199 unde
2563 1151 2873 1219 sumptum
2915 1148 3124 1220 fuerat,
3157 1151 3465 1208 fatiscebat
3494 1170 3506 1207 :
3541 1155 3648 1210 sed

1990 1234 2310 1302 utrumque
2340 1238 2686 1304 reparatum
2720 1239 2824 1297 est,
2859 1237 3002 1307 quia
3048 1242 3105 1292 et
3148 1239 3350 1295 anima
3391 1239 3644 1297 beatitu-

1989 1319 2135 1386 dini,
2166 1326 2221 1376 et
2252 1338 2472 1394 corpus
2500 1323 2932 1397 incorruptioni
2958 1339 3066 1399 per
3092 1328 3425 1384 Mediatoris
3452 1331 3648 1386 humi-

1988 1408 2215 1463 litatem
2245 1410 2615 1467 ineffabilem
2645 1413 2988 1470 restituitur.

2060 1496 2411 1552 Ambrosius
2443 1515 2752 1570 exponens
2789 1501 2850 1555 in
2899 1501 3157 1573 Epistola
3187 1503 3267 1560 ad
3311 1505 3645 1563 Corinthios
3718 1537 3722 1539 -

1988 1585 2341 1656 Apostolum
2387 1586 2685 1642 dicentem
2717 1590 2776 1655 (Ῑ
2801 1590 2944 1645 Cor.
2977 1607 3051 1660 xi,
3083 1593 3172 1661 26)
3207 1610 3219 1646 :
3254 1595 3503 1650 Mortem
3536 1599 3647 1651 Do-

216 1679 276 1734 la
325 1694 532 1733 exsors
581 1693 921 1749 numquam
971 1682 1104 1748 p0st
1133 1677 1640 1749 protoplastorum
1670 1676 1877 1732 inobe-
1906 1697 1952 1752 3
1989 1674 2138 1728 mini
2185 1677 2618 1732 annuntz’antes
2666 1678 2853 1734 donec
2900 1680 3098 1735 veniat
3130 1681 3302 1750 [Quia
3342 1682 3523 1750 enim,
3555 1684 3646 1739 in-

219 1767 532 1837 dientiam,
560 1767 908 1838 justamque
943 1766 1233 1821 tremendi
1261 1767 1479 1837 judicis
1503 1767 1878 1822 animadver-

221 1857 471 1921 sionem,
507 1856 718 1928 potuit,
744 1859 938 1928 potest
958 1860 1062 1910 aut
1091 1856 1303 1927 poterit
1332 1855 1622 1925 generari.
1675 1855 1878 1927 Itaque

220 1951 266 2002 si
295 1946 542 2019 quidem
573 1946 804 2018 absque
832 1945 952 2000 ulla
982 1945 1402 2001 formidatione
1435 1946 1743 2001 fatendum
1765 1950 1875 2015 est,

222 2048 360 2091 caro
383 2035 612 2107 proprii
642 2034 761 2090 Filii
792 2034 892 2089 Dei
914 2034 1238 2090 similitudo
1270 2034 1376 2090 fuit
1402 2035 1596 2090 carnis
1628 2035 1874 2106 peccati,

225 2125 286 2179 id
335 2129 423 2180 est
465 2140 591 2180 non
640 2139 777 2180 cum
834 2129 1082 2196 peccato
1114 2129 1263 2192 sata,
1293 2129 1582 2197 concepta
1612 2130 1668 2180 et
1697 2123 1874 2194 edita,

227 2214 355 2269 sine
405 2229 526 2286 quo
553 2223 690 2268 caro
732 2215 980 2286 peccati,
1010 2213 1069 2269 id
1099 2219 1187 2269 est
1214 2219 1438 2283 nostra,
1471 2230 1579 2270 nec
1611 2215 1744 2281 seri,
1769 2230 1877 2269 nec

222 2303 482 2375 concipi,
517 2319 624 2358 nec
654 2303 746 2358 edi
777 2303 951 2372 valet,
988 2303 1254 2375 sequitur
1285 2309 1346 2358 ut
1374 2307 1610 2370 natura,
1635 2320 1769 2376 quas
1793 2308 1880 2358 est

223 2408 365 2448 caro
415 2392 662 2464 peccati.
695 2392 966 2447 videlicet
1019 2397 1222 2448 nostra
1269 2407 1430 2464 caro,
1463 2410 1709 2466 peccare
1740 2409 1877 2448 con-

219 2482 515 2537 vincatur.
554 2481 840 2548 Quoniam
870 2482 998 2551 quis
1030 2484 1090 2536 in
1127 2482 1378 2536 nubibus
1410 2483 1748 2552 aequabitur
1767 2485 1879 2538 Do-

221 2572 402 2637 mino,
454 2571 666 2625 similis
717 2572 828 2625 erit
875 2573 1124 2626 Domino
1177 2573 1240 2626 in
1286 2573 1430 2639 ﬁliis
1479 2571 1640 2626 Dei?
1685 2572 1872 2642 (Psal.

223 2673 484 2724 Lxxxvm,
505 2663 586 2730 7.)
610 2663 964 2714 lnconcusse
986 2661 1211 2732 quippe
1234 2660 1382 2715 ﬁdes
1409 2660 1702 2716 catholica
1723 2665 1878 2717 tenet

221 2748 511 2820 praedicat
540 2747 747 2804 Filium
781 2748 878 2803 Dei
929 2749 990 2803 in
1022 2750 1156 2816 hoc,
1189 2754 1438 2820 excepta
1466 2749 1698 2804 deitatis
1735 2751 1877 2805 emi-

223 2837 444 2900 nentia,
497 2853 533 2892 a
582 2837 804 2892 caeteris
853 2836 1200 2892 hominibus
1249 2836 1524 2904 discerni,
1573 2837 1738 2909 quod
1768 2855 1876 2893 nec

222 2927 856 2999 concupiscentialiter,
879 2943 987 2982 nec
1020 2939 1274 2981 sexuum
1307 2927 1748 2995 commissione,
1770 2928 1877 2982 sed

223 3017 355 3072 sola
406 3019 594 3072 sancti
644 3017 891 3089 Spiritus
949 3015 1294 3089 operatione
1334 3022 1683 3088 conceptus,
1712 3017 1877 3073 nulla
1907 3055 1947 3110 Ο

221 3106 528 3176 originalis
577 3122 749 3162 noxae
800 3106 1056 3178 potuerit
1103 3106 1443 3162 noxiatione
1473 3106 1877 3162 vitiari.ldeo-

218 3209 339 3266 que
371 3198 491 3249 tam
519 3195 908 3267 conceptione
938 3208 1122 3267 quam
1152 3194 1479 3264 nativitate,
1503 3199 1559 3250 et
1583 3195 1715 3249 vitae
1741 3210 1876 3267 pro-

222 3301 412 3352 cessu,
448 3285 648 3339 omnis
698 3284 928 3356 peccati
987 3284 1270 3339 immunis
1301 3287 1462 3340 solus
1508 3286 1658 3341 liber
1686 3285 1878 3357 potuit

222 3375 380 3430 inter
428 3380 690 3430 mortuos
743 3389 878 3428 esse
909 3373 1092 3445 (Psal.
1124 3387 1368 3445 Lxxxvu,
1402 3375 1476 3444 6),
1506 3375 1675 3444 cujus
1705 3378 1875 3430 natu-

221 3462 332 3519 rali
375 3463 674 3519 munditia
717 3478 929 3518 omnes
970 3466 1187 3519 nostrae
1218 3463 1518 3520 naturales
1565 3463 1876 3520 effectivae-

223 3569 341 3625 que
370 3552 765 3608 immunditiae
793 3556 1178 3622 tergerentur.

295 3641 566 3697 Peccavit
593 3641 794 3713 itaque
821 3641 882 3695 in
917 3642 1112 3713 primo
1152 3642 1396 3697 homine
1423 3645 1653 3697 natura;
1698 3657 1876 3711 gene-

222 3730 447 3799 ralitas,
474 3731 538 3786 id
561 3736 648 3787 est
677 3732 881 3787 anima
904 3731 1336 3804 concupiscens
1366 3731 1657 3802 illicitum,
1677 3737 1731 3788 et
1753 3749 1878 3788 cor-

221 3837 337 3894 pus
368 3837 490 3876 suze
523 3822 741 3879 animae
765 3821 1262 3894 concupiscentiis
1288 3821 1729 3877 obsecundans.
1750 3825 1876 3877 Non

222 3910 384 3965 enim
428 3909 796 3967 voluntatem
825 3927 897 3966 ex
939 3910 1242 3966 voluntate
1290 3910 1478 3975 nasci,
1512 3911 1602 3965 vel
1632 3927 1737 3982 per
1767 3914 1880 3965 tra-

221 3998 440 4054 ducem
493 3999 553 4055 in
603 3999 1000 4073 propaginem
1059 3997 1338 4069 diffundi,
1366 4003 1521 4054 recte
1550 4015 1877 4071 possumus

221 4087 437 4157 dicere,
466 4105 605 4145 cum
652 4106 775 4145 non
826 4089 898 4145 sit
943 4093 1176 4157 natura,
1211 4090 1363 4145 sicut
1411 4092 1566 4143 recte
1597 4088 1876 4152 dicimus,

221 4175 531 4232 hominem
563 4193 633 4232 ex
659 4177 1110 4250 homine,quod
1139 4183 1228 4234 est
1251 4182 1486 4234 natura.
1524 4178 1606 4230 Ac
1638 4191 1743 4249 per
1762 4176 1876 4231 hoc

222 4272 346 4324 tota
381 4268 652 4341 perierat,
677 4269 821 4341 quia
843 4273 964 4325 tota
989 4269 1356 4342 deliquerat;
1381 4274 1437 4325 et
1461 4269 1602 4341 quia
1633 4272 1754 4323 tota
1772 4283 1876 4340 pe-

219 4356 420 4426 rierat,
451 4361 574 4413 tota
604 4375 639 4414 a
672 4360 771 4413 Dei
801 4358 943 4415 Filio
971 4359 1257 4415 veraciter
1300 4357 1876 4429 misericorditcrque

225 4452 507 4518 suscepta
553 4449 657 4502 est.
689 4451 831 4504 Tota
878 4453 1077 4504 autem
1124 4453 1400 4520 suscepta
1446 4451 1551 4516 est,
1584 4447 1645 4503 id
1674 4451 1784 4513 est,
1815 4451 1879 4503 ut

227 4536 355 4588 tota
383 4533 758 4601 liberaretur;
781 4540 904 4592 tota
923 4553 1062 4592 vero
1090 4536 1339 4592 liberata
1367 4541 1472 4603 est,
1497 4536 1642 4607 quia
1667 4539 1790 4591 tota
1818 4535 1879 4590 in

224 4621 328 4677 Dei
370 4621 514 4678 Filio
551 4625 893 4695 passionem
938 4640 1222 4698 perpessa
1269 4629 1374 4680 est.
1407 4627 1549 4679 Tota
1577 4624 1637 4678 in
1665 4639 1736 4678 eo
1767 4626 1881 4678 tor-

222 4712 520 4779 mentum,
555 4715 787 4770 tametsi
815 4713 1098 4777 indebite,
1128 4712 1385 4784 pertulit,
1417 4712 1561 4784 quia
1604 4716 1695 4768 est
1749 4727 1877 4766 cor-

221 4813 338 4870 pus
370 4799 729 4857 cruciatibus
759 4802 1022 4857 attritum
1053 4799 1494 4873 sepulturaeque
1523 4799 1881 4854 mandatum

223 4892 328 4950 est,
355 4891 412 4944 et
441 4889 666 4960 anima,
690 4890 894 4946 relicto
923 4890 1000 4945 ad
1025 4895 1262 4962 tempus
1285 4903 1554 4961 corpore,
1577 4886 1882 4945 liberrima

219 4977 443 5034 inferos
471 4980 821 5052 penetravit.
852 4983 992 5036 Tota
1019 4980 1158 5036 item
1210 4977 1399 5036 libera
1443 4983 1547 5046 est,
1577 4978 1721 5051 quia
1751 4978 1879 5034 citae

220 5069 670 5124 resurrectionis
724 5068 916 5139 gloria
969 5069 1042 5124 de
1093 5069 1474 5142 corruptione
1504 5068 1578 5124 ad
1611 5067 1880 5123 incorru-

219 5156 509 5227 ptionem,
541 5157 618 5213 de
670 5162 860 5213 morte
901 5157 978 5213 ad
1027 5158 1231 5226 vitam,
1283 5158 1357 5214 de
1403 5157 1758 5222 mortalitate
1803 5156 1882 5212 ad

219 5243 734 5302 immortalitatem
785 5247 1036 5303 transiit.
1071 5250 1202 5304 Non
1259 5247 1461 5320 itaque
1505 5247 1566 5302 in
1611 5245 1710 5301 Dei
1740 5245 1879 5300 Filio

217 5333 502 5391 voluntas
543 5335 756 5408 punita
780 5341 888 5408 est,
921 5353 1056 5410 quae
1109 5337 1260 5393 nulli
1289 5351 1563 5409 unquam
1601 5333 1882 5408 pravitati

219 5421 333 5479 fuit
361 5424 648 5495 obnoxia,
674 5427 780 5482 sed
801 5431 1037 5496 natura,
1063 5441 1251 5499 quam
1280 5427 1342 5482 in
1363 5425 1555 5481 Adam
1583 5421 1880 5496 perditam

219 5511 282 5567 in
313 5513 513 5586 seipso
535 5515 798 5573 mirabili
818 5517 1164 5588 dignatione
1191 5514 1494 5588 reparavit
1518 5517 1574 5568 et
1593 5512 1877 5569 liberavit.

223 5601 385 5657 Sicut
432 5603 594 5660 enim
639 5604 823 5677 paulo
885 5611 1022 5662 ante
1071 5603 1495 5678 praamisimus,
1544 5601 1900 5672 nullatenus,

216 5690 284 5746 in
330 5705 405 5749 eo
453 5696 512 5750 et
552 5695 924 5767 quibusdam
972 5695 1264 5754 membris
1309 5693 1440 5766 ejus
1469 5691 1751 5765 iniquitas
1797 5695 1887 5750 est

1989 1764 2136 1836 quit,
2172 1770 2362 1820 morte
2397 1766 2632 1822 Domini
2669 1766 2900 1823 liberati
2933 1785 3161 1832 sumus,
3193 1771 3376 1842 hujus
3406 1773 3492 1828 rei
3520 1790 3646 1829 me-

1987 1868 2186 1908 mores
2233 1854 2294 1908 in
2344 1855 2578 1910 edendo
2609 1860 2664 1911 et
2710 1857 2977 1927 potando
3011 1874 3254 1914 carnem
3302 1865 3359 1916 et
3400 1862 3644 1930 sangui-

1987 1957 2148 2013 nem,
2181 1959 2314 2014 quae
2371 1960 2482 2016 pro
2534 1945 2711 2001 nobis
2749 1946 2950 2002 oblata
3001 1952 3163 2012 sunt,
3211 1949 3642 2020 signiﬁcamus,

1989 2035 2222 2088 Novum
2270 2037 2716 2091 Testamentum
2759 2036 2819 2091 in
2868 2036 2960 2092 his
2990 2040 3313 2110 consecuti,
3345 2040 3511 2112 quod
3558 2044 3646 2097 est

1987 2136 2146 2176 nova
2174 2121 2290 2191 lex,
2324 2140 2458 2195 quas
2490 2123 2872 2182 obedientem
2922 2126 3037 2182 sibi
3084 2128 3265 2185 tradit
3306 2129 3644 2185 coelestibus

1986 2211 2184 2278 regnis
2219 2227 2230 2264 :
2266 2227 2411 2267 nam
2443 2215 2500 2268 et
2529 2217 2758 2286 Moyses
2791 2220 3036 2288 accepto
3063 2217 3355 2287 sanguine
3385 2219 3552 2274 vituli
3581 2219 3644 2273 in

1986 2303 2211 2370 patera,
2245 2303 2506 2373 aspersit
2526 2302 2680 2358 filios
2703 2303 2880 2359 lsrael
2908 2304 3146 2362 dicens:
3187 2310 3304 2362 Iloc
3334 2312 3424 2363 est
3451 2310 3644 2364 Testa-

1986 2390 2258 2444 mentum
2286 2391 2450 2461 q'uod
2478 2391 2776 2463 disposuit
2802 2396 2955 2448 Deus
2985 2394 3065 2450 ad
3092 2411 3200 2451 vos
3231 2393 3447 2466 (Exod.
3476 2413 3642 2466 xxiv,

1987 2480 2126 2542 6-8).
2163 2471 2280 2532 Hoc
2337 2479 2533 2548 ﬁgura
2587 2480 2696 2536 fuit
2741 2482 3096 2538 Testamenti
3143 2483 3310 2555 quod
3358 2485 3644 2541 Dominus

1987 2567 2218 2620 Novum
2250 2567 2575 2639 appellavit
2622 2585 2729 2641 per
2758 2571 3138 2642 prophetam,
3168 2575 3232 2628 ut
3280 2572 3428 2628 illud
3467 2575 3644 2629 Vetus

1986 2655 2059 2711 sit
2086 2657 2252 2728 quod
2281 2660 2508 2730 Moyses
2541 2660 2801 2716 tradidit.
2834 2663 3278 2717 Testamentum
3327 2673 3469 2733 ergo
3510 2680 3645 2720 san-

1986 2746 2163 2814 guine
2203 2747 2589 2804 constitutum
2621 2751 2727 2814 est,
2759 2749 2902 2822 quia
2950 2750 3224 2807 beneficii
3267 2751 3453 2808 divini
3503 2769 3643 2810 san-

1985 2834 2118 2904 guis
2155 2836 2322 2890 testis
2357 2840 2443 2891 est
2470 2837 2531 2891 in
2563 2829 2734 2908 cujus
2764 2843 2979 2910 typum
3025 2855 3136 2895 nos
3167 2839 3411 2896 calicem
3442 2843 3646 2914 mysti-

1987 2939 2123 2978 cum
2169 2925 2480 2994 sanguinis
2523 2927 2601 2981 ad
2643 2928 2951 2983 tuitionem
3013 2929 3278 3002 corporis
3323 2935 3379 2985 et
3424 2932 3640 2986 animae

1985 3018 2203 3068 nostrae
2234 3013 2626 3086 percipimus,
2653 3016 2797 3087 quia
2846 3017 3091 3086 sanguis
3122 3017 3355 3073 Domini
3403 3017 3642 3088 sangui-

1984 3117 2125 3157 nem
2155 3108 2429 3159 nostrum
2458 3103 2732 3175 redemit,
2760 3104 2822 3160 id
2853 3107 2941 3160 est
2968 3109 3159 3161 totum
3189 3106 3496 3162 hominem
3527 3106 3640 3163 sal-
3690 3115 3692 3117 ’

1983 3207 2129 3246 vum
2158 3189 2309 3248 fecit.
2345 3193 2495 3248 Caro
2539 3199 2698 3249 enim
2747 3194 3064 3251 Salvatoris‘
3118 3211 3227 3268 pro
3277 3195 3465 3252 salute
3509 3213 3639 3253 cor-

1985 3279 2168 3351 poris,
2224 3281 2472 3350 sanguis
2522 3295 2663 3336 vero
2714 3297 2824 3354 pro
2875 3283 3075 3338 anima
3128 3287 3333 3340 nostra
3384 3285 3636 3356 eﬂ‘usus‘,

1985 3373 2096 3439 est,
2151 3369 2299 3424 sicut
2347 3369 2514 3443 prius
2586 3371 3039 3443 praeﬁguratum
3099 3369 3292 3430 fuerat
3351 3387 3388 3430 a
3442 3377 3641 3447 Moyse

1988 3460 2193 3526 (Hebr.
2229 3463 2332 3527 xx).
2383 3460 2474 3517 Sic
2523 3462 2683 3517 enim
2731 3461 2854 3518 ait:
2893 3463 3069 3530 Caro,
3098 3463 3311 3536 inquit,
3354 3479 3472 3534 pro
3518 3479 3642 3521 cor-

1978 3563 2128 3617 pore
2181 3555 2374 3605 vestro
2433 3551 2709 3620 offertur,
2768 3553 3016 3622 sanguis
3073 3568 3211 3609 vero
3267 3563 3381 3623 pro
3438 3556 3644 3610 anima

1987 3638 2193 3708 (Levii.
2223 3655 2362 3707 xvu,
2396 3644 2506 3710 ii),
2537 3639 2793 3713 ideoque
2818 3657 2942 3697 non
2973 3643 3468 3699 manducandum
3503 3659 3643 3700 san-

1987 3729 2250 3798 guinem.
2288 3729 2345 3785 Si
2374 3731 2553 3799 igitur
2591 3731 2758 3802 apud
2796 3735 3026 3787 veteres
3059 3732 3262 3803 imago
3292 3733 3401 3788 fuit
3428 3734 3642 3790 verita-

1986 3816 2077 3882 tis,
2111 3831 2246 3888 quae
2295 3833 2456 3872 nunc
2487 3819 2769 3889 apparuit
2797 3823 2853 3872 et
2898 3818 3282 3874 manifestata
3313 3825 3400 3874 est
3429 3821 3489 3875 in
3523 3821 3644 3876 Sal-

1985 3905 2210 3960 vatoris
2256 3905 2537 3971 adventu,
2573 3904 2883 3977 quomodo
2934 3906 3225 3960 hzereticis
3275 3909 3643 3962 contrarium

1986 3992 2220 4048 videtur
2249 3995 2424 4047 Vetus
2466 3996 2650 4056 Novo,
2684 4009 2822 4048 cum
2864 3994 2997 4065 ipsa
3029 3993 3144 4048 sibi
3192 3993 3448 4049 invicem
3489 3995 3642 4051 testi-

1985 4081 2192 4137 monio
2227 4081 2345 4136 sint
2375 4081 2402 4135 ?

2059 4173 2100 4241 -ι-
2131 4170 2288 4226 Beda
2315 4171 2377 4225 in
2409 4170 2785 4243 Expositione
2818 4170 3056 4227 Genesis
3090 4188 3102 4227 :
3139 4175 3204 4229 Et
3231 4173 3499 4246 quidem,
3531 4175 3646 4249 ipsi

1990 4259 2102 4315 sibi
2134 4260 2398 4316 fecerant
2441 4261 2810 4332 perizomata
2842 4261 2916 4317 de
2948 4261 3098 4317 foliis
3136 4261 3256 4332 ﬁci,
3287 4263 3509 4335 quibus
3537 4282 3646 4338 pu-

1991 4349 2191 4406 denda
2242 4354 2507 4420 tegerent
2553 4352 2719 4418 (Gen.
2754 4366 2836 4419 nr,
2871 4353 2925 4423 7)
2955 4369 2967 4420 ;
3002 4350 3107 4407 sed
3153 4355 3304 4408 Deus
3354 4352 3493 4410 facit
3529 4354 3643 4410 illis

1992 4441 2225 4496 tunicas
2257 4439 2535 4512 pelliceas
2564 4439 2785 4513 quibus
2815 4455 2994 4496 omne
3025 4456 3244 4513 corpus
3280 4441 3518 4497 illorum
3561 4443 3648 4498 in-

1991 4530 2156 4600 duat,
2175 4531 2319 4603 quia
2338 4531 2472 4603 ipsi,
2497 4531 2731 4602 perdita
2751 4535 2858 4605 pe'r
2880 4531 3430 4605 praevaricationem
3457 4531 3648 4602 gloria

1990 4619 2367 4689 innocentiae,
2394 4620 2765 4692 praetendere
2789 4619 2902 4676 sibi
2933 4620 3202 4677 velamen
3224 4619 3644 4689 excusationis,

1990 4725 2114 4782 qua
2146 4725 2320 4764 suam
2347 4709 2588 4782 culpam
2614 4709 2673 4764 in
2717 4709 3096 4766 Conditorem
3142 4709 3642 4778 transtnderent,

1992 4803 2048 4853 et
2076 4797 2204 4868 ipse
2235 4797 2518 4853 Conditor
2545 4795 2677 4853 illos
2709 4814 2814 4870 per
2844 4799 3197 4854 sententiam
3231 4799 3378 4870 justi
3412 4796 3644 4871 judicii,

1992 4885 2194 4941 oblato
2226 4888 2385 4941 statu
2436 4886 2570 4942 vitae
2620 4887 3031 4956 immutabilis,
3063 4888 3123 4944 in
3153 4889 3357 4946 anima
3385 4886 3562 4946 simul
3592 4892 3650 4946 et

1993 4989 2170 5031 carne
2201 4973 2511 5030 mulctavit
2538 4991 2721 5047 poena
2749 4977 3167 5051 mortalitatis.]

2062 5063 2102 5135 ~1-
2134 5065 2422 5120 Memento
2453 5063 2599 5135 quid
2630 5064 2842 5120 beatus
2877 5067 3242 5138 AugUStinu‘s
3267 5064 3479 5127 dixerit
3510 5063 3649 5141 (En-

1993 5153 2234 5221 chz’rid.,
2264 5169 2398 5226 cap.
2429 5155 2519 5224 30)
2553 5171 2565 5208 :
2597 5152 2777 5224 [Quid
2807 5154 2967 5210 enim
3015 5153 3161 5212 boni
3203 5163 3485 5231 operatur
3513 5159 3643 5228 [al.,

1992 5243 2228 5316 operari
2276 5243 2493 5314 potest]
2542 5242 2830 5315 perditus,
2861 5244 2979 5300 nisi
3033 5251 3331 5319 quantum
3385 5246 3562 5302 fuerit
3610 5261 3647 5301 a

1991 5332 2325 5404 perditione
2398 5337 2715 5405 reparatus
2770 5333 2899 5405 [al.,
2952 5333 3309 5406 liberatus]?
3364 5333 3647 5406 Nunquid

1992 5421 2182 5478 libero
2233 5421 2551 5480 voluntatis
2606 5423 2851 5480 arbitrio
2882 5425 2909 5481 ‘I
2959 5428 3025 5482 Et
3078 5426 3194 5481 hoc
3225 5424 3380 5481 absit
3437 5443 3450 5482 :
3503 5439 3646 5480 nam

1991 5511 2180 5568 libero
2210 5512 2452 5569 arbitrio
2496 5513 2654 5570 male
2685 5518 2858 5571 utens
2887 5514 3093 5584 homo,
3125 5518 3182 5570 et
3210 5529 3275 5570 se
3304 5513 3563 5586 perdidit
3591 5515 3648 5568 et

1994 5617 2212 5674 ipsum.

2064 5691 2100 5758 1-
2129 5690 2374 5768 tdem‘in
2403 5692 2656 5766 epistola
2683 5692 2764 5751 ad
2784 5690 3064 5750 Vitalem:
3091 5691 3186 5766 (Et
3204 5691 3288 5749 sic
3307 5690 3480 5763 eripit
3498 5704 3646 5748 vasa
