4116 6186
551 224 685 277 1255

1626 219 1683 270 8.
1723 213 2096 272 PRUDENTII
2135 211 2521 272 TRECENSIS
2561 213 2872 272 EPlSCOPI

3834 222 3965 274 1256

549 345 680 415 ejus
711 356 1094 414 quaecunque
1123 339 1580 413 praedestinavit
1620 340 1869 412 eripere,
1902 338 2264 395 arbitriumA
2307 336 2630 393 commisit.
2658 337 2787 394 Alia
2817 341 2910 393 est
2934 351 3076 408 ergo
3103 335 3389 392 cruciatio
3419 351 3718 409 perversae
3761 339 3970 398 volun-

546 446 755 487 eorum
787 429 866 485 ab
911 429 1040 500 ejus
1067 429 1331 486 liberans
1362 433 1670 502 potestate,
1706 434 1770 484 ut
1810 428 1910 484 illo
1939 443 2061 483 non
2091 427 2199 482 im-

544 520 821 593 pediente
847 519 1095 576 credant
1124 519 1185 575 in
1210 520 1389 575 istum
1420 519 1609 575 libera
1642 518 1964 583 voluntate,
1995 518 2198 590 proin-

543 608 618 663 de
660 608 775 664 hoc
822 623 977 680 opus
1023 611 1112 663 est
1153 610 1377 679 gratize,
1406 623 1529 663 non
1583 611 1832 663 naturae.
1885 609 2046 678 Opus
2089 609 2197 676 est,

542 695 816 769 inquam,
874 697 1100 767 gratiae,
1158 713 1344 770 quam
1396 696 1574 752 nobis
1654 695 1846 750 attulit
1896 694 2196 750 secundus

541 786 756 855 Adam,
800 801 919 841 non
966 790 1218 854 naturas,
1250 802 1438 858 quam
1480 784 1739 858 perdidit
1787 783 1848 839 in
1880 784 2198 856 semetipso

541 874 774 947 primus
803 875 1044 948 Adam.]

611 981 648 1048 Ἰ-
678 983 749 1038 Se
779 982 938 1038 enim
969 981 1247 1055 perdidit,
1280 981 1341 1037 id
1365 986 1454 1036 est
1482 985 1761 1037 naturam
1805 997 1999 1045 suam,
2032 977 2197 1051 quod

541 1075 630 1125 est
653 1070 858 1126 anima
888 1075 945 1126 et
973 1086 1212 1143 corpus.
1247 1073 1367 1125 Hoc
1415 1085 1558 1139 ergo
1606 1069 1882 1140 perierat,
1912 1067 2055 1139 quia
2084 1068 2197 1121 hoc

541 1158 748 1231 utique
771 1165 1162 1232 peccaverat;
1194 1164 1248 1214 et
1277 1158 1421 1230 quia
1449 1159 1564 1214 hoc
1597 1163 1787 1213 totum
1819 1161 2194 1232 peccaverat,

541 1253 859 1320 propterea
901 1254 1088 1304 totam
1135 1264 1404 1304 massam
1449 1251 1813 1319 corruperat,
1848 1251 1910 1300 ut
1953 1245 2098 1300 nihil
2127 1260 2200 1298 cx

545 1351 616 1390 ea
670 1337 930 1393 naturali
987 1337 1407 1409 conjunctione
1457 1336 1639 1391 maris
1695 1340 1751 1389 et
1807 1334 2045 1389 feminae
2088 1333 2201 1392 nisi

540 1429 916 1497 corruptum,
950 1441 1020 1481 ac
1053 1442 1156 1497 per
1199 1425 1314 1480 hoc
1347 1424 1521 1480 morti
1569 1423 1901 1491 subditum,
1932 1437 2202 1476 nascere-

539 1516 672 1568 tur:
697 1518 753 1569 et
780 1519 1098 1586 propterea
1122 1515 1280 1584 juste
1307 1513 1568 1575 alterius,
1600 1511 1661 1565 id
1691 1516 1777 1564 cst
1807 1510 1979 1579 primi
2011 1509 2202 1563 homi-

539 1601 652 1669 nis,
698 1608 1014 1675 pcccatum
1044 1603 1105 1658 in
1154 1601 1361 1669 altero,
1395 1602 1454 1656 id
1504 1605 1591 1657 est
1638 1599 1805 1672 prole
1851 1599 2032 1670 illius,
2063 1615 2198 1670 quas

2307 427 2463 494 tatis,
2495 427 2644 482 dum
2692 443 2766 483 ea
2795 444 2929 500 qure
2968 427 3126 483 male
3156 431 3259 482 aut
3303 426 3549 498 indigne
3579 430 3837 502 appetit,
3867 431 3969 488 ha-

2306 515 2448 572 bere
2474 531 2597 572 non
2630 517 2861 588 sinitur,
2882 516 3047 589 quod
3072 521 3273 573 tamen
3301 516 3380 572 ad
3410 517 3748 575 cruciatum
3772 520 3970 577 volen-

2308 603 2378 658 tis
2404 602 2683 672 refertur;
2709 603 2827 660 alia
2855 620 2994 660 cum
3019 604 3116 659 hic
3145 603 3240 660 vel
3260 604 3654 676 postmodum
3686 607 3898 664 anima
3920 615 3970 665 et

2305 708 2525 765 corpus
2552 692 2884 750 manifestis
2905 699 3085 766 atque
3111 693 3488 749 evidentibus
3507 697 3827 751 tormentis
3847 698 3968 753 atii-

2305 781 2473 837 citur.
2496 786 2838 838 lntueamur
2859 798 3003 838 sane
3026 782 3441 855 cujuscunque
3472 783 3659 839 maris
3679 801 3894 842 semen
3912 788 3969 843 in

2304 868 2528 925 femina
2558 869 2927 936 seminantis,
2961 869 3127 942 quod
3157 874 3438 925 naturam
3471 886 3604 926 esse
3647 888 3968 946 nunquam

2303 957 2578 1028 negabis,
2611 956 2886 1013 videlicet
2921 973 2995 1012 ex
3023 962 3260 1025 natura,
3293 957 3356 1012 id
3385 963 3474 1014 est
3504 974 3690 1016 carne
3719 962 3966 1018 serentis

2305 1045 2610 1116 prodiens.
2629 1045 2970 1117 exceptorio
3000 1044 3150 1100 uteri
3174 1044 3486 1101 muliebris
3516 1046 3810 1117 infusum,
3834 1066 3965 1122 qua:

2305 1135 2367 1190 in
2389 1150 2460 1189 eo
2480 1133 2756 1189 voluntas
2769 1134 2796 1190 ?
2817 1137 2981 1190 Certe
3002 1134 3340 1190 inanimum
3356 1150 3488 1190 esse
3505 1151 3710 1194 semen
3726 1155 3965 1195 mascu-

2306 1223 2346 1278 li
2372 1223 2620 1296 quando
2646 1223 3046 1296 profunditur,
3075 1223 3277 1278 nullus
3309 1222 3592 1280 diﬁitetur
3622 1243 3635 1280 :
3665 1226 3768 1282 ubi
3817 1244 3967 1300 ergo

2307 1312 2584 1368 voluntas
2613 1312 2674 1367 in
2707 1313 2936 1368 semine
2956 1313 2984 1368 ?
3014 1315 3164 1368 Nam
3194 1312 3569 1370 voluntatem
3599 1315 3787 1371 animi
3809 1333 3964 1386 esse,

2308 1401 2446 1473 quis
2471 1401 2742 1456 nesciat?
2774 1403 2920 1457 Cum
2952 1415 3094 1471 ergo
3123 1401 3186 1456 in
3233 1401 3489 1457 serenda
3536 1401 3708 1474 prole
3735 1410 3966 1461 constet

2309 1489 2502 1544 solum
2530 1505 2733 1545 semen
2763 1489 3029 1545 inanima
3052 1489 3356 1557 seminari,
3383 1495 3438 1545 et
3465 1495 3604 1562 post
3636 1507 3743 1562 per
3792 1493 3966 1549 inter-

2307 1577 2465 1632 valla
2486 1582 2824 1650 temporum
2844 1575 2993 1632 illud
3015 1593 3051 1632 a
3072 1577 3377 1632 conditore
3402 1577 3806 1635 univcrsitatis
3832 1597 3966 1637 coa-

539 1665 849 1747 est'tdtum
880 1707 1070 1761 genus
1100 1665 1460 1758 humanum,
1493 1665 1852 1758 vindicatur,
1886 1665 2029 1760 quia
2076 1665 2199 1742 cor-
2228 1695 2267 1750 Β
2307 1665 2517 1761 ἔξυξξπίν
2546 1665 2939 1761 οοθὲξηᾶίυω,
2963 1666 3024 1761 it}
3055 1665 3332 1721 membra
3356 1667 3602 1761 Ρῐξφξπίξι
3656 1668 3961 1761 ἀὲξίξλεεινίν

536 1779 878 1852 ruptionem
909 1784 1176 1852 paternte
1216 1779 1434 1836 radicis
1481 1783 1605 1835 tota
1651 1777 1999 1833 naturaliter
2026 1776 2199 1832 sobo-

536 1867 621 1923 les
648 1869 823 1924 traxit
853 1885 927 1924 ex
957 1885 1196 1939 genere.
1224 1870 1391 1924 Certe
1423 1867 1481 1922 in
1515 1866 1784 1940 parvulis
1832 1865 2062 1921 nullam
2102 1881 2198 1919 vo-

535 1955 777 2014 luntatis
805 1958 898 2013 vel
929 1959 1179 2014 actionis
1225 1959 1483 2030 propriae
1539 1955 2013 2026 singularitatem
2039 1970 2196 2009 assc-

535 2049 956 2120 rere'poteris,
1002 2049 1105 2121 qui
1165 2053 1365 2104 tamen
1425 2062 1637 2102 omnes
1693 2051 1859 2101 extra
1910 2044 2194 2116 baptismi

536 2137 790 2206 gratiam
841 2139 1186 2206 morientes,
1219 2154 1340 2192 non
1374 2153 1506 2207 suo,
1539 2137 1642 2191 sed
1672 2134 2027 2208 protoplasti
2061 2151 2195 2206 pec-

535 2231 670 2283 cato
708 2235 999 2301 perpetua
1028 2228 1304 2302 plexione
1335 2227 1727 2284 damnantur.

606 2353 752 2409 Hinc
784 2354 1144 2424 Augustinus
1177 2354 1238 2408 in
1291 2353 1443 2408 libro
1475 2349 1855 2407 Enchiridion
1890 2354 2023 2422 (cap
2053 2349 2140 2420 46)
2179 2367 2192 2404 :

533 2441 874 2510 [Parentum
909 2459 1152 2515 quoque
1181 2443 1442 2515 peccatis
1466 2439 1752 2514 parvulos
1774 2438 2045 2508 obligari,
2069 2454 2192 2493 non

535 2529 731 2584 solum
780 2530 1115 2601 primorum
1173 2531 1514 2595 hominum,
1547 2529 1654 2585 sed
1710 2528 1889 2584 etiam
1929 2527 2190 2582 ﬁliorum

536 2615 667 2685 [al.,
701 2618 996 2687 suorum],
1028 2618 1103 2672 de
1149 2617 1372 2689 quibus
1415 2618 1527 2689 ipsi
1568 2618 1690 2672 nati
1735 2621 1890 2681 sunt,
1926 2631 2048 2670 non
2079 2615 2189 2669 im-

535 2702 922 2774 probabiliter
950 2705 1183 2761 dicitur.
1213 2705 1316 2761 Illa
1345 2706 1570 2778 quippe
1613 2705 1818 2759 divina
1850 2704 2142 2758 sententia
2174 2721 2186 2758 :

534 2792 800 2848 Reddam
840 2800 1088 2863 peccata
1129 2801 1379 2866 patrum
1410 2795 1473 2849 in
1501 2795 1658 2863 ﬁlios
1693 2794 1886 2864 (Deut.
1915 2809 1968 2862 v,
2002 2793 2076 2864 9),
2111 2797 2192 2848 te-

535 2885 634 2938 net
657 2898 760 2938 eos
793 2884 1014 2956 utique,
1049 2889 1375 2957 antequam
1425 2901 1530 2956 per
1567 2882 2081 2954 regenerationem
2111 2882 2189 2937 ad

532 2973 974 3030 Testamentum
1021 2978 1254 3031 Novum
1311 2974 1602 3047 incipiant
1657 2973 1971 3046 pertinere.
2015 2971 2186 3037 Quod

533 3060 984 3120 Testamentum
1026 3063 1516 3137 prophetabatur,
1567 3080 1706 3118 cum
1755 3062 2051 3117 diceretur
2080 3077 2186 3133 per
2215 3053 2254 3108 C

531 3151 892 3209 Ezechielem
924 3169 1048 3209 non
1073 3158 1424 3226 accepturos
1467 3153 1620 3207 ﬁlios
1667 3155 1914 3224 peccata
1943 3154 2182 3222 patrum

529 3255 798 3311 suorum,
821 3258 930 3298 nec
962 3241 1205 3298 ulterius
1234 3242 1496 3298 futuram
1526 3242 1586 3296 in
1615 3239 1795 3295 Israel
1824 3237 2183 3312 parabolam

527 3327 691 3385 illam
725 3347 738 3385 :
771 3333 984 3388 Patres
1023 3332 1544 3388 manducaverunt
1579 3346 1756 3385 uvam
1796 3329 2096 3392 acerbam,
2128 3334 2182 3383 et

528 3419 730 3475 dentes
774 3423 1041 3489 ﬁliorum
1085 3423 1518 3490 obstupuerunt
1572 3421 1803 3491 (Ezech.
1854 3435 2016 3482 XVIII,
2067 3419 2179 3488 20).

527 3505 668 3560 Ideo
705 3507 866 3561 enim
914 3508 1169 3580 quisque
1215 3509 1569 3578 renascitur,
1597 3514 1662 3562 ut
1711 3507 1976 3562 solvatur
2004 3509 2065 3562 in
2110 3522 2180 3562 eo

527 3595 826 3668 quidquid
855 3597 1083 3669 peccati
1122 3604 1208 3653 est
1239 3615 1375 3653 cum
1407 3614 1529 3669 quo
1557 3597 1840 3660 nascitur,
1872 3613 2016 3652 nam
2045 3614 2180 3669 pec-

527 3688 661 3739 cata
688 3701 825 3757 quae
857 3685 1011 3741 male
1041 3687 1278 3757 agendo
1299 3691 1510 3759 postea
1539 3684 2012 3754 committuntur,
2036 3701 2178 3757 pos-

525 3776 664 3828 sunt
693 3779 750 3829 et
777 3775 1124 3846 paenitendo
1156 3776 1376 3844 sanari,
1403 3776 1553 3832 sicut
1581 3775 1759 3832 etiam
1789 3778 1928 3846 post
1955 3773 2180 3846 baptis-

521 3875 692 3917 mum
731 3862 860 3918 ﬁeri
905 3863 1202 3921 videmus.
1235 3867 1320 3920 Ac
1344 3881 1452 3938 per
1480 3864 1595 3921 hoc
1632 3879 1754 3918 non
1787 3861 1950 3919 aliud
1979 3866 2067 3917 cst
2094 3862 2178 3918 in-

523 3950 722 4008 stituta
749 3955 1142 4023 regeneratio,
1165 3955 1280 4011 nisi
1310 3954 1453 4028 quia
1480 3955 1693 4010 vitiosa
1719 3958 1806 4009 est
1834 3952 2170 4023 generatio;

520 4056 713 4113 usque
741 4042 892 4097 adeo
924 4047 988 4100 ut
1015 4045 1192 4100 etiam
1233 4045 1307 4101 de
1336 4045 1600 4115 legitimo
1631 4042 2014 4099 matrimonio
2041 4058 2174 4114 pro-

519 4135 754 4186 creatus
784 4129 945 4188 dicat
977 4150 990 4188 :
1022 4135 1095 4190 In
1135 4134 1555 4210 iniquitatibus
1587 4139 1901 4201 conceptus
1931 4147 2082 4200 sum,
2117 4137 2170 4186 et

520 4220 583 4275 in
624 4223 888 4290 peccatis
917 4229 1110 4280 mater
1136 4239 1267 4280 mea
1291 4239 1385 4280 me
1422 4225 1484 4280 in
1520 4228 1689 4278 utero
1719 4222 1872 4276 aluit
1899 4220 2087 4288 (Psat.
2112 4236 2164 4292 L,

518 4309 592 4381 7).
624 4313 824 4384 Neque
852 4313 948 4369 hic
976 4313 1143 4382 dixit,
1169 4313 1232 4368 in
1260 4311 1570 4383 iniquitate
1600 4309 1694 4365 vel
1721 4313 1988 4382 peccato,
2024 4327 2163 4366 cum

2304 1756 2670 1812 delineatum
2698 1755 2965 1826 formari,
2989 1756 3315 1812 formatum
3346 1755 3608 1824 solidari,
3641 1758 3963 1816 solidatum

2305 1845 2604 1918 spiraculo
2644 1847 2777 1902 vitae
2807 1847 3110 1902 animari?
3138 1846 3428 1901 Nimirum
3475 1853 3709 1904 constat
3736 1866 3968 1923 nequa-

2303 1952 2488 2008 quam
2513 1935 2626 1990 sibi
2648 1935 2796 1991 velle
2822 1936 2988 2008 prius
3008 1938 3223 2003 inesse,
3250 1951 3435 2008 quam
3463 1937 3520 1992 id
3543 1937 3814 1994 videlicet
3837 1941 3966 1995 ani-

2303 2041 2469 2080 mam
2501 2025 2760 2081 auctoris
2790 2041 3038 2081 munere
3070 2031 3494 2098 consequatur,
3516 2027 3687 2097 cujus
3716 2030 3962 2100 proprie

2301 2115 2450 2170 velle
2471 2131 2594 2170 non
2624 2114 2950 2170 dubitatur.
2982 2115 3209 2170 Clamat
3242 2119 3442 2170 tamen
3483 2117 3789 2188 Propheta
3807 2117 3960 2188 inge-

2301 2204 2579 2270 miscens,
2603 2209 2658 2260 et
2680 2203 2820 2259 dicit
2846 2221 2857 2258 :
2881 2205 3033 2261 Ecce
3054 2205 3208 2260 enim
3234 2205 3294 2259 in
3322 2206 3750 2276 iniquitatibus
3773 2223 3958 2263 conce-

2291 2299 2436 2362 ptus
2467 2309 2618 2360 sum,
2653 2298 2706 2348 et
2747 2295 2809 2348 in
2855 2295 3117 2362 peccatis
3168 2296 3435 2362 concepit
3484 2309 3574 2350 me
3605 2301 3810 2350 mater
3843 2312 3954 2352 mea

2301 2384 2665 2450 (Psal.1.,7).
2701 2382 2942 2454 Concipi
2982 2387 3180 2438 autem
3214 2397 3419 2438 semen
3465 2382 3674 2437 nullus
3705 2384 3951 2453 ignorat,

2300 2473 2465 2544 quod
2489 2489 2625 2528 cum
2645 2471 2877 2544 absque
2901 2471 3371 2528 contradictione
3395 2472 3650 2534 bonum,
3674 2475 3825 2546 quia
3848 2491 3958 2529 om-

2299 2562 2390 2616 nis
2404 2566 2675 2617 creatura
2692 2561 2789 2617 Dei
2804 2561 2988 2624 bona,
3003 2561 3422 2633 mundumque
3437 2562 3727 2628 sit,omne
3741 2564 3956 2636 quippe

2296 2648 2524 2704 bonum
2555 2649 2874 2716 mundum,
2896 2654 2952 2704 et
2969 2649 3200 2704 nullum
3227 2649 3524 2704 mundum
3548 2665 3675 2704 non
3698 2651 3954 2706 bonum:

2297 2737 2692 2808 quaerendum
2707 2742 2794 2792 est
2808 2753 2995 2809 quare
3010 2753 3071 2792 se
3089 2736 3148 2791 in
3166 2736 3581 2809 iniquitatibus
3597 2745 3958 2810 conceptum

2295 2824 2582 2897 deploret.
2609 2828 2735 2881 Non
2766 2825 2924 2881 enim
2958 2826 3019 2880 in
3051 2825 3192 2892 suis,
3226 2842 3363 2897 quae
3395 2842 3503 2898 per
3521 2828 3832 2898 propriam
3862 2844 3961 2883 vo-

2294 2914 2584 2971 luntatem
2635 2916 2834 2972 adhuc
2881 2915 3046 2971 nulla
3095 2920 3253 2983 sunt,
3287 2916 3392 2971 sed
3437 2914 3640 2988 procul
3669 2915 3871 2973 dubio
3901 2919 3952 2974 in

2296 3003 2472 3074 primi
2520 3004 2942 3076 propagatoris
2992 3004 3198 3071 nostri,
3226 3020 3298 3058 ex
3341 3021 3467 3076 quo
3509 3021 3648 3060 cum
3681 3005 3954 3062 humana

2297 3093 2630 3149 substantia
2650 3094 2783 3164 jure
2804 3094 3092 3148 damnata
3114 3092 3488 3165 iniquitatem
3506 3095 3827 3150 nascendo
3852 3100 3953 3151 tra-

2293 3181 2516 3251 himus,
2530 3198 2716 3254 quam
2735 3181 3077 3238 nullatenus
3094 3181 3209 3237 nisi
3226 3182 3599 3238 renascendo
3615 3184 3947 3240 evadimus.

2293 3273 2410 3326 Hoc
2450 3275 2652 3325 tamen
2696 3270 2899 3342 ipsum
2932 3285 3135 3325 semen
3162 3269 3373 3325 beatus
3415 3270 3528 3325 Job
3563 3271 3947 3326 immundum

2290 3374 2506 3414 vocare
2527 3374 2650 3413 non
2679 3358 2910 3428 metuit,
2941 3374 3078 3413 cum
3109 3357 3286 3413 dicit:
3324 3359 3461 3425 Quis
3503 3365 3701 3428 potest
3752 3362 3950 3430 facere

2288 3449 2580 3504 mundum
2609 3449 2681 3504 de
2700 3447 3006 3503 immundo
3038 3454 3384 3518 conceptum
3433 3449 3658 3504 semine
3681 3453 3710 3504 ?
3737 3450 3951 3505 Nonne

2292 3545 2355 3593 tu
2382 3539 2485 3608 qui
2503 3539 2664 3594 solus
2680 3554 2737 3595 es
2756 3543 2784 3593 ?
2805 3537 2934 3609 (Job
2954 3553 3072 3608 x1v,
3096 3541 3173 3608 4).
3199 3541 3412 3602 Quare,
3434 3553 3668 3609 quaeso,
3691 3539 3951 3594 immun-

2289 3626 2434 3681 dum
2456 3628 2483 3683 ?
2513 3643 2651 3682 cum
2683 3626 2971 3681 Dominus
2996 3627 3221 3698 pastori
3253 3626 3520 3681 Ecclesiae
3551 3627 3718 3683 dicat
3745 3645 3759 3682 :
3790 3629 3950 3696 Quod

2286 3717 2444 3772 Deus
2472 3717 2807 3778 mandavit,
2827 3721 2891 3772 tu
2915 3730 2988 3772 ne
3008 3730 3323 3771 commune
3335 3715 3562 3771 dixeris
3586 3716 3752 3784 (Act.
3769 3722 3943 3785 x1,9,-:

2286 3808 2341 3860 et
2370 3805 2432 3860 in
2454 3805 2773 3875 Evangelio
2793 3823 2806 3860 :
2829 3805 2963 3860 Non
2985 3820 3053 3861 ea
3074 3819 3205 3876 qua:
3237 3806 3468 3861 intrant
3491 3806 3553 3859 in
3585 3820 3651 3860 os
3683 3808 3947 3878 coinqui-

2285 3900 2434 3949 nant
2469 3893 2784 3964 hominem,
2807 3893 2910 3949 sed
2947 3908 3075 3963 qua:
3099 3893 3172 3948 de
3195 3893 3372 3949 corde
3417 3897 3664 3964 exeunt,
3688 3909 3759 3949 ea
3787 3897 3944 3950 coin-

2282 3984 2537 4053 quinant
2571 3983 2862 4040 hominem
2891 3982 3132 4052 (Matth.
3156 3998 3252 4052 xv,
3291 3981 3396 4052 ll).
3429 3983 3495 4037 In
3521 3983 3758 4039 semine
3787 4000 3941 4051 vero,

2280 4073 2445 4144 quod
2467 4073 2698 4138 seritur,
2719 4071 2950 4128 nullam
2969 4072 3163 4126 inesse
3192 4071 3500 4144 propriam
3527 4071 3778 4128 volendi
3813 4090 3944 4146 pos

2279 4161 2623 4216 sibilitatem
2649 4165 2827 4232 atque
2849 4159 3157 4216 scientiam
3178 4160 3314 4232 quis
3327 4160 3584 4216 nesciat?
3607 4161 3776 4216 Unde
3801 4178 3941 4232 ergo

2275 4247 2662 4304 immundum
2693 4251 2820 4306 est?
2848 4248 3131 4322 Nunquid
3160 4265 3234 4305 ex
3255 4264 3326 4304 eo
3355 4248 3522 4322 quod
3542 4254 3635 4305 est
3661 4257 3942 4307 creatura

2277 4337 2414 4393 Dei?
2462 4337 2648 4392 Absit.
2694 4340 2890 4393 Restat
2955 4338 3134 4409 igitur
3179 4342 3241 4394 ut
3291 4353 3362 4393 ex
3431 4337 3681 4395 traduce
3725 4340 3942 4413 iniqui-

519 4403 576 4501 (ἒξ
601 4400 717 4458 hoc
738 4407 892 4501 re“?
922 4402 1045 4501 910i“
1066 4405 1300 4501 Ρρδδίῗίᾷ
1332 4400 1438 4501 δῗξί
1466 4399 1894 4501 inﬁnitates,“
1916 4404 2164 4470 peccata
2193 4407 2236 4462 D
2276 4427 2410 4484 tatis
2440 4427 2786 4498 primigenae
2817 4399 3203 4483 immundum
3227 4427 3545 4498 fateamur,
3569 4429 3740 4501 quod
3762 4399 3942 4486 ex‘di-

515 4489 711 4548 dicere
750 4491 978 4549 maluit.
1011 4492 1161 4558 Quia
1189 4495 1245 4548 et
1274 4491 1336 4546 in
1361 4489 1463 4546 illo
1494 4505 1635 4559 uno,
1667 4488 1834 4562 quod
1863 4488 1924 4544 in
1954 4503 2166 4544 omnes

513 4579 790 4640 homines
820 4578 1178 4656 pertransiit,
1201 4581 1487 4656 quodque
1508 4581 1638 4654 [al.,
1669 4584 1872 4652 atque]
1897 4583 2018 4634 tam
2045 4594 2171 4634 ma-

515 4686 702 4740 gnum
733 4678 840 4742 est,
865 4678 930 4730 ut
958 4689 1029 4731 eo
1062 4676 1394 4731 mutaretur
1423 4675 1479 4727 et
1508 4673 1947 4726 converteretur
1971 4669 2032 4724 in
2062 4684 2168 4724 nc-

515 4763 854 4820 cessitatem
901 4763 1110 4822 mortis
1157 4763 1428 4819 humana
1480 4764 1717 4827 natura,
1767 4759 2166 4832 reperiuntur,

517 4848 671 4906 sicut
699 4868 885 4923 supra
912 4852 1190 4922 disserui,
1223 4851 1397 4924 plura
1435 4853 1682 4923 peccata
1721 4853 1777 4905 et
1810 4847 1928 4904 alia
1957 4861 2170 4920 parcn-

516 4936 663 5002 tum,
692 4953 828 5009 quae
877 4940 985 4995 etsi
1022 4957 1148 4996 non
1193 4941 1275 4997 ita
1319 4943 1573 5012 possunt
1599 4942 1834 4994 mutare
1862 4942 2164 5006 naturam,

513 5026 682 5078 reatu
710 5028 911 5082 tamen
940 5025 1212 5098 obligant
1255 5027 1431 5093 ﬁlios,
1461 5026 1578 5084 nisi
1611 5026 1868 5101 gratuita
1893 5026 2083 5096 gratia
2110 5027 2168 5080 et

512 5110 922 5170 misericordia
951 5115 1154 5172 divina
1181 5115 1540 5188 subveniat]

581 5241 624 5312 -ί-
653 5239 840 5297 Audis
868 5245 1187 5314 parentum
1213 5244 1471 5314 peccatis
1500 5241 1783 5316 parvulos
1812 5237 2082 5306 obligari,
2106 5243 2164 5296 et

510 5328 657 5385 dicis
676 5330 738 5386 in
759 5330 925 5386 nullo
945 5329 1237 5386 vindicari
1254 5331 1412 5402 juste
1434 5330 1674 5387 alterius
1691 5329 2034 5402 peccatum?
2049 5332 2164 5382 Au-

509 5417 602 5473 dis
623 5424 903 5476 naturam
924 5423 1113 5475 morte
1137 5419 1432 5492 punitam,
1455 5424 1513 5476 et
1530 5418 1678 5474 dicis
1706 5417 1767 5472 in
1797 5415 1962 5472 nullo
1991 5421 2163 5472 natu-

507 5524 638 5567 ram
663 5509 900 5582 puniri?
920 5508 1234 5566 Verissime
1255 5507 1456 5581 itaque
1477 5506 1690 5563 dicitur
1710 5505 1770 5562 in
1801 5505 2000 5578 impiis
2021 5521 2163 5578 sup-

506 5600 685 5673 plicia
724 5601 950 5676 perpeti
980 5601 1144 5674 quod
1175 5604 1328 5658 Deus
1351 5598 1504 5661 fecit,
1527 5597 1587 5654 id
1617 5602 1704 5654 est
1725 5601 1911 5654 totam
1945 5597 2156 5653 huma-

504 5705 650 5749 nam
688 5691 1107 5764 substantiam,
1144 5689 1249 5750 sed
1283 5689 1495 5749 merito
1537 5688 1785 5764 peccati,
1819 5685 1984 5761 quod
2025 5689 2149 5747 tota

2277 4517 2498 4588 gnitate
2517 4516 2728 4590 primae
2747 4515 3109 4574 conditionis
3132 4517 3431 4573 mundum
3453 4518 3758 4575 catholica
3781 4525 3942 4577 tenet

2275 4611 2332 4663 et
2377 4606 2673 4663 convincit
2721 4605 2998 4662 Ecclesia.
3031 4609 3194 4664 Patet
3237 4607 3442 4680 itaque
3467 4612 3637 4664 reatu
3666 4615 3939 4681 paterna:

2273 4695 2767 4768 transgressionis
2796 4695 3182 4752 immundum
3209 4696 3346 4764 seri,
3378 4697 3612 4770 concipi
3650 4702 3707 4752 et
3733 4700 3938 4766 nasci,

2273 4788 2441 4860 quod
2468 4788 2725 4861 puritate
2754 4787 2962 4859 prima;
3010 4786 3328 4842 creationis
3356 4787 3655 4843 mundum
3698 4786 3938 4846 factum

2272 4877 2474 4933 nullus
2503 4877 2620 4933 nisi
2652 4893 2863 4950 expers
2893 4875 3152 4932 veritatis
3185 4875 3425 4946 ignorat
3453 4882 3558 4934 aut
3583 4882 3791 4948 negat.

2345 4965 2489 5020 Hinc
2511 4965 2826 5035 Gregorius
2842 4965 2904 5020 in
2923 4962 3230 5022 Moralium
3247 4964 3401 5022 libro
3421 4965 3750 5022 undecimo
3777 4969 3933 5042 (cap.

2271 5053 2468 5122 ult.,in
2483 5054 2647 5125 ﬁne).
2663 5055 2737 5128 [ιε
2750 5055 2854 5128 qui
2864 5070 2972 5128 per
2983 5070 3045 5112 se
3057 5054 3219 5114 solus
3230 5056 3616 5126 estmundus,
3630 5059 3934 5116 mundare

2270 5142 2899 5218 praevaletimmunda.
2913 5145 3104 5201 Homo
3116 5145 3277 5201 enim
3288 5145 3350 5201 in
3363 5145 3738 5219 corruptibili
3751 5164 3932 5204 carne

2267 5234 2477 5290 vivens
2489 5233 2671 5290 habet
2684 5234 3076 5290 tentationum
3089 5234 3505 5291 immunditias
3517 5235 3930 5308 impressasin

2271 5323 2618 5396 semetipso,
2633 5323 2776 5396 quia
2791 5322 3076 5380 nimirum
3097 5340 3200 5380 eas
3222 5325 3389 5382 traxit
3411 5324 3490 5380 ab
3510 5324 3767 5396 origine.
3796 5331 3928 5400 Ipsa

2267 5414 2492 5487 quippe
2507 5418 2750 5486 propter
2765 5412 3222 5470 delectationem
3239 5413 3435 5470 carnis
3451 5414 3502 5486 ej
3513 5431 3583 5470 us
3606 5418 3926 5490 conceptio

2264 5502 2648 5559 immunditia
2668 5506 2790 5559 est:
2815 5502 2976 5559 unde
2998 5507 3055 5560 et
3092 5503 3406 5561 Psalmista
3434 5503 3516 5560 ait
3541 5520 3554 5559 :
3578 5505 3741 5562 Ecce
3769 5508 3924 5562 enim

2264 5594 2326 5649 in
2348 5593 2764 5664 iniquitatibus
2785 5601 3101 5665 conceptus
3116 5602 3326 5664 sum,et
3344 5599 3407 5651 in
3429 5595 3673 5652 delectis
3681 5598 3926 5667 peperit

2263 5697 2355 5742 me
2375 5689 2568 5742 mater
2585 5699 2715 5743 mea
2735 5683 2926 5756 (Psat.
2948 5699 3003 5758 ι,
3025 5683 3098 5758 7).
3123 5685 3267 5743 Hinc
3296 5689 3385 5744 est
3420 5699 3563 5758 ergo
3589 5685 3762 5758 quod
3793 5685 3932 5760 ple-
