4116 6186
241 183 374 238 1257

235 396 314 452 da
339 375 626 467 quaedam
674 387 735 442 in
760 388 959 441 mente
990 382 1233 457 patitur,
1281 382 1562 454 quamvis
1591 384 1647 436 et
1669 375 1897 467 judicio

234 462 578 545 reluctetur,
594 475 740 549 quia
761 475 1087 545 conceptus
1113 471 1186 527 de
1214 469 1612 535 immunditia,
1641 467 1788 522 dum
1819 462 1898 521 ad

239 569 606 630 munditiam
658 563 865 633 tendit,
893 563 1008 618 hoc
1052 564 1303 616 conatur
1325 560 1563 615 vincere
1594 555 1757 629 quod
1785 556 1895 609 est.

243 660 520 733 Quisquis
560 660 762 712 autem
808 650 1052 708 occultae
1106 649 1439 705 tentationis
1487 651 1689 703 motus
1720 647 1899 715 atque

242 746 703 809 immundiciam
749 739 1124 812 cogitationis
1170 739 1482 805 cvinceret,
1511 747 1901 807 nequaquam

246 841 362 897 sibi
384 853 558 894 suam
602 830 968 891 munditiam
1025 828 1264 896 tribuat,
1296 826 1440 899 quia
1481 825 1556 880 de
1585 822 1903 879 immundo

248 931 607 1001 conceptum
637 921 865 979 semine
891 917 1092 974 nullus
1137 917 1330 972 facere
1357 913 1657 970 mundum
1682 914 1900 1001 potest,

246 1019 362 1075 nisi
383 1000 562 1089 isiqui
582 1010 846 1069 mundus
878 1023 985 1081 per
1016 1005 1404 1077 semetipsum
1436 1002 1600 1059 solus
1631 1006 1715 1057 est
1747 1000 1898 1072 (Job.

245 1126 362 1178 xw,
393 1107 467 1176 4).
513 1101 623 1169 Qui
671 1114 814 1169 ergo
840 1098 971 1170 jam
1002 1096 1080 1152 ad
1108 1095 1310 1151 locum
1367 1091 1673 1148 munditiae
1704 1093 1903 1145 mente

244 1194 529 1271 pervenit,
582 1185 993 1261 conceptionis
1037 1200 1160 1239 suae
1218 1183 1380 1238 viam
1432 1180 1730 1253 respiciat,
1795 1194 1902 1252 per

242 1268 431 1358 quam
454 1279 831 1349 venit,atque
860 1273 1000 1330 inde
1031 1270 1428 1343 colligatquia
1453 1286 1534 1358 ex,
1552 1285 1662 1324 sua
1687 1268 1900 1358 virtute

246 1356 372 1428 non
395 1368 583 1426 habet
609 1362 971 1421 munditiam
998 1359 1260 1426 vivendi,
1288 1358 1393 1430 qui
1417 1358 1491 1413 de
1520 1356 1904 1412 immunditia

248 1462 473 1518 factum
499 1458 587 1514 est
614 1452 848 1510 initium
880 1448 1289 1518 subsistendi.]
1310 1449 1351 1517 -ι-
1374 1446 1666 1519 Quodque
1696 1445 1901 1501 infers:

812 1582 1061 1625 JOANNES
1114 1580 1337 1621 SCOTUS.

320 1680 490 1751 (Cap.
525 1682 574 1742 6,
611 1690 779 1732 num.
817 1674 901 1743 l3,
933 1674 1073 1728 sect.
1096 1673 1175 1735 4.)
1208 1675 1247 1723 Θ
1278 1669 1445 1736 Quod
1468 1669 1521 1724 si
1542 1669 1775 1724 nullam
1800 1683 1906 1723 na-

252 1778 455 1826 turam
478 1768 697 1837 puniri
707 1765 862 1821 ratio
883 1763 1092 1832 suasit,
1112 1760 1441 1816 necessario
1474 1758 1708 1813 nullam
1736 1762 1910 1813 natu-

249 1874 381 1915 ram
405 1857 631 1928 punire
659 1853 950 1910 suadebit.
982 1851 1184 1921 Neque
1209 1851 1366 1905 enim
1387 1847 1673 1903 creatrix.
1706 1846 1909 1916 Neque

251 1952 457 2005 creata
480 1945 663 2016 punit
692 1946 980 2011 creatam,
1011 1939 1153 2010 quia
1180 1937 1358 1992 nulla
1396 1933 1734 1991 substantia
1763 1934 1909 1989 alte-

186 2097 212 2110 ,
254 2038 379 2093 rius
405 2032 757 2093 substantiae
787 2028 1096 2087 contraria
1126 2041 1246 2083 esse
1266 2029 1476 2095 potest.

920 2158 1237 2200 CORRECTIO.

334 2262 376 2330 -ι-
407 2256 628 2316 Sufﬁcit
655 2255 795 2312 huic
822 2252 1153 2327 phantasiae
1196 2248 1590 2306 dissolvendae
1633 2246 1910 2334 Veritatis

263 2348 550 2421 elogium,
573 2362 695 2419 quo
729 2343 903 2400 dicit:
937 2342 1139 2398 Nolite
1167 2342 1372 2397 timere
1390 2354 1484 2395 eos
1511 2338 1615 2409 qui
1633 2337 1912 2393 occidunt

262 2454 503 2509 corpus,
534 2437 795 2494 animam
828 2439 1024 2490 autem
1059 2446 1179 2486 non
1206 2434 1455 2499 possunt
1484 2428 1789 2498 occidere;
1811 2426 1914 2483 sed

255 2529 460 2599 potius
489 2542 620 2583 eum
650 2526 849 2580 timete
877 2522 983 2593 qui
1001 2519 1176 2576 habet
1185 2522 1536 2589 potestatem
1559 2521 1617 2573 et
1644 2516 1910 2573 animam

259 2621 318 2674 et
363 2629 579 2685 corpus
600 2612 853 2684 perdere
878 2611 941 2665 in
968 2609 1241 2679 gehenna
1298 2605 1533 2679 (Matth.
1574 2621 1635 2673 x,
1685 2608 1817 2671 28);
1857 2605 1915 2659 et

258 2704 442 2761 item:
473 2704 561 2759 Ite
591 2704 655 2757 in
694 2702 888 2771 ignem
936 2703 1225 2756 aeternum
1255 2696 1361 2768 qui
1380 2688 1635 2765 paratus
1667 2699 1751 2751 est
1781 2693 1913 2750 dia-

266 2794 401 2849 bolo
432 2796 485 2847 el
511 2790 740 2861 angelis
770 2790 897 2858 ejus
929 2785 1163 2859 (Matth.
1196 2800 1335 2853 xxv,
1366 2784 1478 2856 41).
1510 2783 1683 2851 Quod
1712 2783 1918 2855 utique

260 2878 632 2946 hominibus,
663 2878 724 2934 id
755 2882 847 2934 est
874 2875 1126 2941 naturis,
1144 2873 1412 2929 dicturus
1440 2877 1549 2941 est,
1566 2888 1690 2929 non
1717 2889 1826 2945 per
1857 2887 1918 2927 se

1179 170 1268 223 es
1308 153 1978 223 PatecssrisAriosE
2016 154 2292 214 CONTRA
2328 163 2375 216 ι.
2420 163 2714 220 socrum.

234 317 491 376 rumque
522 301 784 356 tentatur
809 297 867 351 et
895 292 1139 359 nolens;
1167 292 1307 348 hinc
1336 295 1425 347 est
1451 290 1614 364 quod
1635 290 1895 376 immun-
1931 283 1980 337 Α

3520 164 3656 222 1258

2573 303 2810 344 JOANNES
2863 302 3087 344 SCOTUS.

2079 399 2238 473 (Cap.
2278 406 2360 470 t6,
2389 418 2556 460 num.
2591 404 2676 473 14,
2710 407 2848 462 sect.
2888 402 2967 475 4.)
2995 409 3033 456 Θ
3066 405 3224 474 Quae,
3246 403 3472 477 irquis,
3501 408 3659 464 ratio

2008 486 2148 545 hinc
2172 492 2433 549 maxime
2450 493 2744 563 probatur
2767 494 2928 565 quod
2939 494 3171 550 nullius
3200 496 3434 564 peccati
3460 502 3661 552 aucto-

2008 577 2178 649 ritas,
2198 581 2318 637 nisi
2330 583 2768 641 mendoszssime
2791 585 3268 655 impiissimeque,
3282 584 3363 640 ad
3376 586 3563 643 Deum
3581 602 3664 643 re-

2004 666 2207 734 fertur
2225 687 2238 737 ;
2264 684 2335 726 ac
2346 673 2399 727 si
2406 679 2713 741 peccatum
2736 678 2880 730 esset
2896 688 2971 730 ex
2981 679 3206 730 natura
3222 678 3446 746 natura
3464 681 3664 732 autem

2011 768 2085 809 ex
2114 756 2252 822 Deo,
2281 759 2548 828 profecto
2576 768 2884 832 peccatum
2911 777 2987 819 ea:
3016 764 3135 819 Deo
3156 777 3278 819 esse
3297 769 3660 834 sequeretur.

2688 904 2996 945 CORRECTIO

2081 1006 2124 1075 -χ-
2154 1008 2436 1081 Nunquid
2466 1014 2713 1082 peccata
2730 1012 2887 1081 regis
2910 1015 3198 1081 Manasse,
3216 1028 3354 1087 quae
3382 1018 3507 1071 tam
3537 1032 3668 1072 mu-

2008 1092 2093 1149 lta
2116 1095 2300 1152 tuisse
2328 1096 2627 1167 leguntur,
2658 1103 2815 1155 recte
2858 1101 3013 1172 patri
3047 1102 3200 1173 ejus,
3247 1102 3375 1159 viro
3414 1105 3579 1175 justo
3610 1108 3669 1161 et

2013 1188 2242 1255 sancto,
2284 1186 2635 1259 deputanda
2688 1188 2873 1244 sunt?
2923 1189 3042 1260 (IV
3062 1192 3206 1261 Reg.
3254 1192 3392 1264 xm).
3443 1195 3667 1267 Nempe

2009 1275 2341 1331 Manassem
2362 1291 2435 1332 ex
2452 1278 2698 1333 Ezechia
2718 1281 2931 1334 natum
2945 1279 3146 1335 nullus
3158 1280 3669 1353 ignorat,peccata

2012 1366 2213 1444 autem
2238 1380 2374 1435 quae
2406 1368 2707 1421 Manasses
2732 1366 3087 1438 impiissime
3108 1369 3386 1440 patravit,
3412 1369 3667 1428 nullate-

2011 1466 2129 1506 nus
2159 1467 2232 1507 ex
2264 1453 2507 1509 Ezechia
2526 1454 2896 1526 prodierunt.
2918 1455 3158 1512 Falsum
3185 1461 3273 1515 est
3297 1458 3477 1528 igitur
3500 1460 3670 1533 quod

2014 1540 2324 1612 proponis,
2357 1545 2423 1596 ut
2447 1541 2586 1597 ideo
2619 1546 2909 1616 sequatur
2953 1548 3268 1617 peccatum
3298 1562 3425 1603 esse
3452 1564 3527 1604 ex
3550 1552 3671 1605 Deo

1930 1635 1978 1690 Β
2015 1628 2183 1701 quod
2213 1633 2298 1685 est
2326 1645 2400 1685 ex
2425 1633 2665 1699 natura,
2706 1632 2874 1703 quod
2917 1636 3138 1689 natura
3177 1649 3249 1691 ex
3279 1636 3398 1691 Deo
3425 1636 3517 1694 sit.
3537 1638 3671 1694 Non

2016 1716 2177 1773 enim
2204 1718 2362 1789 juste
2383 1721 2503 1775 Deo
2527 1724 2733 1776 nostra
2752 1720 3019 1777 facinora
3034 1722 3436 1797 ascribuntur,
3455 1742 3529 1782 ex
3547 1741 3672 1799 quo

2015 1823 2149 1876 nos,
2180 1806 2244 1862 id
2274 1811 2361 1863 est
2380 1812 2662 1864 naturam
2694 1812 2983 1875 nostram,
3017 1826 3145 1866 esse
3186 1827 3310 1868 non
3341 1813 3667 1871 dubitatur.

2018 1899 2181 1952 Certe
2210 1896 2543 1953 libertatem
2575 1897 2802 1954 arbitrii
2826 1901 2980 1954 Deus
3009 1898 3241 1955 homini
3278 1900 3527 1972 largitus
3560 1907 3669 1976 est,

2016 1988 2073 2041 et
2113 1984 2329 2041 eadem
2381 1984 2608 2042 arbitrii
2664 1986 2935 2044 libertate
2964 1987 3148 2045 homo
3176 1990 3481 2062 peccavit:
3512 2008 3671 2049 nun-

2015 2074 2164 2147 quid
2191 2074 2326 2130 ideo
2353 2074 2739 2147 deputabitur
2770 2079 2889 2133 Deo
2916 2078 3122 2135 vitium
3149 2078 3352 2136 liberae
3400 2081 3677 2140 volunta-

2018 2164 2111 2231 tis,
2139 2163 2283 2235 quia
2304 2163 2560 2222 donator
2582 2166 2731 2237 ejus,
2760 2167 2824 2223 in
2845 2170 2933 2224 est
2955 2168 3163 2225 liberae
3179 2168 3522 2241 voluntatis,
3542 2177 3671 2243 fcer-

2018 2251 2240 2310 tissime
2268 2254 2526 2310 creditur
2545 2254 2573 2310 ?
2604 2256 2702 2311 Est
2739 2255 2919 2325 igitur
2944 2261 3161 2315 natura
3190 2258 3389 2315 omnis
3424 2276 3496 2316 ex
3528 2263 3669 2330 Deo,

2017 2341 2229 2399 vitium
2254 2359 2396 2400 vero
2422 2359 2491 2399 ex
2518 2346 2756 2414 natura,
2789 2345 2962 2416 cujus
2999 2347 3208 2403 merito
3248 2352 3466 2407 natura
3493 2350 3671 2422 puni-

2018 2435 2132 2488 tur.
2177 2432 2413 2489 Dixerat
2459 2433 2673 2489 eadem
2712 2433 3028 2506 quondam
3075 2435 3405 2503 Ccelestius,
3451 2438 3675 2510 Pelagii

2020 2520 2368 2594 discipulus,
2387 2521 2492 2594 qui
2522 2525 2720 2578 tecum
2748 2527 2984 2579 tantum
3002 2528 3232 2581 naturae
3262 2526 3583 2598 tribuebat,
3608 2530 3677 2583 ut

2019 2625 2155 2666 eam
2183 2608 2261 2665 ab
2286 2609 2453 2665 omni
2481 2609 2618 2667 vitio
2645 2614 2784 2683 post
2806 2616 3121 2684 peccatum
3150 2617 3417 2670 extorem
3443 2631 3676 2672 assere-

2022 2701 2127 2766 ret,
2155 2696 2592 2771 voluntatisque
2618 2698 2730 2755 soli
2771 2698 3069 2773 quidquid
3107 2701 3251 2758 mali
3285 2701 3474 2775 ﬁeret,
3514 2703 3678 2761 attri-

2023 2788 2208 2844 buere
2238 2786 2578 2843 nullatenus
2604 2787 2972 2861 formidaret,
3000 2789 3096 2846 cui
3115 2794 3318 2848 tamen
3337 2809 3374 2850 a
3402 2793 3677 2850 Patribus

2023 2891 2384 2949 responsum
2412 2878 2535 2932 est:
2564 2882 2879 2949 peccatum
2908 2893 3032 2934 non
3062 2894 3190 2934 esse
3215 2880 3426 2937 vitium
3450 2885 3680 2939 naturae

258 2966 694 3039 voluntatibus,
723 2982 859 3040 quae
894 2980 1001 3039 per
1034 2979 1098 3019 se
1130 2978 1261 3019 esse
1282 2978 1406 3018 non
1446 2967 1727 3035 possunt,
1776 2961 1921 3035 quia
1947 2985 1991 3040 ο
2025 2966 2088 3023 in
2116 2964 2313 3038 primo
2342 2964 2606 3035 homine,
2640 2965 2793 3022 sicut
2822 2982 2958 3023 eam
3006 2969 3163 3023 Deus
3191 2968 3475 3039 condidit,
3502 2970 3683 3043 quasi

263 3062 497 3116 naturae
527 3073 652 3113 non
682 3060 841 3112 sunt.
862 3056 1046 3111 Porro
1068 3052 1144 3109 de
1174 3051 1480 3122 originalis
1496 3052 1726 3123 peccati
1753 3051 1921 3107 dam-

265 3151 533 3217 natione,
565 3147 739 3219 cujus
762 3145 973 3202 merito
998 3141 1332 3214 justissima
1347 3140 1448 3197 Dei
1478 3143 1769 3197 sentent'a
1796 3140 1925 3196 uni-

266 3254 515 3296 versum
547 3252 739 3306 genus
793 3235 1131 3289 humanum
1160 3230 1338 3286 morti
1387 3229 1526 3286 fecit
1571 3229 1924 3301 obnoxium,

268 3336 572 3402 quantum
594 3322 926 3394 Pelagianis
951 3321 1223 3403 patribus
1244 3319 1358 3375 tuis
1387 3318 1616 3376 faveras
1642 3319 1704 3374 in
1728 3335 1926 3391 prom-

266 3421 386 3494 ptu
415 3420 503 3473 est
528 3413 721 3470 :unde
750 3411 925 3486 plura
950 3410 1146 3466 dicere
1178 3408 1647 3482 supersedimus,
1670 3410 1813 3483 quia
1842 3424 1930 3465 sa-

267 3507 350 3564 tis
371 3519 672 3579 superque
692 3518 729 3559 a
743 3500 1015 3558 Patribus
1038 3498 1179 3555 inde
1199 3501 1404 3555 actum
1426 3498 1928 3572 terminatumque

276 3592 695 3666 cognovimus.
728 3588 1103 3648 Substantias
1131 3603 1275 3645 vero
1315 3586 1664 3644 substantiis
1693 3591 1928 3644 contra-

272 3683 420 3752 rias,
451 3681 642 3738 multa
669 3679 1033 3736 documenta
1057 3681 1234 3734 sunt:
1286 3680 1343 3733 et
1368 3680 1436 3733 ut
1462 3680 1675 3734 caetera
1714 3680 1929 3750 priete-

272 3788 467 3843 ream,
496 3770 880 3845 perspicuum
907 3772 996 3826 est
1035 3783 1261 3841 aquam
1309 3766 1455 3839 igni,
1502 3766 1706 3839 ignem
1759 3784 1931 3841 aquae

274 3861 574 3934 lignisque
602 3862 661 3916 et
681 3857 907 3915 caeteris
934 3855 1309 3913 terrestribus
1340 3855 1604 3913 materiis
1629 3872 1642 3910 :
1694 3861 1932 3913 contra-

272 3952 438 4011 rium
463 3964 766 4007 venenum
788 3947 1040 4014 homini,
1070 3946 1324 4003 salivam
1351 3945 1615 4010 hominis
1645 3945 1750 4001 diu
1777 3946 1934 4018 jeju-

276 4040 480 4099 nantis
508 4037 793 4112 serpenti,
842 4036 1152 4093 hominem
1195 4034 1447 4105 homini,
1487 4033 1802 4091 diabolum
1825 4033 1936 4093 ho«

278 4128 512 4200 mini,et
538 4132 752 4185 caetera
778 4124 1346 4198 hujusmodi.Deum
1372 4139 1518 4181 vero
1546 4123 1777 4181 naturis
1808 4139 1845 4181 a
1876 4141 1939 4180 se

282 4218 497 4277 creatis
527 4217 591 4274 in
604 4220 839 4274 tantum
867 4230 991 4272 non
1005 4231 1137 4272 esse
1154 4214 1542 4283 contrarium,
1558 4213 1622 4270 in
1641 4217 1940 4287 quantum

2026 3056 2090 3113 in
2128 3070 2199 3112 ea
2229 3070 2370 3110 cum
2417 3070 2489 3112 ea
2534 3053 2865 3127 conditum,
2900 3055 3007 3112 sed
3050 3057 3203 3113 sicut
3228 3072 3340 3115 sua
3375 3057 3683 3116 voluntate

2029 3144 2275 3219 pr0pria
2301 3144 2631 3217 depravata
2656 3148 2744 3201 est
2772 3161 2843 3202 ac
2869 3144 3109 3203 vitiata:
3151 3161 3273 3219 quo
3301 3151 3478 3220 pacto
3506 3148 3688 3219 igitur

2032 3234 2216 3292 solius
2239 3233 2563 3291 voluntatis
2592 3238 2907 3307 peccatum
2951 3250 3083 3292 esse
3125 3235 3359 3305 dicitur,
3409 3254 3550 3295 cum
3578 3254 3687 3296 vo-

2030 3324 2229 3381 luntas
2245 3339 2353 3397 per
2373 3339 2435 3379 se
2462 3323 2796 3381 substantia
2806 3340 2930 3381 non
2959 3324 3064 3381 sit?
3080 3324 3137 3381 Si
3163 3341 3305 3398 ergo
3329 3330 3546 3385 natura
3563 3343 3692 3386 non

2033 3416 2143 3481 est,
2177 3412 2445 3487 sequitur
2464 3416 2528 3469 ut
2556 3428 2664 3486 per
2692 3429 2754 3470 se
2776 3413 2927 3471 sicut
2953 3428 3077 3471 non
3099 3413 3440 3485 subsistere,
3471 3416 3554 3475 ita
3579 3433 3695 3475 nec

2034 3502 2184 3559 velle
2212 3502 2361 3559 boni
2391 3502 2620 3576 aliquid
2650 3502 2746 3560 vel
2771 3502 2916 3559 mali
2937 3519 3049 3561 nec
3075 3519 3326 3577 operare
3362 3505 3570 3579 possit.
3598 3508 3698 3565 Est

2038 3596 2243 3650 autem
2269 3594 2552 3651 voluntas
2578 3597 2810 3651 naturae
2840 3593 3257 3667 alicujus,vu1t
3284 3611 3427 3667 ergo
3458 3600 3697 3671 natura,

2038 3682 2134 3741 vel
2161 3684 2394 3741 bonum
2419 3700 2493 3741 ex
2512 3686 2655 3756 Deo,
2672 3683 2769 3740 vel
2790 3683 3024 3741 malum
3046 3699 3120 3740 ex
3142 3699 3224 3740 se.
3251 3686 3350 3741 Est
3367 3685 3547 3757 igitur
3564 3700 3703 3761 pec'
3743 3716 3748 3721 ν

2044 3777 2247 3829 catum
2293 3777 2525 3829 natura;
2569 3772 2787 3828 vitiatae
2835 3776 3017 3844 atque
3046 3770 3409 3844 depravatae,
3447 3774 3702 3832 volentis

2047 3860 2214 3934 quod
2241 3859 2337 3915 vel
2367 3858 2641 3915 conditor
2684 3858 3011 3931 prohibuit,
3043 3858 3136 3914 vel
3171 3859 3323 3915 ratio
3352 3863 3408 3915 et
3432 3860 3704 3932 probitas

2047 3946 2386 4004 disssuasit.
2404 3945 2695 4012 Quocirca
2720 3945 2854 4017 jure
2884 3943 3132 4018 punitur
3155 3949 3393 4015 natura,
3423 3947 3595 4019 cujus
3618 3952 3708 4007 est

2048 4040 2242 4094 totum
2287 4034 2458 4108 quod
2509 4050 2620 4091 sua
2658 4032 2906 4107 propria
2956 4031 3263 4092 voluntate
3318 4035 3703 4111 delinquitur.

2048 4125 2214 4183 Unde
2241 4128 2299 4182 et
2325 4123 2644 4198 Apostolus
2672 4127 2914 4179 monet:
2956 4123 3092 4182 Non
3132 4132 3339 4197 regnet
3392 4133 3710 4198 peccatum

2050 4216 2115 4272 in
2133 4220 2324 4273 vestro
2340 4213 2589 4271 mortali
2611 4228 2881 4287 corpore,
2904 4217 2970 4270 ut
2990 4212 3279 4271 obediatis
3300 4218 3714 4288 concupiscen-

287 4309 370 4367 ab
398 4324 470 4366 eo
501 4310 712 4365 creatas
743 4308 918 4375 sunt;
952 4304 1015 4361 in
1064 4320 1135 4361 eo
1183 4307 1387 4361 autem
1415 4303 1581 4378 quod
1619 4303 1698 4361 ab
1742 4320 1814 4362 eo
1846 4321 1940 4361 su—
1970 4341 2017 4394 D
2057 4305 2154 4361 liis
2185 4304 2455 4375 ejus.Sec
2485 4319 2674 4377 neque
2693 4303 3021 4361 exhibeatis
3036 4304 3303 4362 membra
3320 4312 3520 4364 vestra
3540 4323 3715 4366 arma

286 4396 623 4474 perbiendo
659 4394 996 4466 discedunt,
1046 4409 1171 4451 non
1219 4392 1417 4450 solum
1459 4393 1942 4464 rationabilibus,

290 4501 510 4544 verum
538 4485 716 4542 etiam
743 4482 1251 4541 irrationabilibus
1285 4481 1438 4541 adeo
1465 4483 1797 4541 contrarius
1822 4484 1949 4556 jus-

297 4573 442 4632 titiae
471 4573 742 4646 aequitate
778 4572 1130 4638 ostenditur,
1156 4575 1223 4628 ut
1266 4570 1400 4628 illas
1421 4571 1556 4643 jure
1599 4571 1952 4645 praevarica-

298 4662 479 4721 tionis
506 4662 975 4732 transgressione
995 4659 1232 4735 plectat,
1257 4663 1315 4716 et
1341 4659 1454 4716 has
1480 4658 1719 4716 illorum
1740 4661 1953 4718 merito

2056 4394 2391 4467 iniquitatis
2406 4393 2784 4464 peccato,sed
2797 4393 3070 4451 exhibete
3083 4408 3184 4451 vos
3202 4395 3322 4450 Deo
3342 4400 3624 4468 tanquam
3640 4412 3717 4454 ea:

2060 4484 2309 4539 mortuis
2338 4484 2623 4550 viventes,
2659 4487 2717 4539 et
2744 4482 3006 4540 membra
3047 4487 3246 4540 vestra
3274 4497 3444 4539 arma
3460 4482 3719 4552 justitiae

2059 4573 2177 4627 Deo
2207 4571 2397 4639 (Rom.
2423 4585 2504 4639 v1,
2528 4574 2612 4641 t2,
2647 4570 2753 4642 t3).
2780 4573 2847 4627 Et
2868 4588 3111 4628 rursum
3136 4588 3149 4627 :
3189 4570 3399 4627 Omnes
3431 4570 3586 4627 enim
3611 4582 3723 4628 nos

2062 4659 2448 4729 manifestari
2459 4664 2691 4728 oportet
2704 4664 2846 4717 ante
2858 4660 3131 4717 tribunal
3151 4660 3473 4724 Christi,ut
3492 4660 3723 4731 referat
3760 4722 3765 4731 ,

294 4752 396 4810 vel
422 4751 636 4825 perdat
662 4752 757 4808 vel
784 4751 846 4808 in
862 4749 1125 4808 deterius
1146 4751 1499 4806 commutet:
1527 4748 1678 4804 utin
1702 4749 1951 4819 diluvio,
2064 4748 2469 4820 unusquisque
2493 4749 2745 4818 propria
2765 4750 3237 4819 corporis,prout
3266 4751 3466 4821 gessit,
3482 4750 3606 4808 sive
3632 4750 3726 4809 bo-

301 4841 580 4901 Sodomis
624 4845 682 4898 et
722 4841 926 4898 multis
956 4840 1087 4897 aliis
1133 4842 1427 4896 terrarum
1474 4836 1637 4895 orbis
1682 4837 1956 4910 partibus
2064 4854 2230 4908 num,
2256 4838 2378 4894 sive
2405 4839 2634 4895 malum
2665 4837 2749 4909 (II
2774 4837 2892 4894 Cor
2919 4855 2977 4908 v,
3015 4839 3119 4912 10).
3148 4842 3218 4896 Et
3244 4840 3460 4897 iterum
3490 4860 3502 4897 :
3531 4842 3714 4900 Nesci

299 4930 530 4988 factum
559 4929 819 5002 legimus
839 4928 1305 5001 faciendumque
1333 4926 1396 4983 in
1414 4926 1639 4998 judicio
1656 4927 1958 4984 credimus
2069 4929 2142 4984 tis
2181 4927 2464 4999 quoniam
2487 4942 2741 4997 corpora
2769 4933 2968 4985 vestra
3006 4930 3273 4987 membra
3301 4931 3527 4989 Christi
3565 4938 3732 5005 sunt_

299 5022 360 5076 et
386 5024 778 5093 expectamus
805 5019 948 5075 dicit
966 5018 1150 5075 etiam
1170 5015 1488 5090 Apostolus
1513 5034 1527 5074 :
1562 5018 1720 5075 Caro
1749 5033 1961 5075 concu-
2078 5017 2314 5073 Totlens
2336 5031 2476 5087 ergo
2496 5016 2760 5073 membra
2779 5015 3008 5074 Christi
3020 5018 3251 5088 faciam
3266 5020 3531 5078 membra
3551 5036 3729 5091 mere,

294 5110 479 5181 piscit
508 5110 795 5167 adversus
821 5109 1121 5180 spiritum,
1154 5113 1211 5164 et
1239 5107 1486 5178 spiritus
1515 5109 1801 5165 adversus
1831 5122 1963 5165 car—
2076 5108 2276 5164 tricis!
2295 5106 2486 5162 Absit.
2511 5105 2608 5162 An
2630 5107 2866 5164 nescitis
2889 5108 3169 5179 quoniam
3196 5110 3303 5181 qui
3329 5110 3598 5167 adhaeret
3620 5126 3735 5167 me-

303 5217 458 5258 nem.
489 5203 641 5260 Htec
661 5202 817 5259 enim
847 5201 964 5258 sibi
981 5201 1233 5258 invicem
1280 5200 1701 5270 adversantur,
1751 5205 1818 5256 ut
1844 5216 1963 5257 non
2079 5196 2305 5266 retrici,
2320 5211 2506 5252 unum
2528 5210 2743 5267 corpus
2764 5197 3065 5267 efﬁcitur:
3092 5198 3297 5256 Erunt
3326 5202 3501 5267 enim,
3519 5198 3733 5269 inquit,

303 5308 697 5366 quaecunque:
721 5293 1053 5358 vultis,itla
1078 5291 1321 5362 faciatis
1351 5288 1690 5363 (Gal.v,t7);
1724 5282 1981 5344 etitemz’
2084 5287 2201 5343 duo
2230 5287 2295 5343 in
2346 5301 2530 5343 carne
2554 5302 2679 5343 una
2729 5285 2904 5357 (Ibid.
2942 5288 3025 5357 15,
3055 5288 3160 5362 t6).
3194 5292 3259 5345 Et
3315 5287 3604 5344 Dominus
3633 5302 3743 5360 per

323 5382 504 5440 Video
533 5388 733 5441 autem
764 5383 952 5440 aliam
979 5382 1164 5453 legem
1192 5380 1256 5437 in
1298 5378 1577 5436 membris
1615 5391 1756 5433 meis
1803 5391 1974 5446 repu-
2088 5376 2447 5449 Prophetam
2473 5392 2487 5432 :
2511 5377 2736 5434 Anima
2758 5393 2891 5450 quae
2918 5379 3424 5449 peccaverit,ipsa
3455 5378 3745 5435 morietur

314 5479 601 5544 gnantem
636 5474 756 5545 legi
784 5473 997 5530 mentis
1026 5486 1168 5528 meae
1197 5476 1253 5528 et
1300 5469 1605 5540 captivum
1632 5480 1726 5522 me
1762 5465 1980 5523 ducen-
2095 5466 2331 5534 (Ezech.
2350 5466 2598 5539 xvm,4).
2632 5466 2755 5523 Hac
2781 5467 3011 5524 ratione
3039 5467 3424 5540 syllogismus
3455 5471 3592 5525 tuus
3621 5480 3746 5521 non

324 5567 441 5619 tem
472 5563 537 5618 in
560 5562 688 5636 lege
710 5563 1102 5635 peccati,quae
1126 5566 1211 5619 est
1231 5562 1293 5618 in
1317 5557 1594 5616 membris
1613 5556 1757 5614 meis
1790 5557 1978 5626 (Rom.
2095 5552 2577 5628 verissimus,sed
2594 5556 3115 5623 mendosissimus;
3147 5572 3271 5614 non
3290 5552 3619 5630 piissimus,
3639 5552 3748 5608 sed

343 5667 448 5725 vn,
478 5654 577 5723 23)
2079 5641 2502 5719 impiissimus,
2564 5650 2621 5704 et
2649 5646 2953 5705 charitatis
2985 5649 3041 5701 et
3071 5645 3384 5704 catholicae
3428 5642 3569 5699 ﬁdei
3622 5655 3748 5698 non

750 5743 999 5802 Puaon.
1040 5744 1192 5801 CXV.

3252 5735 3323 5788 40
