4116 6186
150 185 281 242 1261

1094 177 1182 230 DE
1222 172 1882 234 PRIEDESTINATIONB
1918 170 2205 230 CONTRA
2242 173 2288 228 J.
2333 174 2623 232 SCOTUM.

3433 188 3452 240 l
3463 190 3569 246 268

146 306 334 364 homo
363 306 475 374 est,
503 300 652 360 tales
691 302 863 358 actus
894 297 1077 357 habet
1105 317 1116 365 ;
1167 297 1215 356 si
1253 299 1454 357 bonus
1482 298 1666 355 homo
1697 299 1803 363 est,
1836 293 1885 347 Α
1917 295 2094 366 ﬁunt,
2125 301 2180 353 et
2223 297 2285 353 in
2331 297 2420 355 his
2477 300 2583 372 qui
2632 307 2926 373 pereunt;
2953 302 3310 375 quibusdam
3329 309 3573 379 quidem

145 395 342 453 bonos
363 395 535 450 actus
555 389 744 450 habet
776 407 790 458 ;
823 387 872 443 si
903 387 1101 446 malus
1126 388 1310 445 homo
1342 391 1449 456 est,
1484 385 1676 444 malos
1707 400 1806 442 ac-

146 486 242 540 tus
273 480 462 539 habet
494 497 508 548 ;
539 493 665 538 non
693 480 890 552 potest
932 475 1134 533 bonus
1190 475 1376 535 homo
1416 475 1610 534 malos
1641 478 1808 532 actus

146 569 394 634 habere.
422 584 535 626 nec
553 566 755 624 malus
785 565 973 623 homo
999 564 1194 623 bonos
1238 569 1406 623 actus
1435 563 1703 636 habere.]

221 661 264 733 -ι-
286 658 454 717 Idem
481 658 556 715 de
589 656 798 716 Scriba
825 653 1058 712 erudito
1093 671 1105 710 :
1131 650 1456 729 [Quidquid
1477 655 1660 712 homo
1685 667 1812 708 ma-

148 747 248 804 lus
268 747 344 806 de
376 746 554 805 corde
584 762 695 803 suo
725 744 970 819 profert.
996 743 1227 800 malum
1257 749 1369 808 est,
1392 743 1474 800 ibi
1495 743 1656 800 enim
1687 741 1812 798 the-

153 853 376 894 saurus
423 835 620 894 malus
656 851 669 888 :
711 833 1011 907 quidquid
1051 837 1252 890 autem
1298 832 1482 890 homo
1512 831 1712 889 bonus
1739 827 1814 884 de

152 926 336 984 corde
357 942 468 983 suo
489 924 714 1000 profert
729 924 965 980 bonum
979 922 1180 980 est.Ibi
1206 926 1294 980 est
1309 921 1469 980 enim
1499 921 1814 978 thesaurus

150 1016 400 1092 bonus,]
430 1016 465 1084 τ
497 1019 638 1075 Item
673 1011 842 1089 quod
865 1029 939 1070 ex
965 1011 1163 1068 verbis
1187 1009 1568 1084 S.Augustini
1592 1008 1768 1084 ponis
1799 1025 1813 1065 :

725 1153 976 1194 JOANNBS
1017 1151 1244 1193 SCOTUB.

234 1247 402 1320 (Cap.
435 1249 519 1312 ίϐ,
552 1260 723 1302 num.
764 1248 848 1315 I7,
891 1247 1031 1299 sect.
1076 1244 1155 1316 5.)
1182 1247 1221 1296 Θ
1263 1243 1479 1300 Vitium
1521 1256 1660 1312 ergo
1690 1241 1816 1301 ani-

157 1350 270 1391 mas
313 1341 395 1391 est
422 1335 582 1409 quod
636 1335 804 1406 fecit,
859 1339 913 1391 et
957 1333 1294 1403 difficultas
1336 1347 1411 1389 ex
1443 1333 1584 1388 vitio
1633 1347 1814 1403 paena

155 1438 340 1495 quam
385 1425 640 1494 patitur.
675 1426 739 1478 Et
765 1438 1005 1478 rursum
1063 1438 1076 1476 :
1143 1421 1298 1490 Quid
1323 1427 1404 1478 est
1437 1423 1592 1478 enim
1642 1423 1819 1479 dolor

161 1514 268 1584 qui
295 1513 524 1569 dicitur
568 1512 853 1582 corporis,
887 1512 1005 1566 nisi
1049 1512 1356 1580 corruptio
1389 1513 1702 1580 repentina
1724 1527 1815 1568 sa-

162 1602 306 1657 lutis
332 1606 461 1671 ejus
491 1601 583 1659 rei
599 1616 777 1674 quam
805 1601 960 1656 male
992 1599 1208 1655 utendo
1239 1599 1441 1656 anima
1485 1602 1814 1669 corruptio-

163 1691 341 1748 nibus
380 1691 729 1747 obnoxiavit
761 1691 788 1748 ?
820 1689 974 1756 Quid
1012 1695 1209 1746 autem
1241 1689 1414 1745 dolor
1466 1691 1570 1762 qui
1594 1690 1819 1746 dicitur

163 1779 361 1836 animi
381 1780 502 1836 nisi
523 1794 730 1836 carere
753 1779 1142 1835 mutabilibus
1174 1779 1349 1834 rebus
1394 1779 1609 1851 quibus
1652 1779 1818 1849 frue-

164 1868 346 1924 batur
374 1873 481 1924 aut
507 1868 642 1939 frui
668 1882 730 1923 se
754 1882 922 1938 posse
951 1866 1230 1935 sperabat
1255 1870 1283 1921 ?
1330 1867 1458 1923 Hoc
1509 1871 1595 1924 est
1635 1871 1817 1923 totum

163 1957 324 2030 quod
378 1957 604 2013 dicitur
652 1957 903 2026 malum,
956 1956 1020 2011 id
1073 1961 1157 2012 est
1210 1962 1519 2026 peccatum
1560 1961 1614 2014 et
1637 1971 1819 2027 paena

172 2046 422 2115 peccati.
459 2049 520 2102 Et
541 2045 728 2119 paulo
759 2045 1036 2117 superius
1082 2061 1095 2099 :
1151 2045 1320 2113 Quod
1345 2061 1501 2102 mors
1528 2061 1649 2102 non
1678 2048 1753 2102 sit
1784 2062 1824 2103 a

179 2134 506 2205 Deo(Aug.,
534 2137 605 2193 de
633 2135 999 2206 veraReiig.,
1037 2150 1213 2207 capp.
1242 2138 1311 2190 20
1337 2140 1394 2192 et
1430 2138 1534 2204 I2).

830 2257 1154 2298 CORRECTIO.

243 2350 287 2418 1-
319 2350 390 2405 Ut
425 2348 566 2405 hinc
595 2348 838 2422 colligas
871 2352 1056 2406 Deum
1074 2365 1198 2407 non
1220 2349 1433 2423 punire
1465 2349 1633 2423 quod
1658 2365 1823 2406 crea-

173 2436 344 2504 verit,
381 2453 491 2494 nec
517 2436 696 2497 aliam
734 2442 1011 2496 naturam
1064 2438 1142 2494 ab
1183 2438 1302 2495 alia
1351 2444 1568 2496 natura
1603 2439 1824 2515 puniri,

175 2540 291 2582 nec
313 2525 501 2584 ullam
528 2542 766 2602 pinnam
797 2542 835 2584 a
858 2528 974 2583 Deo
998 2526 1444 2602 factam,neque
1456 2528 1534 2585 ab
1555 2545 1626 2585 eo
1646 2544 1831 2604 pries-

179 2615 381 2684 citam,
411 2632 612 2691 neque
631 2617 1135 2691 praedestinatum.
1187 2618 1388 2675 Primo
1419 2618 1694 2676 omnium
1714 2617 1831 2675 vel-

171 2703 294 2762 lem
327 2705 498 2779 tepie
545 2706 853 2764 advertere
899 2712 1174 2766 sanctum
1211 2707 1632 2778 Augustinum,
1676 2707 1834 2768 sicut

83 2821 90 2828 -
173 2793 308 2868 ipse
332 2793 549 2853 fatetur
574 2794 952 2871 proﬁcienter
983 2797 1381 2872 scripsisse,et
1400 2795 1579 2853 nulla
1609 2801 1735 2854 tam
1757 2811 1832 2852 ex

177 2881 392 2942 eodem
419 2881 571 2943 libro
599 2886 770 2958 cujus
801 2891 890 2944 est
914 2885 1116 2943 titulus
1150 2903 1162 2941 :
1216 2886 1290 2943 de
1330 2902 1473 2944 vera
1502 2885 1829 2956 Religione,

174 2987 251 3028 ex
276 2987 400 3047 quo
439 2971 552 3031 ista
579 2973 992 3048 decerpseras,
1023 2991 1210 3046 quam
1240 2990 1314 3030 ex
1346 2974 1478 3032 aliis
1508 2975 1632 3031 suis
1660 2974 1829 3031 volu—
1867 3014 1907 3071 Ο

176 3060 447 3118 minibus
467 3067 838 3132 retractasse,
865 3079 1127 3138 quorum
1159 3079 1346 3120 unum
1377 3062 1456 3119 ad
1488 3067 1701 3119 caetera
1732 3080 1829 3119 so-

177 3148 310 3207 brie
347 3151 716 3226 providenda
759 3152 1034 3226 posuisse
1086 3150 1402 3208 sufﬁceret.
1453 3150 1627 3217 Quod
1655 3151 1831 3209 etiam

180 3239 439 3297 antehac
493 3240 768 3314 posuisse
817 3256 917 3295 me
966 3240 1164 3296 recolo
1203 3239 1401 3311 (Aug,
1433 3242 1695 3297 Retract.
1728 3239 1767 3296 1.
1795 3255 1834 3310 ι,

181 3342 322 3402 cap.
349 3331 465 3397 2t).
497 3326 890 3401 {Alio,inquit,
921 3326 1055 3382 loco
1084 3327 1206 3383 dixi
1257 3343 1270 3382 :
1323 3327 1549 3384 Nullius
1581 3332 1836 3385 mortem

178 3418 344 3472 Deus
375 3416 606 3489 quaerit,
637 3415 804 3491 quod
852 3415 902 3472 si
942 3414 1358 3488 accipiendum
1387 3421 1494 3479 est,
1544 3417 1688 3490 quia
1728 3417 1841 3474 sibi

179 3506 370 3564 homo
401 3504 719 3579 acquisivit
742 3510 994 3562 mortem
1025 3503 1306 3562 deserens
1339 3505 1610 3573 Deum,ct
1633 3507 1839 3582 acqui-

181 3596 260 3653 rit
279 3595 384 3669 qui
409 3610 534 3652 non
552 3594 801 3667 requirit
822 3596 954 3668 (aL,
975 3593 1222 3651 recurrit
1249 3593 1348 3668 ad]
1376 3597 1560 3652 Deum
1587 3615 1598 3652 :
1625 3612 1839 3653 secun-

183 3685 335 3742 dum
365 3684 530 3760 quod
562 3684 851 3759 scriptum
881 3689 973 3744 est
1005 3702 1016 3740 :
1050 3686 1208 3742 Deus
1238 3691 1483 3743 mortem
1509 3702 1629 3743 non
1649 3687 1794 3758 fecit
1819 3701 1844 3759 ,ο

187 3773 295 3832 sed
326 3773 505 3833 etiam
526 3772 672 3829 illud
690 3789 813 3830 non
843 3773 1044 3830 minus
1070 3789 1281 3830 verum
1314 3778 1422 3846 est,
1440 3776 1571 3833 Vita
1597 3782 1650 3832 et
1683 3791 1842 3832 mors

187 3879 225 3921 a
253 3864 509 3920 Domino
540 3868 650 3924 Deo
680 3868 764 3920 est
793 3863 1002 3936 (Eccli.
1029 3867 1206 3932 xuii)
1243 3863 1396 3920 :vita
1428 3853 1650 3921 scilicet
1676 3881 1713 3922 a
1738 3862 1843 3922 do-

187 3955 394 4019 nante,
421 3968 585 4009 mors
614 3968 653 4010 a
688 3950 1073 4025 vindicante.)
1097 3955 1136 4024 -ι-
1164 3952 1326 4009 Idem
1358 3954 1418 4010 in
1450 3953 1602 4009 libro
1634 3959 1843 4011 contra

189 4041 606 4101 adversarium
636 4041 784 4115 legis
815 4046 872 4099 et
907 4042 1338 4118 prophetarum
1371 4041 1427 4114 (1.
1451 4044 1679 4110 i,c.23).
1703 4039 1842 4112 [Sed

185 4131 318 4206 ipse
348 4131 662 4199 Dominus,
683 4131 896 4206 inquit,
934 4147 1042 4207 per
1063 4131 1352 4189 eumdum
1378 4130 1739 4203 prophetam
1762 4129 1844 4186 fa-

191 4225 350 4280 tetur
387 4224 447 4276 et
474 4219 616 4278 dicit
672 4237 686 4275 :
746 4221 877 4291 Ego
931 4236 1059 4278 sum
1112 4221 1269 4278 Deus
1302 4221 1537 4291 faciens
1580 4219 1755 4292 bona,
1788 4224 1844 4276 et

189 4324 406 4371 creans
429 4311 596 4367 maia
627 4309 765 4382 (Isa.
794 4326 929 4374 XLV,
951 4309 1028 4382 7).
1060 4312 1144 4366 Ita
1173 4309 1372 4384 plane,
1404 4309 1532 4382 ipse
1563 4313 1650 4366 est
1683 4308 1845 4367 enim

188 4398 451 4467 Deua,de
479 4414 602 4472 quo
630 4398 775 4456 dicit
801 4397 1140 4473 Apostolus:
1159 4399 1325 4457 Vides
1356 4413 1496 4472 ergo
1527 4398 1849 4458 bonitatem

193 4493 252 4546 et
283 4488 656 4546 severitatem
680 4489 791 4546 Dei
813 4489 1002 4561 (Rom.
1044 4504 1085 4558 ι,
1119 4488 1228 4559 l2),
1258 4487 1384 4544 haec
1405 4494 1606 4545 autem
1638 4487 1852 4544 severi-

194 4580 294 4633 tas
325 4573 458 4646 ejus
488 4573 932 4636 damnabilibus
954 4575 1119 4634 mala
1139 4581 1246 4644 est,
1265 4576 1409 4650 quia
1431 4575 1660 4633 malum
1687 4576 1855 4632 dam-

191 4662 461 4722 nationis
487 4661 606 4721 illis
627 4670 928 4739 importat.
944 4669 1092 4722 Nam
1115 4663 1259 4738 quia
1282 4664 1444 4736 justa
1461 4669 1567 4730 est,
1588 4664 1705 4722 alio
1721 4681 1851 4723 mo-

193 4753 276 4814 do
299 4754 594 4828 reperitur
616 4754 800 4828 bona,
831 4770 1012 4814 omne
1029 4753 1189 4811 enim
1213 4753 1440 4826 justum
1462 4754 1693 4812 bonum
1722 4753 1855 4828 est.]

195 4848 262 4904 Et
289 4845 448 4904 infra
466 4847 840 4918 Augustinus
869 4846 1158 4919 (Ibidem):
1179 4843 1339 4918 [Et,si
1356 4842 1686 4918 aliquando
1716 4859 1855 4900 cum

195 4934 405 5008 aliqua
435 4935 776 4994 differentia
805 4935 1046 5002 dicitur,
1065 4934 1181 4992 hoc
1232 4933 1452 4993 rectius
1481 4937 1677 5009 potest
1705 4932 1854 4991 inte-

193 5040 356 5083 resse
386 5025 554 5100 quod
582 5026 772 5084 dixit:
804 5030 872 5084 ut
893 5026 1090 5083 facere
1140 5025 1214 5083 sit
1241 5023 1409 5100 quod
1439 5021 1689 5084 omnino
1732 5038 1857 5084 non

194 5119 326 5174 erat
347 5133 360 5185 ;
379 5131 582 5174 creare
612 5120 816 5174 autem
846 5131 920 5172 ex
940 5130 1011 5173 eo
1031 5115 1197 5189 quod
1213 5115 1343 5188 jam
1371 5118 1496 5173 erat
1516 5113 1858 5174 ordinando

194 5205 430 5281 aliquid
467 5213 832 5266 construere.
865 5206 1126 5281 Ideoque
1175 5206 1290 5264 hoc
1318 5207 1454 5266 loco
1492 5205 1718 5265 dictum
1749 5209 1857 5275 est,

193 5296 355 5354 Deus
381 5312 593 5356 creans
621 5299 790 5355 mala
811 5297 954 5370 (Isa.
985 5312 1116 5363 XLV,
1145 5298 1222 5370 7),
1282 5296 1574 5371 quoniam
1614 5309 1862 5369 peccan-

195 5383 362 5441 tibus
391 5400 464 5444 ea
493 5385 788 5443 convertit
809 5385 872 5444 in
910 5384 1143 5443 malum
1167 5384 1560 5458 dispositione
1590 5381 1863 5440 severita-

196 5468 274 5527 tis
304 5485 452 5542 suae,
495 5487 633 5547 quia
671 5469 961 5530 bonitatis
997 5469 1127 5543 ejus
1169 5467 1441 5541 largitate
1488 5466 1654 5525 bona
1704 5464 1864 5524 facta

197 5561 365 5616 sunt.
397 5559 565 5618 Unde
611 5561 754 5618 dicit
785 5557 1098 5635 apostolus
1127 5558 1344 5617 Paulus
1371 5577 1383 5614 :
1415 5557 1640 5614 Christi
1679 5557 1862 5616 bonus

197 5647 354 5710 odor
379 5663 584 5709 sumus
615 5652 735 5711 Deo
764 5652 827 5708 in
874 5649 1038 5708 omni
1067 5650 1194 5708 loco
1223 5653 1279 5708 et
1332 5649 1393 5705 in
1436 5647 1526 5704 his
1581 5647 1688 5720 qui
1709 5647 1868 5705 salvi

1920 383 2067 440 odor
2095 386 2233 442 vitae
2256 386 2317 443 in
2349 388 2914 463 vitam,quibusdam
2936 406 3075 450 vero
3101 393 3250 451 odor
3271 398 3480 455 mortis
3506 401 3572 460 in

1920 479 2167 531 mortem
2197 476 2290 548 (II
2313 477 2450 534 Cor.
2497 494 2558 542 ii,
2597 483 2682 547 t5,
2713 480 2820 552 16).
2865 479 2980 539 Sed
3008 497 3149 540 cum
3175 483 3459 544 continuo
3485 503 3574 547 se—

1919 567 2160 635 quatur,
2191 568 2250 622 et
2273 565 2460 624 dicat:
2484 567 2565 623 Et
2593 568 2674 625 ad
2703 567 2830 626 haec
2880 571 3012 642 quis
3060 572 3306 632 idoneus
3353 575 3572 646 (Ibid);

1920 666 2122 708 nonne
2148 652 2475 726 importuni
2501 656 2772 728 quodam
2800 657 2988 716 modo
3036 676 3250 719 sumus
3306 663 3575 734 ingerere

1923 739 2036 796 ista
2091 742 2452 815 carnalibus,
2503 760 2627 803 non
2681 746 2986 818 studiosis,
3028 749 3136 807 sed
3191 753 3577 812 contentionis

1921 823 2274 886 nullomodo
2305 830 2536 889 idoneis
2561 849 2633 892 ea
2661 851 2876 910 capere
2919 853 3056 911 quae
3103 839 3333 897 utinam
3365 841 3576 902 saltem

1923 915 2267 976 desinerent
2291 936 2553 995 carpere.
2575 926 2615 995 1-
2643 925 2804 982 Idem
2825 925 2889 982 in
2914 927 3070 985 libro
3099 929 3174 986 de
3206 929 3444 990 Civitate
3477 931 3578 990 Dei

1926 1022 2003 1060 xu
2023 1010 2097 1074 (c.
2131 1011 2220 1074 3):
2258 1009 2394 1067 Sola
2414 1027 2555 1081 ergo
2572 1012 2736 1072 bona
2763 1014 2986 1073 alicubi
3003 1033 3137 1074 esse
3164 1021 3576 1094 possunt,sola

1924 1094 2087 1152 mala
2116 1112 2452 1171 nusquam;
2490 1100 2780 1173 quoniam
2807 1104 2988 1162 etiam
3025 1111 3255 1166 naturas
3282 1109 3397 1168 illa)
3441 1126 3578 1184 qua

1925 1198 1998 1240 ex
2028 1184 2185 1243 male
2214 1186 2541 1246 voluntatis
2586 1189 2754 1251 initio
2783 1194 2915 1264 (aL,
2946 1195 3114 1268 vitio]
3148 1196 3363 1257 vitiatae
3394 1203 3534 1257 sunt
3561 1217 3576 1269 ε

1925 1271 1984 1327 in
2015 1279 2313 1347 quantum
2345 1277 2563 1335 vitiatae
2590 1286 2750 1346 sunt,
2784 1282 2958 1340 malas
2988 1289 3160 1355 sunt;
3193 1286 3254 1344 in
3280 1293 3578 1360 quantum

1925 1366 2126 1419 autem
2167 1369 2394 1422 naturae
2427 1374 2586 1439 sunt,
2631 1369 2806 1427 bonae
2837 1377 3012 1441 sunt;
3047 1379 3104 1430 et
3131 1391 3272 1432 cum
3297 1376 3359 1434 in
3388 1376 3579 1450 paeni:

1923 1453 2012 1505 est
2051 1453 2267 1508 natura
2304 1453 2541 1521 vitiosa,
2601 1462 2852 1531 excepto
2903 1475 2975 1516 eo
3019 1459 3185 1533 quod
3222 1467 3440 1520 natura
3468 1469 3578 1536 est,

1925 1537 2103 1594 etiam
2132 1538 2248 1595 hoc
2276 1540 2358 1598 ibi
2387 1541 2619 1602 bonum
2642 1550 2751 1616 est,
2780 1545 2948 1620 quod
2972 1548 3270 1622 impunita
3298 1567 3418 1609 non
3442 1557 3534 1609 est
3561 1557 3576 1608 ε

1923 1626 2038 1684 hoc
2059 1628 2220 1685 enim
2252 1629 2610 1706 estjustum,
2662 1639 2717 1693 et
2745 1651 2924 1695 omne
2953 1637 3187 1710 justum
3212 1640 3422 1712 procul
3468 1641 3582 1698 du-

1924 1713 2025 1771 bio
2056 1715 2336 1790 bonum.]

1996 1807 2038 1876 -ι-
2071 1808 2231 1864 Ilanc
2261 1812 2465 1866 tamen
2495 1811 2828 1886 vesaniam,
2861 1829 2985 1888 qua
3013 1815 3241 1875 nullam
3270 1834 3518 1891 pmnam
3545 1837 3584 1877 a

1929 1894 2047 1949 Deo
2080 1896 2365 1969 tantisper
2390 1899 2609 1956 astruis
2641 1898 2885 1968 factam,
2906 1903 3120 1961 beatus
3152 1905 3266 1962 Job
3291 1923 3582 1966 mucrone

1927 1983 2188 2040 veritatis
2217 1985 2442 2044 recidat
2470 1987 2701 2046 dicens:
2725 1991 2796 2048 Si
2811 1992 2964 2049 bona
2988 1996 3349 2065 suscepimus
3365 1998 3439 2054 de
3462 2013 3584 2056 ma-

1930 2087 2013 2128 nu
2033 2073 2293 2142 Domini,
2325 2077 2490 2134 mala
2518 2093 2709 2149 quare
2746 2095 2864 2139 non
2913 2083 3338 2154 suscipiamus?
3365 2085 3497 2157 (Job
3520 2103 3581 2159 ii,

1931 2161 2040 2232 20).
2084 2162 2399 2230 Gregorius
2433 2164 2674 2237 (Morel.
2703 2166 2806 2224 lib.
2840 2187 2924 2238 iu,
2954 2186 3006 2228 c.
3035 2177 3111 2240 7).
3155 2171 3322 2231 bona
3362 2174 3585 2234 scilicet

1931 2249 2096 2306 dona
2125 2251 2225 2308 Dei
2255 2252 2344 2308 vel
2379 2257 2735 2327 temporalia
2765 2258 2858 2316 vel
2887 2264 3131 2330 aeterna,
3175 2263 3341 2322 mala
3379 2269 3582 2325 autem

1933 2337 2169 2409 ﬂagella
2197 2343 2513 2413 praesentia
2534 2345 2883 2419 appellans;
2926 2348 3002 2406 de
3048 2351 3270 2423 quibus
3301 2369 3410 2426 per
3440 2354 3584 2412 Pro-

1933 2427 2179 2500 phetam
2205 2431 2491 2488 Dominus
2511 2432 2685 2491 dicit:
2710 2436 2836 2508 Ego
2851 2439 3149 2509 Dominus,
3170 2447 3370 2500 etnon
3395 2449 3477 2500 est
3499 2445 3589 2501 al-

1937 2522 2027 2575 ter
2050 2517 2326 2587 formans
2358 2521 2546 2578 lucem
2572 2529 2627 2581 et
2659 2540 2867 2583 creans
2907 2530 3200 2600 tenebras,
3227 2532 3458 2603 faciens
3478 2548 3591 2604 pa-

1938 2621 2083 2673 cem,
2116 2613 2170 2665 et
2216 2624 2426 2666 creans
2455 2614 2621 2670 mata
2651 2615 2795 2682 (Isa.
2847 2632 2981 2682 XLV,
3017 2619 3104 2691 7):
3155 2622 3381 2694 [Neque
3425 2623 3589 2680 enim

1936 2695 2098 2754 mala
2126 2713 2262 2770 quae
2293 2698 2459 2757 nulla
2488 2717 2599 2759 sua
2647 2706 2866 2762 natura
2907 2705 3242 2766 subsistunt
3270 2726 3306 2767 a
3336 2711 3592 2770 Domino

1938 2790 2234 2856 creantur,
2259 2787 2363 2844 sed
2385 2804 2586 2846 creare
2618 2807 2682 2847 se
2706 2793 2870 2851 mala
2890 2795 3178 2853 Dominus
3206 2797 3433 2857 indicat
3451 2817 3592 2860 cum

1936 2889 2032 2963 res
2058 2873 2210 2931 bene
2241 2877 2514 2934 conditas
2541 2879 2717 2936 nobis
2739 2883 2896 2940 male
2927 2885 3248 2956 agentibus
3277 2887 3340 2944 in
3390 2889 3594 2960 ﬂagel-
3622 2940 3640 2963 ,

1938 2962 2066 3021 lum
2095 2963 2333 3036 format,
2359 2972 2422 3022 ut
2438 2969 2676 3042 eaipsa,
2700 2975 2757 3028 et
2776 2987 2884 3045 per
2912 2972 3182 3032 dolorem
3207 2991 3330 3048 quo
3351 2977 3590 3047 feriunt,

1941 3052 2428 3126 delinquentibus
2478 3056 2641 3116 mala
2705 3059 2846 3128 sint,
2874 3067 2949 3136 .et
3006 3078 3114 3136 per
3161 3069 3442 3122 naturam
3468 3083 3595 3139 qua

1942 3141 2427 3213 existunt,bona:
2459 3147 2617 3203 unde
2639 3152 2698 3206 et
2719 3165 3020 3208 venenum
3046 3168 3212 3210 mors
3231 3154 3481 3227 quidem
3501 3161 3596 3212 est

1942 3228 2196 3303 homini,
2220 3233 2325 3289 sed
2354 3239 2556 3291 tamen
2584 3237 2706 3294 vita
2733 3239 3235 3314 serpenti.Amore
3261 3243 3424 3300 enim
3447 3258 3595 3318 pres-

1947 3319 2208 3376 sentium
2237 3321 2315 3378 ab
2346 3324 2604 3382 auctoris
2633 3327 2821 3385 nostri
2862 3327 3176 3387 dilectione
3200 3331 3598 3406 recessimus,

1946 3415 2002 3466 et
2029 3427 2310 3484 perversa
2341 3430 2531 3482 mens,
2576 3416 2724 3473 dum
2768 3417 3146 3480 delectationi
3192 3426 3481 3480 creaturae
3536 3438 3601 3482 se

1949 3499 2236 3566 subdidit,
2265 3519 2302 3559 a
2333 3504 2622 3564 Creatoris
2649 3506 2928 3568 societate
2954 3507 3266 3583 disjunxit.
3290 3513 3375 3568 Ex
3402 3511 3498 3572 his
3517 3527 3606 3570 er-

1950 3602 2026 3658 go
2049 3587 2126 3644 ab
2155 3593 2398 3648 auctore
2425 3591 2694 3653 ferienda
2749 3601 2896 3664 erat,
2940 3613 3076 3672 qua:
3117 3615 3326 3657 errans
3371 3594 3604 3660 auctori

1950 3686 2391 3751 praeposuerat;
2423 3687 2490 3741 ut
2515 3683 2674 3742 unde
2717 3687 2902 3744 homo
2946 3687 3188 3762 culpam
3232 3705 3360 3746 non
3409 3689 3608 3750 timuit

1951 3767 2249 3840 superbus
2272 3771 2582 3831 admittere
2607 3793 2620 3845 ;
2651 3775 2791 3834 inde
2815 3793 3058 3850 paenam
3089 3779 3480 3850 corrigendus
3512 3781 3606 3838 in-

1948 3856 2202 3927 veniret;
2226 3862 2283 3914 et
2312 3863 2477 3917 tanto
2505 3862 2675 3919 citius
2704 3864 3074 3936 resipisceret
3104 3866 3181 3920 ad
3203 3865 3306 3922 illa
3325 3881 3462 3938 quas
3478 3883 3608 3940 per-

1949 3944 2119 4012 didit,
2142 3947 2390 4019 quando
2423 3947 2652 4005 doloris
2684 3950 2866 4022 plena
2895 3967 3024 4008 esse
3068 3952 3439 4026 conspicere,
3467 3969 3610 4028 qua

1949 4031 2246 4106 quaesivit.
2274 4033 2440 4092 Unde
2470 4041 2526 4093 et
2571 4035 2728 4094 bene
2755 4037 2972 4096 dicitur
2993 4041 3269 4111 formans
3311 4043 3524 4118 lucem,
3553 4048 3610 4102 et

1951 4138 2161 4180 creans
2190 4124 2487 4198 tenebras,
2517 4123 2662 4201 quia
2682 4143 2819 4184 cum
2844 4143 2949 4202 per
2973 4128 3211 4203 ﬂagella
3237 4131 3496 4190 exterius
3506 4133 3614 4198 do.

1951 4208 2094 4268 loris
2119 4212 2382 4272 tenebrae
2416 4221 2714 4288 creantur,
2758 4215 2920 4275 lntus
2949 4235 3058 4294 per
3083 4219 3482 4279 eruditionem
3508 4222 3614 4284 lux

1955 4301 2172 4359 mentis
2201 4302 2564 4362 accenditur:
2597 4304 2848 4365 Faciens
2863 4308 3074 4380 pacem
3103 4315 3158 4368 et
3187 4325 3397 4368 creans
3424 4313 3615 4386 mala;

1957 4391 2103 4465 quia
2129 4397 2272 4452 tunc
2303 4394 2479 4454 nobis
2509 4413 2629 4471 pax
2661 4415 2801 4456 cum
2828 4398 2948 4456 Deo
2993 4400 3282 4470 redditur,
3315 4417 3455 4458 cum
3483 4401 3615 4460 haec

1961 4496 2098 4554 quae
2119 4481 2275 4541 bene
2300 4490 2441 4542 sunt
2469 4484 2734 4559 condita,
2778 4487 2884 4544 sed
2913 4505 3036 4546 non
3065 4488 3222 4546 bene
3273 4490 3614 4563 concupita,

1961 4566 2024 4623 in
2063 4587 2135 4644 ea
2163 4587 2300 4646 quae
2330 4573 2508 4630 nobis
2526 4573 2689 4632 mala
2714 4581 2853 4632 sunt
2873 4576 3114 4649 ﬂagella
3142 4581 3470 4636 vertuntur.
3508 4581 3616 4635 Per

1963 4657 2205 4733 culpam
2230 4661 2456 4735 quippe
2480 4660 2600 4718 Deo
2629 4661 2936 4720 discordes
2967 4665 3300 4722 exstitimus
3324 4682 3338 4720 :
3361 4663 3615 4736 dignum

1964 4764 2105 4820 ergo
2131 4752 2220 4804 est
2245 4753 2311 4805 ut
2339 4750 2417 4806 ad
2445 4767 2661 4824 pacem
2685 4749 2843 4808 illius
2874 4768 2981 4824 per
3009 4752 3247 4824 ﬂagella
3271 4752 3614 4828 redeamus;

1965 4841 2048 4910 ut,
2080 4854 2220 4895 cum
2251 4854 2634 4914 unaquaeque
2648 4857 2742 4898 res
2765 4840 2916 4900 bene
2942 4841 3186 4902 condita
3221 4843 3397 4902 nobis
3429 4841 3495 4901 in
3514 4845 3621 4904 do-

1963 4925 2155 4986 lorem
2184 4931 2462 4998 vertetur,
2495 4927 2742 4988 correcti
2790 4946 2960 4988 mens
2993 4931 3076 4988 ad
3105 4933 3370 4990 auctoris
3400 4949 3618 5008 pacem

1965 5012 2270 5075 humiliter
2291 5017 2663 5075 reformatur.
2714 5017 2847 5075 Haec
2891 5017 3094 5094 itaque
3130 5019 3368 5094 ﬂagella
3407 5021 3623 5082 beatus

1968 5105 2091 5163 Job
2111 5105 2275 5164 mala
2310 5105 2602 5175 nominat,
2634 5105 2782 5180 quia
2810 5106 3018 5166 salutis
3063 5114 3120 5168 et
3176 5112 3623 5187 tranquillitatis

1969 5195 2202 5254 bonum
2221 5212 2346 5272 qua
2374 5194 2823 5270 perturbatione
2849 5197 3066 5257 feriant
3093 5207 3327 5275 pensat.

2041 5287 2082 5356 -ξι
2112 5284 2192 5342 De
2221 5283 2678 5343 difﬁcultatibus
2705 5290 2911 5345 tamen
2952 5292 3133 5363 atque
3177 5290 3462 5364 peccatis,
3489 5305 3626 5365 qum

1974 5374 2254 5432 dicuntur
2281 5391 2406 5434 non
2433 5372 2630 5434 solum
2658 5382 2928 5450 peccata,
2954 5377 3065 5439 sed
3093 5383 3152 5438 et
3178 5395 3373 5454 pinnae
3418 5395 3632 5455 pecca-

1979 5471 2200 5534 torum,
2225 5466 2394 5543 quod
2435 5466 2496 5525 in
2553 5465 2670 5527 hac
2700 5467 2940 5530 interim
2982 5469 3106 5530 vita
3152 5486 3342 5546 quam
3371 5472 3635 5533 maxime

1982 5555 2152 5625 ﬁant,
2175 5572 2284 5612 nec
2312 5557 2404 5613 his
2433 5574 2629 5632 poenae
2653 5557 2804 5630 aliae,
2821 5557 2917 5616 vel
2940 5564 3265 5632 praesentes
3301 5560 3396 5619 vel
3423 5561 3636 5618 futura

1994 5643 2294 5704 ullatenus
2317 5646 2735 5718 excludantur,
2765 5646 2957 5720 plenae
2985 5651 3126 5706 sunt
3167 5648 3641 5710 orthodoxorum
