4128 6200
547 191 682 247 1263

1671 187 1726 241 S.
1778 179 2148 239 PRUDENTII
2176 175 2544 241 TRECENSIS
2573 182 2916 241 EPISCOPI.

3846 189 3986 245 ms

545 312 780 386 paginae
804 310 1213 375 tractatorum,
1244 307 1791 380 quorumfsanctus
1831 303 2200 375 Augustinus
2232 330 2277 381 Α
2316 308 2654 362 torum.Nec
2690 305 2826 362 ideo
2851 304 3032 360 laude
3059 309 3197 360 sunt
3225 304 3413 376 digni,
3439 307 3580 379 quia
3600 321 3791 379 poena
3824 323 3903 363 ex
3927 310 3988 364 ει·

545 401 609 457 in
636 399 788 453 libro
814 413 852 452 v
893 396 1046 468 (cap,
1080 397 1129 466 3)
1164 399 1372 452 contra
1395 395 1703 452 Julianum
1735 395 2081 450 haereticum
2104 392 2206 447 Pe-

543 488 855 558 lagianum
885 485 966 541 ita
989 485 1203 541 effatus
1230 491 1317 542 est
1341 503 1353 541 :
1379 487 1616 558 [inseris
1641 485 1760 542 alia
1788 484 1862 540 de
1885 483 2039 539 libro
2072 498 2206 538 meo

544 576 731 633 verba
764 579 832 630 ut
878 574 1021 646 dixi,
1075 575 1271 631 carnis
1311 575 1780 632 inobedicntiam
1839 572 2208 630 inobedienti

543 665 777 723 homini
831 664 1184 734 dignissime
1251 665 1603 722 retributam
1648 683 1660 733 ;
1720 664 1863 736 quia
1917 663 2206 733 injustum

545 760 672 812 erat
691 759 754 811 ut
782 753 1298 827 obtemperaretur
1328 771 1364 811 a
1391 771 1563 811 servo
1586 771 1715 817 suo,
1733 753 1795 809 id
1827 757 1913 809 est
1943 768 1973 807 a
1999 767 2208 823 corpo-

545 861 610 903 re
643 861 774 916 suo,
809 845 863 900 ei
893 845 999 917 qui
1029 861 1153 900 non
1183 845 1704 919 obtemperaverat
1750 844 2002 898 Domino
2048 855 2157 896 suo
2193 859 2204 909 ;

549 941 607 992 et
647 934 886 992 conaris
936 934 1247 991 ostendere
1303 936 1462 991 hanc
1515 933 1983 990 inobedientiam
2014 931 2209 987 carnis

548 1025 751 1098 potius
793 1039 925 1079 esse
954 1023 1344 1093 laudabilem,
1398 1024 1449 1078 si
1478 1039 1661 1096 paena
1711 1021 2013 1095 peccantis
2072 1024 2205 1075 est:

548 1117 607 1170 et
632 1117 924 1186 tanquam
954 1128 1214 1186 persona
1267 1113 1341 1168 sit
1390 1112 1594 1185 aliqua
1639 1129 1774 1184 quae
1830 1113 2210 1184 peccatorem

551 1203 802 1258 scienter
831 1201 1076 1271 aﬁligat,
1104 1201 1186 1257 sic
1211 1217 1346 1258 eam
1373 1201 1536 1257 velut
1559 1201 1827 1257 ultricem
1860 1198 2121 1268 sceleris,
2155 1201 2212 1253 et

549 1292 613 1348 in
650 1292 766 1347 hoc
796 1290 899 1346 Dei
940 1290 1279 1347 ministram
1317 1295 1606 1363 tanquam
1640 1305 1932 1360 magnum
1964 1285 2210 1359 aliquod

548 1382 783 1438 bonum
819 1379 1456 1448 cothurnosermonis
1507 1397 1788 1445 exornas,
1829 1395 1938 1434 nec
1984 1377 2208 1446 cogitas

548 1486 730 1544 posse
759 1474 813 1526 te
833 1470 950 1526 isto
982 1469 1165 1526 modo
1203 1469 1454 1525 laudare
1477 1470 1723 1539 angelos
1747 1467 1938 1523 malos
1966 1465 2070 1538 qui
2101 1465 2208 1520 uti-

551 1575 669 1631 que
700 1575 823 1614 non
854 1561 993 1614 sunt
1016 1557 1130 1613 nisi
1159 1559 1649 1630 praevaricatores
1681 1562 1861 1630 atque
1881 1555 2070 1628 impii,
2101 1568 2209 1626 per

551 1664 706 1721 quos
732 1652 936 1704 tamen
959 1649 1146 1704 Deum
1170 1648 1412 1705 meritas
1438 1665 1650 1720 poenas
1673 1649 1936 1719 irrogare
1956 1659 2209 1719 peccau-

552 1737 713 1792 tibus
744 1739 953 1792 sancta
983 1737 1288 1808 Scriptura
1320 1740 1571 1793 testatur
1599 1737 1804 1793 dicens
1859 1753 1872 1789 :
1926 1736 2090 1791 Misit
2145 1734 2209 1788 in

554 1842 648 1882 eos
686 1828 841 1882 iram
870 1826 1306 1897 indignationis
1324 1828 1946 1898 sum,indignationem
1973 1832 2026 1881 et
2054 1827 2209 1881 iram

551 1921 607 1971 et
659 1916 1199 1986 retribulationem,
1240 1917 1629 1974 immissiones
1657 1933 1774 1987 per
1812 1918 2058 1987 angelos
2086 1929 2212 1971 ma-

558 2003 644 2059 los
669 2003 791 2074 (Ps.
824 2004 1363 2073 Lxxvn,49).Lauda
1395 2005 1576 2061 etiam
1599 2005 1766 2077 istos,
1795 2004 1980 2060 lauda
2003 2018 2212 2059 eorum

553 2091 889 2165 principem
941 2094 1248 2164 Satanam,
1301 2093 1446 2167 quia
1477 2100 1534 2151 et
1560 2095 1688 2167 ipse
1717 2094 1933 2150 vindex
1982 2092 2213 2166 peccati

553 2180 684 2250 fuit,
717 2181 964 2253 quando
996 2183 1049 2239 ei
1073 2184 1326 2240 tradidit
1354 2184 1674 2257 Apostolus
1703 2185 1998 2240 hominem
2028 2183 2092 2238 in
2123 2183 2214 2237 in-

557 2270 798 2326 teritum
830 2272 1032 2327 carnis
1058 2272 1114 2344 (Ι
1135 2272 1336 2342 ΟΜΝ,
1361 2275 1433 2345 5).
1458 2273 1640 2330 Valde
1671 2274 1832 2330 enim
1859 2273 2118 2328 disertus
2150 2286 2213 2326 es

555 2363 763 2415 contra
788 2361 1044 2430 gratiam
1077 2362 1307 2431 Christi,
1339 2367 1396 2420 et
1433 2363 1687 2420 idoneus
1717 2363 1914 2419 dicere
1943 2377 2211 2434 panegy-

555 2449 749 2504 ricum
779 2451 1011 2506 Satanae
1039 2455 1097 2506 et
1119 2452 1349 2522 angelis
1381 2453 1430 2524 ej
1443 2469 1531 2525 us,
1563 2469 1670 2526 per
1698 2469 1852 2525 quos
1883 2451 2211 2507 multorum

556 2540 713 2594 Deus
739 2539 926 2609 judex
956 2545 1135 2614 atque
1164 2542 1316 2599 altor
1347 2548 1434 2599 est
1457 2548 1844 2616 peccatorum
1874 2541 2208 2597 retribuens

557 2629 644 2684 eis
677 2630 1010 2686 secundum
1059 2647 1244 2704 opera
1286 2649 1416 2700 sua,
1475 2651 1579 2690 eos
1635 2636 1799 2706 ipsos
1839 2633 2134 2706 pessimos
2157 2634 2211 2687 ct

555 2717 938 2775 damnabiles
986 2720 1226 2793 spiritus
1278 2722 1725 2794 puniendorum
1777 2722 2073 2794 supplicia
2125 2720 2209 2776 fa-

556 2806 742 2871 ciens,
765 2807 870 2880 qui
897 2808 1051 2866 bene
1097 2810 1378 2885 justeque
1408 2813 1591 2868 utitur
1633 2817 1690 2869 et
1718 2813 1896 2869 bonis
1926 2819 1978 2867 ct
2011 2809 2204 2866 malis.

517 2896 818 2954 .Preedica
865 2897 1044 2969 igitur
1081 2900 1492 2974 iniquissimas
1530 2906 1873 2975 potestates,
1922 2901 2066 2974 quia
2102 2914 2210 2970 per

554 2985 718 3058 ipsas
746 2987 910 3043 mala
937 2989 1346 3047 retribuuntur
1370 2991 1568 3061 malis,
1600 2991 1704 3064 qui
1725 2995 2044 3064 propterea
2073 3004 2206 3044 con-

2315 395 2388 451 lis
2407 396 2574 466 justa
2593 395 2884 465 inﬂigitur
2911 394 3110 465 dignis
3139 413 3152 450 :
3177 395 3268 451 Sic
3298 396 3395 452 lex
3419 397 3481 450 in
3509 396 3788 452 membris
3819 413 3986 467 repu-

2319 501 2516 557 gnans
2552 486 2670 556 tegi
2696 485 2908 540 mentis
2928 483 3468 556 (Rom.vn,23),non
3498 484 3633 541 ideo
3663 486 3808 558 ipsa
3832 486 3985 556 juste

2325 575 2467 644 agit,
2503 574 2650 646 quia
2683 574 2812 645 ejus
2841 573 2945 646 qui
2974 573 3331 644 egitinjusta
3362 575 3490 644 [al.,
3523 573 3773 645 injuste]
3810 590 3985 647 poena

2322 664 2398 720 sit
2416 664 2673 734 justa.Et
2708 664 2858 720 sicut
2878 664 3115 720 cazcitas
3142 663 3358 732 cordis,
3388 679 3574 736 quam
3605 663 3777 720 solus
3799 681 3983 721 remo-

2320 759 2418 810 vet
2441 753 2810 810 illuminator
2836 754 3011 819 Deus,
3034 756 3091 808 et
3107 757 3422 826 peccatum
3444 757 3683 825 est,quo
3714 753 3780 808 in
3803 754 3983 810 Deum

2320 860 2443 900 non
2474 843 2753 915 creditur,
2793 847 2848 899 et
2877 858 3058 916 poena
3087 842 3336 915 peccati,
3368 857 3491 914 qua
3518 858 3622 898 cor
3646 843 3982 914 superbum

2319 935 2507 1006 digna
2537 932 3060 990 animadversione
3090 932 3354 1005 punitur,
3408 936 3464 988 et
3510 948 3703 988 causa
3732 935 3983 1005 peccati,

2318 1023 2487 1098 quod
2512 1023 2654 1079 eieci
2703 1024 2832 1094 [al.,
2877 1039 3016 1079 cum
3067 1021 3211 1078 mali
3242 1020 3490 1096 aliquid]
3533 1021 3736 1078 cordis
3777 1039 3980 1079 errore

2319 1112 2752 1169 committitur:
2797 1111 2878 1167 ita
2907 1110 3394 1183 concupiscentia
3437 1108 3635 1166 carnis
3680 1111 3985 1168 adversus

2318 1218 2506 1275 quam
2529 1202 2728 1258 bonus
2749 1199 3120 1273 concupiscit
3148 1199 3411 1272 spiritus,
3435 1202 3494 1255 et
3521 1205 3838 1271 peccatum
3873 1207 3988 1268 est,

2318 1291 2463 1364 quia
2491 1291 2644 1347 inest
2663 1290 2747 1346 illi
2769 1289 3177 1346 inobedientia
3192 1293 3402 1344 contra
3413 1286 3793 1345 dominatum
3815 1305 3990 1346 men-

2320 1384 2390 1438 tis
2425 1401 2437 1449 ;
2465 1387 2522 1438 et
2549 1397 2729 1454 poena
2758 1379 2987 1450 peccati
3027 1383 3134 1436 est.
3189 1379 3339 1444 Quia
3378 1377 3615 1434 reddita
3637 1382 3730 1436 est
3757 1381 3990 1436 meritis

2318 1473 2734 1536 inobedientis,
2765 1475 2821 1526 et
2859 1487 3043 1526 causa
3086 1470 3314 1544 peccati
3346 1473 3433 1526 est
3480 1469 3825 1527 defectione
3852 1487 3989 1527 con-

2321 1560 2624 1616 sentientis
2657 1558 2749 1614 vel
2774 1558 3130 1629 contagione
3173 1551 3471 1613 nascentis
3512 1575 3524 1613 :
3559 1557 3830 1630 proinde
3857 1575 3986 1615 om-

2323 1650 2424 1704 nia
2451 1665 2588 1722 quae
2617 1664 2728 1720 pro
2757 1647 2873 1703 hac
2924 1651 3028 1701 tua
3077 1661 3237 1702 caeca
3278 1650 3334 1700 et
3374 1643 3843 1702 inconsiderata.
3871 1647 3990 1718 opi-

2321 1739 2498 1795 nione
2520 1738 2740 1806 dixisti,
2772 1753 2897 1810 qua
2917 1735 3114 1792 carnis
3145 1733 3724 1808 concupiscentiam,
3742 1751 3820 1792 eo
3848 1736 3978 1808 ipso

2319 1828 2486 1902 quod
2514 1844 2650 1886 eam
2677 1841 2924 1900 poenam
2954 1824 3210 1880 diximus
3255 1839 3382 1880 esse
3423 1823 3681 1896 peccati,
3733 1839 3870 1880 non
3901 1841 3988 1880 sc-

2318 1916 2447 1973 lum
2472 1933 2598 1974 non
2615 1915 3095 1990 vituperandam,
3129 1929 3340 1969 verum
3386 1912 3566 1968 etiam
3602 1911 3986 1970 laudandam

2319 2005 2902 2080 putasti,quamlibet
2929 2003 3161 2078 prolixa
3181 2000 3584 2076 disputatione
3604 2001 3672 2057 in
3703 2019 3778 2058 eo
3811 2003 3985 2058 fueris

2320 2097 2699 2160 immoratus,
2721 2093 3040 2151 evanuisse
3072 2091 3470 2148 certissimum
3496 2094 3605 2146 est.
3631 2093 3793 2147 Nam
3826 2091 3985 2164 quod

2322 2187 2459 2243 aisti
2486 2203 2499 2240 :
2534 2187 2589 2245 Si
2627 2185 2814 2242 libido
2843 2198 3025 2257 paena
3052 2181 3281 2254 peccati
3311 2184 3421 2248 est,
3454 2179 3880 2251 abjiciendam
3905 2197 3983 2236 es-

2324 2291 2386 2331 se
2398 2274 2850 2348 pudicitiam,ne
2861 2271 3096 2330 rebellis
3107 2271 3170 2328 in
3191 2274 3378 2327 Deum
3390 2269 3628 2326 castitas
3647 2268 3892 2326 illatam
3912 2270 3984 2326 ab

2319 2381 2390 2422 eo
2415 2366 2648 2422 dicatur
2671 2379 2953 2420 enervare
2982 2361 3648 2427 sententiam,etcaetera
3665 2359 3984 2432 hujusmo-

2321 2454 2382 2510 di
2413 2471 2547 2527 quae
2577 2455 2734 2510 hanc
2763 2453 3089 2509 vanitatem
3143 2449 3574 2522 consequentia
3617 2452 3802 2521 atque
3847 2449 3984 2505 hinc

2318 2543 2567 2614 religata
2602 2540 3162 2601 contexis.Totidem
3205 2538 3402 2594 verbis
3431 2537 3508 2594 de
3555 2538 3818 2594 caecitate
3854 2554 3988 2594 cor-

2319 2635 2430 2698 dis,
2464 2651 2661 2690 errore
2691 2632 2870 2689 simili
2899 2632 3029 2704 [al.,
3063 2628 3386 2700 simillimo]
3406 2626 3593 2684 modo
3619 2626 3731 2682 dici
3751 2632 3987 2700 potest.

2321 2725 2378 2781 Si
2407 2723 2686 2780 caecitatis
2705 2721 2902 2779 cordis
2917 2735 3100 2794 poena
3125 2718 3354 2792 peccati
3368 2715 3830 2789 est,abjicienda.
3842 2716 3989 2773 doc-

2317 2814 2574 2886 trina,ne
2593 2811 2906 2868 rebellisin
2928 2812 3114 2865 Deum
3137 2807 3352 2863 mentis
3369 2805 3714 2863 illuminatio
3737 2804 3990 2861 illatam

2317 2903 2395 2960 ab
2423 2919 2494 2959 eo
2520 2903 2751 2959 dicatur
2779 2915 3062 2957 enervare
3093 2891 3638 2961 sententiam.Quod
3666 2893 3724 2948 si
3754 2893 3991 2950 absur-

2317 2993 2634 3049 dissimum
2661 2995 2749 3048 est
2793 2991 2990 3046 dicere
3042 2986 3338 3062 (quamvis
3389 2987 3460 3042 sit
3511 2983 3750 3040 caecitas
3780 2984 3988 3040 cordis

555 3077 986 3148 cupiscentiam
1016 3079 1313 3152 praedicas
1355 3081 1551 3138 carnis
1586 3098 1597 3136 :
1632 3082 1776 3154 quia
1805 3077 2210 3137 inobcalientia
2241 3054 2280 3109 C
2318 3099 2501 3156 poena
2519 3081 2789 3156 peccati),
2825 3095 2895 3136 eo
2924 3077 3108 3134 modo
3139 3074 3649 3133 absurdissimum
3680 3077 3774 3129 est
3803 3074 3984 3130 etiam

551 3166 840 3222 retributa
868 3171 958 3223 est
983 3167 1401 3227 inobedicntize
1441 3171 1791 3242 peccatoris.
1856 3169 2062 3226 Lauda
2103 3167 2210 3222 ini-

553 3271 744 3328 quum
781 3271 987 3328 regem
1015 3259 1276 3332 Saulem,
1302 3261 1447 3333 quia
1485 3265 1542 3316 et
1570 3261 1695 3332 ipse
1727 3261 1834 3315 fuit
1871 3275 2048 3330 paena
2080 3273 2213 3330 pec-

552 3346 819 3402 cantium
851 3364 862 3414 ;
907 3348 1156 3405 Domino
1177 3349 1410 3406 dicente
1445 3366 1457 3404 :
1495 3352 1646 3407 Dedi
1667 3353 1774 3407 tibi
1801 3368 1996 3422 regem
2020 3355 2081 3408 in
2114 3354 2209 3409 ira

550 3450 682 3490 mea
705 3436 852 3501 (Ose.
879 3452 993 3506 xm,
1033 3436 1137 3506 10);
1169 3437 1354 3494 lauda
1373 3440 1741 3496 daemonium
1765 3443 1930 3514 quod
1956 3459 2060 3498 rex
2080 3443 2208 3516 ipse

549 3522 911 3593 patiebatur,
969 3524 1115 3595 quia
1161 3531 1216 3581 et
1264 3527 1379 3583 hoc
1423 3545 1597 3600 paena
1626 3531 1819 3587 fuerat
1848 3533 2200 3604 peccatoris.

551 3610 756 3667 Lauda
779 3612 1102 3668 caecitatem
1159 3616 1374 3688 cordis,
1431 3634 1562 3688 qua:
1603 3627 1877 3689 exparte
1925 3624 1986 3678 in
2016 3623 2207 3680 Israel

543 3697 716 3767 facta
747 3705 853 3768 est,
883 3715 993 3756 nec
1023 3705 1250 3759 tacetur
1283 3703 1358 3760 de
1381 3707 1640 3764 creeitate
1671 3710 1870 3778 Israel,
1903 3727 2091 3783 quare
2109 3713 2206 3767 do-

546 3802 655 3844 nee
669 3789 1005 3859 plenitudo,
1037 3789 1250 3865 inquit,
1301 3797 1567 3865 gentium
1599 3799 1879 3870 intraret,
1913 3800 2030 3855 nisi
2055 3801 2203 3857 forte

547 3881 604 3934 et
631 3877 808 3934 istam
838 3894 1085 3952 poenam
1126 3883 1379 3954 negabis
1405 3902 1554 3956 esse,
1608 3905 1817 3962 quam,
1864 3891 1915 3946 si
1941 3890 2090 3946 lucis
2121 3890 2205 3946 in-

546 3969 728 4025 ternae
760 3975 995 4026 amator
1023 3987 1205 4043 esses,
1233 3988 1357 4031 non
1385 3976 1582 4034 solum
1611 3978 1903 4053 aliquam,
1946 3981 2050 4037 sed
2080 3980 2205 4038 val-

546 4057 622 4112 de
646 4073 935 4127 magnam
964 4075 1208 4132 poenam
1236 4079 1364 4121 esse
1395 4066 1691 4124 elamares
1714 4070 1792 4125 ad
1823 4072 2000 4127 istam
2031 4071 2200 4127 caeci-

546 4148 728 4200 tatem
761 4146 888 4214 [al.,
923 4151 982 4204 at
1000 4149 1114 4207 ista
1138 4153 1395 4226 caecitas]
1427 4156 1536 4214 fuit
1574 4158 1795 4214 Judaais
1835 4161 2062 4229 grande
2109 4161 2200 4216 in-

547 4233 912 4291 credulitatis
941 4239 1195 4313 malum,
1252 4248 1306 4298 et
1337 4246 1581 4312 grandis
1635 4264 1822 4305 causa
1852 4251 2101 4319 peccati,
2135 4257 2201 4308 ut

546 4323 886 4382 occiderent
918 4327 1233 4384 Christum.
1266 4332 1401 4388 Jam
1432 4333 1609 4390 istam
1636 4337 1962 4394 caecitatem
1992 4340 2040 4396 si
2068 4356 2198 4412 po:-

544 4427 689 4469 nam
739 4412 921 4471 fuisse
975 4419 1308 4490 negaveris,
1360 4421 1613 4480 similem
1667 4429 1721 4481 te
1760 4429 1990 4500 perpeti
2015 4411 2198 4486 etiam
2230 4411 2275 4464 D

544 4519 669 4560 non
698 4503 986 4562 conﬁtens
1010 4507 1329 4578 judicabis.
1363 4512 1419 4568 Si
1449 4518 1651 4571 autem
1673 4531 1919 4589 poenam
1949 4519 2196 4592 quidem

544 4594 747 4666 fuisse,
780 4595 885 4652 sed
913 4598 1141 4668 peccati
1169 4616 1415 4672 poenam
1463 4621 1587 4660 non
1630 4607 1810 4664 fuisse
1860 4610 2192 4678 contendis,

541 4683 777 4741 interim
807 4684 1004 4741 fateris
1033 4688 1200 4759 quod
1253 4707 1443 4771 unum
1492 4693 1719 4768 aliquid
1777 4702 1832 4755 et
1878 4703 2196 4772 peccatum

543 4790 675 4831 esse
695 4775 902 4847 possit,
936 4779 992 4832 et
1028 4793 1212 4849 poena
1254 4797 1266 4834 :
1327 4781 1375 4837 si
1415 4787 1616 4840 autem
1645 4802 1770 4843 non
1799 4793 1887 4844 est
1915 4789 2031 4846 hoc
2060 4789 2192 4862 [al.,

541 4864 694 4952 haec]
722 4879 905 4935 pcena
931 4867 1176 4937 peccati,
1208 4872 1473 4942 profecto
1499 4873 1708 4949 iniqua
1763 4893 1946 4950 poena
1990 4883 2098 4952 est,
2141 4883 2199 4936 et

542 4951 838 5042 injustum
869 4953 1014 5011 facis
1043 4959 1228 5015 Deum
1258 4976 1379 5034 quo
1405 4963 1654 5035 jubente
1682 4969 1776 5024 vel
1806 4970 2054 5042 sinente,
2082 4951 2199 5028 aut

539 5040 850 5097 infirmum
881 5059 1002 5114 quo
1047 5061 1170 5104 non
1215 5055 1514 5110 avertente
1562 5055 1852 5127 inﬂigitur
1892 5040 2195 5116 innocenti

542 5131 674 5204 [al.,
707 5132 985 5203 nocenti].
1034 5136 1207 5201 Quod
1237 5138 1284 5194 si
1308 5141 1486 5199 etiam
1517 5161 1765 5218 poenam
1795 5148 2025 5218 peccati
2067 5164 2194 5204 esse

539 5219 820 5310 concedis
845 5221 961 5293 (ne,
979 5222 1094 5280 hoc
1123 5243 1244 5284 non
1268 5232 1654 5290 concedendo
1683 5236 1814 5306 [at.,
1833 5251 1955 5292 non
1985 5237 2192 5310 deest],

537 5310 605 5396 ut
631 5307 759 5380 ipse
790 5310 968 5368 corde
999 5329 1191 5371 caecus
1221 5322 1558 5392 appareas),
1587 5322 1724 5378 vide
1736 5324 1887 5394 jam,
1920 5325 2085 5396 quod
2112 5307 2195 5381 vi-

539 5394 681 5453 dere
708 5399 978 5471 nolebas,
1030 5403 1208 5462 istam
1250 5423 1439 5479 quam
1495 5411 1708 5466 vovisti
1754 5394 2014 5472 solutam
2061 5433 2192 5476 esse

537 5489 980 5577 quaestionem;
1031 5493 1195 5564 quia,
1230 5496 1379 5552 sicut
1427 5497 1707 5555 diabolus
1763 5505 1941 5577 atque
1991 5507 2189 5577 angeli

538 5576 688 5667 ejus,
722 5579 935 5636 etmali
953 5595 1121 5667 reges
1147 5599 1269 5639 non
1297 5585 1490 5643 solum
1519 5589 1633 5662 ipsi
1653 5576 1994 5664 peccatores
2023 5576 2180 5667 sunt,

539 5663 645 5719 sed
675 5680 782 5736 per
805 5666 1098 5736 justitiam
1127 5673 1228 5728 Dci
1267 5674 1417 5734 fiunt
1446 5677 1626 5737 etiam
1658 5663 1951 5758 Supplicia
1979 5703 2162 5761 pecca

2318 3173 2486 3245 quod
2516 3173 2645 3246 ipse
2675 3169 2896 3240 dixisti,
2918 3165 3196 3241 quamvis
3228 3165 3303 3221 sit
3329 3163 3537 3233 libido,
3566 3161 3631 3217 id
3650 3168 3746 3218 est
3772 3162 3983 3218 inobc-

2319 3262 2542 3318 dientia
2567 3260 2764 3318 carnis
2788 3273 2970 3332 paena
3019 3254 3250 3329 peccati
3311 3269 3325 3308 :
3377 3251 3676 3325 quoniam
3733 3252 3981 3307 caecitati

2317 3351 2587 3406 resistere
2617 3348 2948 3416 scientia,et
2969 3344 3204 3401 libidini
3235 3340 3623 3399 continentia.
3657 3343 3814 3397 Eam
3842 3357 3979 3397 vero

2314 3456 2563 3515 poenam
2592 3456 2729 3513 quae
2751 3453 2860 3494 nec
2891 3451 3054 3493 error
3082 3437 3170 3490 est
3198 3447 3310 3488 nec
3337 3429 3740 3500 libido,debet
3769 3429 3976 3486 tolera-

2315 3549 2376 3589 re
2393 3531 2699 3604 patientia.
2723 3529 3117 3601 Quapropter,
3139 3521 3410 3596 quando,
3441 3520 3562 3576 Deo
3583 3519 3884 3590 donante,
3914 3535 3973 3574 ex

2313 3638 2455 3678 vera
2483 3621 2695 3677 vivitur
2722 3618 2862 3687 ﬁde,
2901 3616 3028 3687 ipse
3062 3616 3215 3669 Deus
3243 3610 3418 3667 adest
3445 3614 3502 3666 et
3541 3609 3738 3665 menti
3767 3609 3975 3665 illumi-

2312 3712 2532 3770 nandaa
2553 3715 2610 3767 et
2638 3705 3136 3780 concupiscentiae
3178 3699 3538 3774 superanda:
3589 3705 3644 3756 et
3684 3699 3975 3756 molestia

2310 3801 2676 3876 perferendze
2713 3817 2725 3868 ;
2754 3799 2869 3854 hoc
2901 3795 3062 3852 enim
3092 3797 3281 3849 totum
3308 3794 3463 3846 recte
3506 3788 3596 3854 ﬁt,
3628 3789 3890 3862 quando
3919 3788 3978 3843 tit

2311 3897 2556 3967 propter
2573 3891 2773 3964 ipsum
2804 3906 2816 3956 ;
2849 3886 2909 3942 id
2935 3881 3301 3956 est,quando
3333 3879 3519 3952 gratis
3549 3882 3791 3935 amatur
3820 3877 3974 3951 ipse.

2311 3981 2516 4049 Qualis
2543 3995 2715 4037 amor
2756 3976 2935 4034 nobis
2982 3989 3116 4030 esse
3163 3985 3289 4027 non
3318 3972 3517 4042 potest
3543 3968 3661 4023 nisi
3689 3983 3767 4023 ex
3795 3967 3931 4040 ipso
3963 3984 3976 4030 ;

2309 4071 2600 4145 alioquin,
2630 4066 2883 4143 quando
2913 4063 3027 4121 sibi
3055 4063 3243 4119 homo
3267 4057 3529 4115 multum
3552 4057 3780 4130 placet,
3813 4061 3873 4111 et
3904 4056 3977 4110 de

2308 4179 2418 4218 sua
2440 4162 2649 4217 virtute
2680 4156 2948 4224 conﬁdit,
2983 4154 3031 4209 si
3064 4150 3318 4209 traditur
3345 4148 3407 4204 in
3432 4146 3736 4203 desideria
3764 4162 3978 4218 super-

2303 4251 2419 4308 biae
2451 4253 2768 4320 suae,tanto
2794 4243 3056 4317 amplius
3082 4244 3338 4310 augetur
3364 4238 3480 4293 hoc
3511 4236 3752 4292 malum
3783 4251 3975 4307 quan-

2303 4345 2363 4397 to
2390 4339 2582 4411 magis
2611 4339 2664 4394 ei
2695 4335 3051 4409 cupiditates
3094 4333 3322 4387 caeteras
3360 4325 3669 4392 cesserint,
3722 4339 3971 4396 easque,

2303 4428 2465 4485 velut
2481 4425 2825 4496 laudabilis,
2860 4423 2977 4479 hac
3001 4434 3190 4476 unam
3200 4413 3972 4485 oblectando,compresse-

2301 4517 2577 4586 rit.Quod
2605 4531 2748 4588 ergo
2776 4514 2839 4570 in
2868 4511 2998 4569 aliis
3021 4505 3328 4582 opusculis
3369 4503 3518 4560 meis
3546 4501 3772 4572 legisse
3799 4508 3860 4558 te
3887 4500 3972 4557 di-

2304 4611 2412 4678 cis,
2442 4614 2621 4682 atque
2650 4605 2714 4663 id
2745 4605 2961 4661 frustra
2985 4599 3242 4657 refutare
3270 4597 3520 4652 conatus
3565 4606 3803 4659 es,esse
3818 4606 3970 4647 non-

2302 4699 2468 4758 nulla
2496 4699 2764 4772 peccata,
2795 4710 2931 4767 quae
2956 4705 3153 4764 poenae
3196 4686 3313 4742 sint
3341 4683 3522 4740 etiam
3548 4685 3969 4772 peccatorum,

2303 4769 2577 4864 deposito
2605 4783 2885 4844 vincendi
2912 4779 3112 4838 studio
3145 4776 3458 4846 diligenter
3497 4769 3766 4864 attende,
3799 4775 3864 4826 et
3885 4770 3972 4825 in-

2301 4859 2506 4937 venies
2523 4893 2654 4934 esse
2681 4864 3428 4939 verissimum,secundum
3457 4877 3532 4918 ea
3550 4877 3691 4932 quae
3727 4859 3811 4917 de
3843 4875 3967 4916 cor-

2302 4969 2396 5026 dis
2425 4966 2685 5024 cmcitate
2712 4963 2962 5019 tractata
2981 4959 3138 5013 sunt.
3169 4952 3326 5020 Quid
3354 4950 3516 5008 enim
3535 4947 3742 5019 egisti,
3765 4963 3970 5022 quaeso

2303 5064 2378 5131 te,
2408 5057 2558 5132 quid
2587 5054 2756 5126 egisti
2794 5044 3331 5109 commemorando
3368 5039 3782 5132 apostolicum
3813 5039 3968 5096 testi-

2300 5129 2595 5210 monium,
2628 5161 2750 5218 quo
2781 5157 2892 5214 ego
2923 5137 3072 5196 illud
3100 5133 3358 5210 probavi
3385 5129 3553 5204 quod
3579 5129 3649 5186 in
3680 5129 3808 5187 alia
3835 5143 3968 5185 mea

2301 5235 2703 5312 disputatione
2734 5230 2926 5303 legisti
2959 5246 2972 5285 :
3021 5227 3167 5300 quia
3194 5223 3270 5280 de
3315 5219 3688 5312 quibusdam
3730 5218 3964 5291 scripsit

2302 5310 2506 5387 dicens
2538 5345 2551 5384 :
2589 5323 2861 5382 Tradidit
2904 5320 3044 5376 illos
3073 5319 3231 5373 Deus
3262 5314 3326 5369 in
3351 5310 3674 5383 reprobwn
3697 5324 3958 5373 sensum,

2299 5421 2612 5492 utfaeiant
2634 5429 2765 5488 qua:
2794 5427 2912 5469 non
2939 5407 3302 5467 conveniunt
3329 5404 3358 5459 ἲ)
3387 5405 3578 5474 (Rom.
3612 5416 3660 5467 ι,
3693 5401 3812 5471 28.)
3843 5399 3958 5492 Hos

2297 5485 2458 5567 enim
2487 5485 2723 5566 voluisti
2762 5501 2952 5559 videri
2987 5494 3449 5574 hyperbolicum
3477 5492 3712 5548 dictum
3749 5507 3765 5545 :
3797 5485 3955 5562 quod

2294 5596 2362 5653 ﬁt
2387 5614 2544 5666 cum,
2570 5595 2651 5653 ad
2670 5573 3113 5668 permovendos
3133 5580 3582 5651 animos,tidem
3608 5594 3825 5668 rerum
3852 5573 3956 5668 qui

2303 5665 2733 5747 Sermocmatur
2749 5679 3003 5747 excedit;
3021 5676 3125 5753 ubi
3140 5689 3282 5746 ergo
3296 5671 3360 5730 id
3379 5667 3705 5744 Apostolus
3727 5665 3958 5730 fecerit,
