4116 6186
181 154 318 209 1265

1145 154 1235 209 DE
1272 153 1931 212 PREDESTINATIONE
1985 152 2262 210 CONTRA
2298 156 2347 210 .i.
2391 155 2683 213 SCOTUM.

3482 157 3618 213 i266

176 292 301 333 non
331 273 599 345 graveris
624 274 964 333 ostendere.
1006 277 1156 334 Cum
1183 277 1579 342 inveheretur,
1622 277 1842 351 inquis,
1874 278 1923 332 A
1956 277 2136 335 etiam
2156 280 2489 338 consentiat
2506 281 2589 337 eis
2619 278 2698 336 ad
2720 276 3153 337 committenda
3171 276 3387 334 eadem
3402 278 3568 337 mala
3586 283 3618 338 Ἰ

172 365 235 421 in
253 364 587 438 impiorum
607 363 893 433 crimina;
924 380 1247 439 poenarum
1268 382 1340 424 ea
1370 368 1718 426 nominibus
1739 382 1845 438 ag-

171 453 897 528 gravavit,quantumque
910 454 1136 527 pectori
1149 471 1262 512 suo
1273 456 1557 514 virtutum
1568 456 1843 514 omnium

171 544 485 602 domicilio
505 543 814 617 turpitudo
854 543 1145 613 horreret,
1176 547 1522 616 ostendens,
1564 562 1690 604 non
1717 551 1843 604 tam

171 649 310 690 reos
335 649 526 707 quam
545 632 869 690 damnatos
891 632 1007 690 sibi
1024 632 1170 690 tales
1189 634 1272 691 ait
1294 634 1500 693 videri.
1518 640 1666 706 Imo,
1692 636 1843 692 sicut

172 710 305 796 ipse
326 721 613 796 loquitur.
630 737 755 778 non
769 722 922 779 sicut
937 737 1079 780 eum
1097 726 1157 780 tu
1183 722 1353 797 loqui
1367 724 1570 795 ﬁngis,
1589 727 1646 781 et
1664 724 1841 781 dam-

175 815 355 869 natos
372 810 806 869 demonstravit
824 814 883 868 et
898 827 1058 880 reos,
1074 828 1188 870 nec
1211 812 1411 870 solum
1431 813 1506 871 de
1526 813 1840 888 praeteritis

173 917 312 958 reos
329 904 575 974 propter
601 916 738 974 qua
763 899 1105 967 damnatos,
1166 902 1273 960 sed
1300 902 1441 959 inde
1497 902 1677 960 etiam
1706 918 1841 960 reos

172 989 281 1046 ubi
311 992 445 1063 [al.,
478 990 640 1047 unde
670 989 1210 1061 etiam]damnatos
1236 1007 1410 1049 :nam
1424 1008 1561 1050 reos
1581 992 1844 1050 ostendit

169 1078 278 1136 ubi
306 1080 389 1136 ait
414 1079 529 1135 :Et
555 1080 871 1136 coluerunt
891 1084 950 1137 et
978 1081 1314 1138 servierunt
1325 1087 1620 1139 creatura
1636 1082 1837 1153 potius

169 1183 351 1240 quam
373 1168 654 1226 Creatori
667 1169 776 1240 qui
800 1175 887 1225 est
912 1168 1256 1227 benedictus
1282 1171 1347 1227 in
1386 1172 1630 1240 sacula,
1662 1186 1837 1229 amen

171 1258 361 1325 (Rom.
379 1274 436 1326 v,
456 1259 547 1321 25)
576 1256 833 1313 :deinde
864 1257 1189 1315 damnatos
1219 1262 1464 1332 propter
1493 1259 1675 1316 istum
1702 1276 1835 1316 rea-

167 1351 338 1415 tum;
382 1346 652 1420 sequitur
679 1346 841 1403 enim
884 1349 1183 1419 :Propter
1232 1350 1343 1407 hoc
1391 1350 1645 1409 tradidit
1698 1352 1836 1408 illos

168 1436 406 1492 Deusin
423 1435 733 1505 passiones
760 1436 1105 1508 ignominia
1153 1437 1356 1509 (Ibid,
1382 1442 1495 1495 26).
1555 1438 1783 1496 Audisti
1818 1456 1831 1494 :

171 1524 433 1595 Propter
452 1523 648 1590 hoc,et
664 1524 885 1597 quaeris
901 1525 1159 1583 inaniter
1180 1527 1488 1599 quomodo
1508 1527 1834 1600 intelligen-

1955 383 2024 425 ac
2047 385 2154 443 per
2182 369 2317 443 hoc,
2350 370 2514 428 aliud
2542 374 2629 428 est
2675 368 2898 427 habere
2928 367 3093 424 mala
3144 366 3443 426 desideria
3487 386 3618 429 cor-

1952 458 2066 527 dis,
2082 459 2246 517 aliud
2268 459 2422 517 tradi
2443 458 2527 516 eis
2555 477 2566 515 :
2592 459 2818 533 utique,
2838 461 2904 515 ut
2923 455 3352 515 consentiendo
3372 456 3459 514 eis
3479 474 3617 532 pos-

1954 549 2312 606 sideaturab
2340 550 2443 612 eis,
2485 548 2653 621 quod
2676 547 2743 604 fit
2781 564 2920 604 cum
2950 546 3150 604 divino
3173 546 3404 618 judicio
3432 548 3615 607 tradi-

1951 643 2047 695 tur
2068 639 2170 694 eis.
2192 638 2469 711 Alioquin
2492 638 2708 694 frustra
2728 636 2957 694 dictum
2980 640 3069 693 est
3099 654 3112 692 :
3136 638 3282 693 Post
3303 640 3614 709 concupis-

1952 729 2176 785 centias
2207 734 2341 785 tuas
2369 744 2490 785 non
2516 744 2613 785 eas
2641 728 2846 799 (Ec-cli.
2870 743 3032 795 xvm,
3052 729 3144 795 30)
3174 744 3187 795 ;
3220 725 3270 782 si
3285 726 3417 798 jam
3436 728 3609 801 quis-

1951 832 2068 890 que
2083 832 2222 873 reus
2241 820 2349 883 est,
2367 816 2532 889 quod
2557 816 3012 879 tumultuantes,
3027 818 3086 872 et
3105 813 3185 871 ad
3200 813 3363 873 mala
3373 816 3607 874 trahere

1950 905 2202 963 nitentes
2260 909 2436 961 sentit
2464 921 2584 973 eas,
2636 921 2746 961 nec
2774 920 2877 961 eas
2908 904 3195 977 sequitur,
3248 903 3298 959 si
3349 919 3475 961 non
3521 905 3607 963 eis

1949 995 2221 1060 traditur,
2240 1010 2521 1051 exercens
2537 994 2827 1051 adversus
2847 1009 2950 1051 eas
2966 993 3233 1064 gloriosa
3250 995 3599 1061 certamina,

1949 1084 1998 1139 si
2029 1083 2168 1141 vivit
2212 1083 2276 1139 in
2304 1082 2516 1154 gratia.
2549 1082 2700 1148 Quid
2731 1082 2835 1139 tibi
2881 1082 3041 1138 enim
3071 1081 3323 1147 videtur,
3358 1083 3464 1156 qui
3493 1084 3603 1141 ob-

1947 1177 2142 1230 servat
2167 1172 2332 1247 quod
2363 1173 2651 1245 scriptum
2682 1175 2772 1229 est
2803 1172 2910 1229 :Si
2943 1177 3194 1242 prastas
3223 1173 3439 1230 anima
3486 1178 3603 1231 tua

1945 1264 2476 1333 concupiscentias,
2510 1263 2637 1332 ejus
2670 1260 2859 1334 (quod
2894 1260 3041 1333 quid
3069 1263 3158 1317 est
3208 1260 3372 1317 aliud
3411 1277 3599 1334 quam

1944 1351 2241 1409 desideria
2261 1352 2390 1423 ejus
2415 1351 2599 1423 mala)
2616 1352 2802 1421 faciet
2835 1355 2891 1407 te
2921 1350 3210 1421 gaudium
3256 1350 3514 1407 inimicis
3543 1357 3601 1408 et

1943 1440 2161 1497 invidis
2190 1441 2307 1496 tuis
2334 1439 2534 1511 (Ibid.,
2560 1439 2675 1509 3i.)
2698 1436 2980 1509 Nunquid
3008 1437 3140 1508 jam
3160 1438 3271 1494 iste
3298 1454 3439 1494 reus
3461 1440 3599 1495 est?

1943 1527 2227 1585 habendo
2276 1526 2425 1583 tales
2479 1525 2697 1582 anima
2752 1524 3290 1597 concupiscentias,
3339 1541 3494 1597 quas
3543 1526 3598 1582 ei

167 1613 285 1669 dus
307 1614 382 1671 sit
409 1613 642 1670 tradere
670 1616 844 1684 Deus,
868 1614 1126 1671 multum
1149 1615 1437 1672 laborans
1465 1620 1530 1673 ut
1548 1616 1835 1674 ostendas
1864 1633 1906 1690 Β
1942 1622 2226 1691 prastare
2254 1632 2373 1672 non
2399 1615 2598 1684 debet,
2621 1630 2698 1671 ne
2718 1613 2781 1670 in
2810 1612 3103 1685 gaudium
3129 1612 3330 1672 veniat
3352 1612 3597 1671 diabolo

167 1719 312 1759 eum
334 1703 563 1760 tradere
586 1702 923 1760 deserendo
950 1703 962 1759 l
990 1704 1105 1762 Sed
1133 1705 1593 1778 quomodolibet
1612 1706 1829 1774 tradat,

165 1793 430 1863 Propter
448 1792 558 1849 hoc
586 1791 845 1859 tradidit,
859 1800 1108 1864 propter
1138 1793 1249 1851 hoc
1265 1793 1528 1852 deseruit
1550 1812 1564 1863 ;
1585 1799 1644 1852 et
1660 1795 1830 1852 vides

168 1882 297 1954 ejus
323 1881 726 1946 traditionem,
754 1882 1091 1956 quamlibet
1112 1887 1170 1941 et
1186 1883 1645 1957 quomodolibet
1662 1884 1830 1942 intel-

167 1971 341 2042 ligas,
362 1989 499 2045 quae
529 1976 854 2030 consecuta
879 1973 1016 2029 sint.
1041 1974 1277 2031 Curavit
1308 1974 1471 2031 enim
1506 1975 1828 2048 Apostolus

175 2060 372 2117 dicere
399 2066 627 2134 quanta
666 2078 849 2136 paena
898 2062 971 2120 sit
1010 2079 1047 2119 a
1087 2063 1207 2120 Deo
1246 2064 1399 2121 tradi
1439 2064 1825 2138 passionibus

174 2148 546 2220 ignominia,
561 2150 685 2207 sive
705 2150 1192 2219 deserendo,sive
1204 2153 1323 2210 alio
1348 2170 1713 2228 quocunque
1732 2155 1829 2212 vel

174 2236 516 2310 explicabili
551 2238 646 2295 vel
668 2239 1068 2314 inexplicabili
1111 2241 1318 2309 modo,
1348 2258 1472 2316 quo
1515 2242 1657 2300 facit
1693 2243 1826 2301 hac

169 2344 413 2385 summe
440 2328 639 2385 bonus
671 2336 728 2387 et
758 2330 1367 2404 ineﬂ'abiliterjustus.
1404 2337 1553 2390 Nam
1583 2334 1826 2404 femina

167 2432 377 2475 eorum
413 2418 649 2491 (inquit)
676 2420 1147 2478 immutaverunt
1176 2424 1522 2480 naturalem
1554 2438 1727 2479 usum
1758 2424 1823 2479 in

159 2522 299 2564 eum
324 2523 499 2565 usum
519 2510 721 2580 quiest
734 2516 944 2568 contra
966 2518 1252 2570 naturam
1274 2528 1296 2568 .·
1315 2513 1597 2570 similiter
1620 2518 1820 2570 autem

161 2602 221 2654 et
244 2599 518 2662 masculi,
554 2600 958 2673 relinquentes
986 2603 1327 2661 naturalem
1353 2618 1525 2659 usum
1549 2604 1816 2674 femina,

158 2693 526 2744 exarserunt
543 2689 607 2745 in
637 2692 966 2760 appetitum
978 2707 1152 2749 suum
1172 2694 1235 2749 in
1255 2693 1530 2763 invicem,
1560 2694 1821 2750 masculi

155 2776 228 2831 in
254 2778 576 2839 masculos,
591 2778 1030 2849 deformitatem
1052 2788 1387 2853 operantes,
1415 2789 1469 2840 ct
1486 2782 1813 2840 mercedem

156 2870 455 2935 mutuam,
490 2882 676 2938 quam
712 2871 979 2939 oportuit
1005 2872 1227 2927 erroris
1252 2872 1365 2942 sui,
1388 2873 1451 2927 in
1490 2872 1815 2942 semetipsis

152 2954 513 3044 recipientes
547 2956 727 3044 (Ibid.
784 2961 873 3027 26,
924 2960 1012 3029 27)
1057 2978 1070 3028 ;
1119 2959 1265 3043 quid
1309 2959 1426 3016 hoc
1458 2960 1815 3026 evidentius,
1846 2988 1888 3044 ρ

151 3040 313 3114 quid
370 3043 655 3115 apertius,
690 3044 838 3118 quid
883 3040 1289 3119 expressius?
1319 3048 1647 3104 Mercedem
1692 3064 1821 3104 mu-

153 3136 328 3188 tuam
356 3132 651 3205 recepisse
707 3134 851 3191 dicit
907 3136 1115 3209 utique
1143 3136 1484 3207 damnatos,
1542 3140 1608 3192 ut
1655 3139 1820 3194 tanta

151 3225 550 3293 operarentur
578 3221 743 3278 mala
775 3239 788 3276 :
822 3227 879 3279 et
911 3227 1111 3280 tamen
1151 3224 1264 3281 ista
1290 3224 1604 3282 damnatio
1637 3224 1818 3281 etiam

146 3312 362 3366 reatus
386 3312 477 3365 est
499 3324 623 3381 quo
646 3309 889 3379 gravius
913 3310 1315 3384 implicantur.
1374 3315 1461 3370 Ita
1486 3317 1543 3370 et
1570 3317 1819 3387 peccata

151 3400 303 3454 sunt
330 3396 445 3453 ista
464 3400 522 3453 et
561 3412 759 3469 paenae
784 3399 1255 3470 pracedentium
1293 3406 1681 3475 peccatorum
1714 3421 1737 3459 εν
1761 3406 1820 3460 et

150 3483 329 3559 quod
365 3489 453 3541 est
494 3485 855 3552 mirabilius,
904 3489 1085 3545 etiam
1132 3490 1471 3563 oportuisse
1517 3492 1660 3549 dicit
1713 3508 1815 3549 eos

150 3575 339 3631 istam
362 3585 628 3632 mutuam
658 3577 981 3634 mercedem
1029 3578 1309 3651 recipere.
1368 3584 1453 3637 Ita
1481 3596 1545 3637 se
1588 3580 1817 3640 habent

152 3663 342 3721 etiam
363 3662 674 3737 superiora
693 3665 878 3722 verba
892 3667 1182 3739 Apostoli,
1206 3684 1343 3741 qua
1364 3669 1491 3741 ipse
1514 3671 1767 3743 posuisti
1798 3688 1810 3727 :

151 3752 550 3809 Mutaverunt
562 3754 817 3823 glariam
836 3755 1313 3827 incorruptibilis
1324 3760 1436 3815 Dei
1454 3760 1518 3815 in
1535 3760 1814 3816 similitu-

152 3842 359 3898 dinem
381 3841 662 3914 imaginis
684 3846 1095 3914 corruptibilis
1109 3846 1360 3904 hominis
1373 3888 1387 3912 ,
1407 3854 1460 3905 et
1478 3850 1814 3920 volucrum,

153 3935 214 3988 et
234 3929 713 4002 quadrupedum,
738 3937 793 3988 et
819 3936 1186 4004 serpentium
1204 3951 1228 3992 .'
1238 3941 1490 4007 propter
1507 3937 1668 4008 quod
1697 3942 1820 3994 tra-

152 4018 311 4075 didit
340 4018 477 4074 illos
506 4021 662 4076 Deus
690 4021 754 4077 in
787 4021 1085 4080 desideria
1121 4024 1320 4081 cordis
1349 4039 1578 4095 eorum,
1618 4026 1683 4081 in
1712 4026 1821 4082 im-

150 4106 538 4170 munditiam,
568 4112 626 4163 et
653 4112 869 4167 caetera
894 4127 1030 4183 quas
1061 4116 1398 4185 sequuntur
1433 4131 1446 4182 ;
1498 4119 1555 4169 et
1582 4113 1680 4169 hic
1712 4112 1820 4170 uti-

152 4210 278 4269 que
310 4195 479 4251 vides
503 4212 751 4253 causam
782 4204 1025 4272 propter
1053 4217 1240 4274 quam
1296 4202 1491 4259 traditi
1521 4207 1660 4259 sunt
1690 4203 1818 4260 sine

1944 1712 1999 1763 et
2026 1706 2254 1777 angelis
2283 1706 2432 1777 ejus,
2456 1705 2563 1779 qui
2592 1708 2733 1761 sunt
2759 1702 2988 1759 inimici
3008 1706 3189 1776 atque
3216 1702 3403 1760 invidi
3456 1719 3599 1761 nos-

1940 1797 2033 1854 tri.
2069 1797 2217 1852 Cum
2268 1810 2410 1866 ergo
2456 1795 2672 1851 dicitur
2701 1793 2887 1850 homo
2916 1793 3081 1849 tradi
3115 1793 3422 1849 desideriis
3449 1795 3591 1865 suis,

1938 1886 2079 1943 inde
2108 1886 2176 1942 ﬁt
2201 1901 2360 1957 reus,
2392 1885 2535 1957 quia
2563 1883 2836 1940 desertus
2887 1898 2924 1939 a
2964 1885 3083 1938 Deo
3114 1881 3272 1938 cedit
3296 1882 3381 1938 eis
3412 1886 3592 1955 atque

1938 1976 2249 2047 consentit,
2281 1974 2554 2044 vincitur,
2587 1973 2839 2046 capitur,
2874 1972 3146 2036 trahitur,
3197 1972 3543 2043 possidetur
3573 1990 3587 2028 :

1936 2069 1984 2120 A
2014 2082 2129 2138 quo
2153 2067 2313 2122 enim
2334 2065 2465 2136 quis
2494 2064 2759 2120 devictus
2780 2067 2888 2132 est,
2920 2062 3059 2118 huic
3082 2067 3139 2118 et
3166 2076 3372 2118 servus
3396 2062 3592 2119 addic-

1937 2161 2033 2211 tus
2053 2161 2133 2211 est
2166 2154 2257 2227 (II
2280 2155 2443 2210 Petr.
2470 2169 2537 2222 ii,
2574 2153 2680 2225 t9),
2711 2155 2769 2208 et
2787 2150 2854 2208 ﬁt
2901 2152 2955 2207 ei
3008 2154 3327 2225 peccatum
3376 2166 3587 2207 conse-

1933 2260 2150 2317 quens,
2183 2242 2575 2317 praecedentis
2604 2257 2786 2314 pcena
2813 2240 3063 2314 peccati.
3096 2250 3312 2296 Annon
3340 2243 3429 2297 est
3450 2256 3589 2313 pec-

1931 2338 2137 2389 catum
2163 2338 2219 2388 et
2242 2347 2424 2405 pmna
2444 2330 2671 2403 peccati
2685 2332 2713 2387 ?
2736 2329 2837 2387 ubi
2860 2329 3101 2401 legitur:
3117 2329 3404 2386 Dominus
3422 2330 3587 2386 enim

1929 2423 2166 2479 miscuit
2184 2422 2305 2478 illis
2321 2422 2601 2490 spiritum
2622 2421 2864 2489 erroris,
2884 2425 2939 2477 et
2958 2419 3329 2477 seduxerunt
3344 2420 3589 2491 Δαυρ-

1932 2517 2056 2568 tum
2072 2512 2135 2567 in
2147 2510 2416 2567 omnibus
2428 2510 2700 2580 operibus
2716 2509 3015 2581 suis,sicut
3028 2508 3332 2565 seducitur
3351 2509 3548 2566 ebrius
3560 2512 3589 2564 ?

1926 2600 2211 2672 (Isa.x1x,
2242 2600 2352 2670 24.)
2386 2602 2514 2654 Non
2555 2602 2644 2654 est
2665 2601 3003 2671 peccatum,
3037 2601 3094 2653 et
3138 2612 3323 2670 poena
3351 2599 3590 2670 peccati

1925 2689 2031 2746 ubi
2060 2688 2182 2746 Deo
2226 2688 2368 2745 dicit
2404 2687 2698 2760 Propheta
2730 2705 2743 2743 :
2771 2687 2926 2755 Quid
2968 2701 3178 2745 errare
3204 2687 3405 2756 fecisti
3429 2742 3433 2749 ,
3453 2702 3583 2754 nos,

1925 2779 2192 2850 Domine,
2225 2794 2263 2833 a
2293 2778 2390 2833 via
2423 2782 2552 2848 tua,
2578 2777 2846 2833 obtulisti
2870 2781 3078 2832 nostra
3106 2774 3293 2831 corda
3325 2790 3339 2829 :
3373 2779 3440 2828 ut
3463 2787 3583 2828 non

1928 2872 2267 2925 timeremus
2287 2871 2341 2923 te
2363 2869 2391 2921 ?
2419 2866 2560 2938 (Isa.
2585 2880 2740 2921 ani.
2776 2864 2886 2935 l7.)
2913 2867 3044 2919 Non
3097 2867 3190 2919 est
3239 2865 3580 2935 peccatum,

1925 2961 1984 3014 et
2011 2971 2193 3029 poena
2241 2954 2470 3027 peccati
2503 2952 2608 3009 ubi
2635 2967 2843 3008 rursus
2874 2952 2994 3008 Deo
3042 2950 3257 3007 dicitur
3297 2951 3488 3007 :Ecce
3515 2954 3582 3004 tu

1923 3049 2119 3102 iratus
2149 3059 2228 3114 es,
2251 3048 2307 3100 et
2328 3058 2432 3099 nos
2448 3041 2868 3112 peccavimus:
2882 3044 3206 3110 propterea
3225 3039 3577 3108 erravimus,

1926 3141 1981 3192 et
2008 3134 2165 3205 facti
2189 3147 2392 3188 sumus
2422 3131 2597 3187 sicuti
2624 3129 2918 3186 immundi
2938 3143 3139 3185 omnes
3163 3129 3191 3184 ‘t
3221 3128 3322 3195 (Is.
3345 3142 3497 3194 LXIV,
3522 3129 3575 3193 5,

1926 3225 1999 3295 6.)
2033 3226 2161 3280 Non
2191 3226 2280 3278 est
2309 3224 2644 3295 peccatum,
2671 3222 2729 3275 et
2764 3234 2948 3292 poena
2980 3216 3209 3291 peccati
3235 3216 3341 3273 ubi
3363 3215 3579 3286 legitur

1926 3310 2000 3367 de
2024 3310 2307 3368 Gentibus
2336 3326 2489 3383 quas
2518 3307 2839 3365 debellavit
2862 3309 3032 3387 lesus
3067 3309 3226 3363 Nave
3254 3324 3267 3362 :
3293 3304 3447 3373 Quia
3469 3318 3579 3374 per

1923 3401 2247 3457 Dominum
2273 3400 2510 3470 factum
2540 3402 2625 3455 est
2649 3397 2989 3468 confortari
3018 3411 3122 3453 cor
3145 3410 3370 3466 eorum,
3404 3398 3470 3449 ut
3483 3391 3579 3449 ob-

1923 3490 2084 3547 viam
2112 3490 2268 3546 irent
2289 3489 2371 3546 ad
2409 3488 2629 3545 bellum
2650 3486 2731 3544 ad
2752 3487 2966 3556 Israel,
3000 3491 3067 3542 ut
3096 3485 3577 3543 exterminaren-

1927 3587 2029 3639 tur
2057 3584 2085 3637 ?
2105 3579 2249 3648 (Jos.
2280 3594 2355 3648 xx,
2382 3578 2493 3650 20.)
2527 3593 2650 3634 non
2679 3580 2767 3634 est
2795 3579 3114 3650 peccatum
3144 3578 3202 3632 et
3229 3590 3412 3649 paena
3437 3589 3580 3647 pec-

1925 3669 2081 3737 cati;
2113 3668 2281 3743 quod
2304 3684 2429 3724 non
2458 3666 2688 3724 audivit
2715 3682 2819 3723 rex
2848 3665 3121 3723 Roboam
3150 3664 3392 3739 plebem
3421 3663 3577 3727 bene

1926 3763 2273 3814 monentem
2294 3758 2323 3813 ?
2378 3757 2693 3829 quoniam,
2752 3754 2904 3811 sicut
2929 3755 3232 3826 Scriptura
3262 3752 3529 3825 loquitur
3563 3769 3577 3808 :

1924 3848 2079 3903 Erat
2112 3846 2415 3902 conversio
2470 3860 2509 3900 a
2558 3844 2830 3911 Domino,
2878 3847 2945 3897 ut
2997 3846 3285 3897 statueret
3335 3839 3581 3895 verbum

1926 3950 2097 3991 suum
2120 3932 2281 4004 quod
2308 3932 2381 3987 de
2401 3932 2509 3987 illo
2540 3933 2771 3987 locutus
2797 3933 2884 3985 est
2907 3929 2971 3984 in
3000 3942 3187 3984 manu
3238 3926 3409 3983 Abice
3434 3940 3578 3996 pro-

1925 4025 2126 4096 pheta
2148 4023 2204 4095 (Ι
2205 4022 2269 4077 II
2289 4022 2431 4091 Reg,
2452 4036 2553 4088 xu,
2586 4020 2693 4091 15).
2722 4021 2852 4075 Non
2872 4022 2961 4075 est
2984 4020 3301 4091 peccatum
3321 4020 3379 4073 et
3398 4030 3583 4090 paena

1927 4112 2154 4188 peccati
2185 4112 2244 4167 iu
2268 4127 2340 4167 eo
2365 4110 2531 4184 quod
2553 4109 2842 4182 scriptum
2869 4111 2984 4180 est,
3010 4106 3322 4165 Amasiam
3376 4122 3581 4177 regem

1928 4201 2084 4259 Juda
2135 4199 2397 4257 noluisse
2450 4198 2658 4255 audire
2707 4200 2881 4255 Joam
2926 4213 3132 4270 regem
3186 4196 3366 4254 Israel
3428 4196 3584 4254 bene

155 4282 283 4339 ulla
313 4283 703 4354 ambiguitate
754 4293 1171 4345 monstratam.
1206 4289 1358 4347 Dixit
1405 4291 1630 4364 quippe
1668 4291 1819 4366 quid
1848 4344 1893 4366 η
1930 4295 2275 4348 monentem
2296 4305 2371 4344 ne
2401 4289 2752 4362 procederet
2778 4287 2858 4345 ad
2879 4286 3231 4345 bellandum
3249 4288 3278 4343 ?
3308 4286 3392 4342 sic
3423 4285 3585 4342 enim

157 4368 304 4426 mali
334 4375 473 4426 ante
502 4371 795 4441 fecissent,
819 4378 875 4430 et
900 4375 1177 4447 adjunxit
1200 4393 1212 4432 :
1235 4384 1484 4449 propter
1509 4381 1668 4452 quod
1699 4386 1821 4437 tra-

156 4458 322 4514 didit
344 4458 484 4513 itlos
507 4459 661 4516 Deus
684 4463 746 4518 in
768 4462 1066 4522 desideria
1091 4467 1290 4522 cordis
1317 4483 1540 4524 eorum.
1570 4467 1823 4524 Proinde

154 4542 559 4621 pracedentis
587 4552 671 4604 est
696 4550 821 4607 haec
846 4567 1028 4624 poena
1056 4554 1310 4625 peccati,
1333 4559 1390 4610 et
1418 4562 1621 4611 tamen
1643 4555 1825 4612 etiam

157 4635 295 4707 ipsa
323 4636 642 4705 peccatum
690 4642 793 4702 est,
846 4640 1013 4713 quod
1055 4640 1255 4697 verbis
1304 4644 1823 4716 consequentibus

158 4720 443 4794 explicat.
469 4722 585 4779 Sed
613 4729 673 4781 tu
704 4731 915 4784 contra
945 4728 1249 4785 disserens
1272 4745 1343 4786 eo
1375 4731 1559 4788 modo
1601 4732 1707 4788 tibi
1737 4732 1827 4787 vi-

157 4811 323 4869 deris
351 4812 529 4870 istam
572 4814 819 4873 solvisse
868 4818 1281 4890 quaestionem,
1325 4820 1468 4893 quia
1516 4820 1827 4877 desideriis

158 4902 288 4959 suis
319 4904 644 4975 Apostolus
698 4907 943 4964 traditos
972 4908 1125 4966 dixit
1178 4928 1190 4965 ε
1225 4911 1359 4967 Jam
1386 4910 1548 4967 enim
1574 4911 1832 4983 ﬂagitio-

157 5007 297 5048 rum
318 4991 539 5065 iniquis
564 4994 698 5066 [al.,
745 4995 964 5069 inquis]
1000 4997 1312 5055 desideriis
1360 5001 1734 5072 aestuabant;
1773 5007 1832 5061 et

156 5079 448 5152 adjungis
496 5098 568 5139 ac
598 5083 750 5140 dicis
785 5103 797 5141 :
830 5086 1146 5151 Quomodo
1193 5103 1335 5160 ergo
1365 5105 1474 5163 per
1500 5093 1831 5163 potentiam

155 5167 447 5225 tradentis
474 5170 812 5245 deputandi
841 5178 982 5231 sunt
1010 5175 1071 5231 in
1103 5175 1242 5233 talia
1284 5178 1444 5236 facta
1490 5180 1778 5238 cecidisse
1806 5184 1835 5238 ?

155 5257 309 5332 quid
335 5272 478 5330 ergo
510 5260 646 5333 plus
666 5260 894 5319 factum
920 5268 1029 5331 est,
1058 5264 1310 5323 obsecro
1335 5270 1414 5336 te,
1442 5271 1545 5322 aut
1569 5268 1714 5338 quid
1745 5268 1836 5322 di-

158 5349 321 5403 ceret
351 5363 364 5401 :
392 5349 670 5406 Tradidit
699 5343 839 5408 illos
868 5354 1024 5410 Deus
1055 5354 1120 5409 in
1150 5354 1449 5411 desideria
1500 5357 1697 5411 cordis
1746 5371 1836 5411 eo-

157 5450 336 5506 rum;
364 5435 412 5491 si
456 5437 583 5508 jam
613 5445 784 5496 erant
830 5441 1098 5514 possessi
1136 5441 1602 5515 quodammodo
1656 5443 1835 5500 malis

159 5523 479 5581 desideriis
511 5527 712 5583 cordis
736 5530 877 5587 sui?
907 5530 1193 5603 Nunquid
1223 5535 1426 5587 autem
1458 5546 1836 5606 consequens

161 5618 254 5672 est
280 5619 347 5671 ut
378 5614 431 5671 si
454 5614 644 5674 habet
680 5618 895 5696 aliquis
924 5619 1121 5680 cordis
1141 5617 1442 5680 desideria
1488 5619 1668 5690 mala,
1695 5624 1826 5695 jam

1848 4344 1894 4398 D

1927 4380 2146 4450 legitur
2186 4380 2282 4436 :Et
2314 4394 2433 4435 non
2483 4380 2716 4437 audivit
2779 4378 3057 4436 Amasias
3089 4377 3370 4450 quoniam
3394 4390 3432 4432 a
3468 4378 3584 4431 Deo

1932 4474 2059 4527 erat
2092 4475 2157 4524 ut
2198 4468 2543 4526 traderetur
2589 4468 2653 4523 in
2705 4482 2919 4523 manus
2968 4465 3246 4532 hostium,
3301 4464 3587 4535 quoniam

1934 4557 2250 4630 quasiet-at
2285 4556 2474 4611 Deum
2504 4556 2692 4611 Edom
2722 4555 2815 4626 (II
2836 4555 2984 4610 Par.
3018 4570 3156 4623 xxv,
3190 4551 3301 4624 20).
3343 4547 3587 4606 Etmul-

1932 4651 1994 4702 ta
2048 4644 2167 4701 alia
2221 4658 2697 4699 commemorare
2745 4658 3096 4716 possumus,
3154 4641 3216 4697 in
3263 4637 3485 4714 quibus
3522 4636 3592 4694 li-

1934 4732 2120 4807 quido
2142 4736 2433 4806 appareat
2455 4731 2690 4788 occulto
2713 4731 2943 4803 judicio
2965 4730 3065 4787 Dei
3089 4729 3218 4786 ﬁeri
3238 4726 3591 4803 perversita-

1934 4827 2055 4879 tem
2086 4821 2303 4889 cordis,
2332 4826 2397 4876 ut
2441 4836 2565 4878 non
2595 4820 2875 4878 audiatur
2919 4820 3086 4893 quod
3114 4834 3326 4875 verum
3355 4817 3590 4886 dicitur,

1936 4915 1994 4968 et
2020 4909 2161 4967 inde
2192 4914 2488 4982 peccetur,
2540 4914 2598 4967 et
2631 4909 2707 4966 sit
2752 4908 2953 4983 ipsum
3009 4913 3325 4982 peccatum
3369 4923 3591 4982 praece-

1936 4999 2129 5056 dentis
2149 4998 2330 5055 etiam
2360 5014 2543 5071 pmna
2568 4998 2814 5072 peccati.
2861 5002 3011 5055 Nam
3070 4998 3310 5055 credere
3349 4997 3597 5055 menda-

1939 5089 2052 5159 cio,
2084 5092 2142 5146 et
2164 5105 2287 5145 non
2319 5088 2559 5146 credere
2591 5088 2844 5155 veritati,
2880 5088 3085 5162 utique
3115 5092 3433 5162 peccatum
3462 5091 3594 5155 est;

1940 5178 2102 5235 venit
2140 5184 2344 5236 tamen
2375 5179 2453 5236 ab
2501 5195 2573 5235 ea
2616 5178 2877 5235 caecitate
2907 5178 3127 5248 cordis,
3182 5196 3317 5253 quas
3362 5175 3595 5234 occulto

1937 5266 2165 5339 judicio
2192 5267 2315 5336 Dei,
2349 5268 2457 5325 sed
2489 5272 2692 5324 tamen
2721 5268 2910 5340 justo,
2960 5268 3141 5326 etiam
3168 5265 3397 5342 peccati
3413 5276 3600 5337 poena

1942 5360 2329 5414 monstratur.
2379 5357 2565 5424 Quale
2596 5361 2686 5414 est
2713 5356 2893 5414 etiam
2921 5357 3070 5414 illud
3098 5355 3265 5430 quod
3292 5354 3371 5411 ad
3416 5352 3598 5409 Thes-

1945 5444 2346 5503 salonicenses
2386 5448 2592 5505 scribit
2634 5448 2954 5523 Apostolus
3000 5465 3013 5503 :
3046 5448 3170 5503 Pro
3200 5461 3265 5503 eo
3319 5442 3479 5518 quod
3506 5443 3599 5498 di-

1947 5535 2256 5590 lectionem
2304 5539 2575 5593 veritatis
2622 5554 2743 5594 non
2774 5540 3145 5608 receperunt,
3204 5540 3267 5590 ut
3295 5535 3456 5592 εαὶυί
3494 5533 3599 5602 βε·

1952 5628 2128 5693 rent;
2158 5628 2210 5681 et
2228 5622 2355 5682 ideo
2385 5626 2574 5687 mittet
2605 5627 2728 5683 illis
2749 5628 2908 5694 Deus
2927 5624 3330 5711 operationem
3357 5620 3576 5683 erroris
