4128 6200
577 206 711 260 i207

1643 209 1697 264 8.
1763 205 2134 264 PRUDENTII
2172 203 2544 263 TRECENSIS
2585 198 2899 264 EPISCOPI

3849 201 3990 258 126³

569 333 638 383 ut
675 326 925 383 credant
953 325 1262 383 mendacio
1292 327 1384 400 (II
1420 327 1617 388 Thess.
1652 347 1712 402 ιι,
1751 330 1858 403 Ib).
1913 331 2060 386 Ecce
2087 344 2220 402 pec—
2249 333 2296 383 A
2334 327 2479 385 libet
2509 329 2637 400 [al.,
2670 325 3308 404 quantamlibet]enim
3332 323 3595 399 praebeat
3609 322 3988 398 patientiam,

570 415 683 471 cati
714 428 899 487 pcnna
922 419 1235 486 peccatum
1275 421 1381 474 est.
1428 420 1756 494 Utrumque
1800 420 2000 483 claret,
2032 418 2221 475 brevi-

568 507 658 560 ter
684 501 912 559 dictum
939 506 1045 571 est,
1079 510 1282 578 aperte
1324 506 1550 564 dictum
1605 513 1710 572 est,
1740 509 1817 566 ab
1873 525 1942 566 eo
1993 508 2220 564 dictum

567 595 658 649 est
684 593 858 664 cujus
888 593 1008 650 alia
1043 595 1227 652 verba
1277 597 1340 652 in
1383 601 1549 655 tuam
1601 600 1955 657 sententiam
2003 598 2222 656 frustra

567 681 924 756 detorquere
955 687 1208 740 conatus
1227 702 1314 742 es.
1348 687 1501 753 Quid
1517 691 1608 745 est
1633 694 1833 746 autem
1854 689 2017 763 quod
2049 688 2220 754 dicis,

571 774 719 829 Cum
745 770 1056 828 desideriis
1079 773 1202 828 suis
1228 775 1428 831 traditi
1455 775 1755 849 dicuntur,
1787 778 1968 836 relicti
1997 793 2102 850 per
2130 777 2220 833 di-

565 860 774 918 vinam
803 860 1133 933 potentiam
1184 862 1550 933 intelligendi
1571 872 1727 934 sunt,
1747 881 1869 923 non
1889 882 1997 940 per
2015 870 2221 942 poten-

568 949 716 1007 tiam
740 949 800 1006 in
832 955 1080 1023 peccata
1111 953 1429 1026 compulsi,
1460 956 1639 1026 quasi
1667 971 1789 1012 non
1821 956 1999 1012 simul
2023 943 2224 1029 posuit

569 1039 700 1110 [al.,
727 1040 1016 1112 posuerit]
1045 1040 1174 1097 haec
1202 1041 1326 1098 duo
1353 1042 1512 1099 idem
1558 1045 1878 1117 Apostolus
1907 1049 1964 1102 et
1991 1045 2222 1118 patien-

568 1126 712 1184 tiam
742 1132 800 1186 et
825 1129 1175 1200 potentiam,
1206 1130 1310 1186 ubi
1344 1131 1422 1188 ait
1448 1133 1584 1190 :Sic
1613 1140 1811 1191 autem
1835 1137 2036 1192 volens
2067 1137 2221 1192 Deus

568 1218 878 1274 ostendere
899 1219 1075 1288 iram,
1108 1224 1162 1275 et
1193 1220 1605 1279 demonstrare
1649 1225 1982 1293 potentiam
2029 1240 2221 1290 suam,

569 1307 774 1364 attulit
795 1309 860 1362 in
908 1308 1102 1364 multa
1117 1310 1420 1378 patientia
1460 1326 1604 1368 vasa
1638 1314 1765 1381 irx,
1801 1327 1937 1384 quae
1955 1315 2224 1386 perfecta

568 1401 710 1452 sunt
729 1396 1201 1466 inperditionem
1233 1400 1421 1472 (Rom.
1452 1417 1530 1470 ιιι,
1557 1405 1670 1469 22).
1699 1403 1852 1468 Quid
1887 1403 2104 1459 horum
2141 1407 2226 1459 ta-

569 1499 710 1542 men
735 1485 886 1541 dicis
915 1501 1064 1553 esse,
1093 1487 1260 1558 quod
1306 1488 1594 1561 scriptum
1626 1495 1715 1546 est
1742 1493 1770 1546 ?
1797 1493 1875 1546 Et
1929 1492 2225 1562 propheta

569 1573 622 1627 si
642 1576 956 1640 erraverit,
991 1579 1045 1630 et
1078 1576 1312 1632 locutus
1339 1577 1549 1646 fuerit,
1582 1579 1710 1649 Ego
1741 1581 2031 1637 Dominus
2059 1581 2227 1638 sedu-

2330 417 2443 473 nisi
2471 417 2600 490 ipse
2622 417 3013 489 dederit,quis
3034 415 3217 472 habet
3235 415 3337 487 [αι.
3352 413 3514 486 ,agit]
3529 412 3991 487 paenitentiam?

2333 508 2420 562 An
2451 507 2670 565 oblitus
2697 525 2759 564 es
2787 507 2953 581 quod
2981 505 3142 563 idem
3171 504 3297 579 ipse
3323 504 3533 561 doctor
3561 503 3646 560 ait
3670 520 3684 558 :
3722 503 3822 560 Nc
3836 504 3991 573 ferte

2329 596 2427 654 det
2457 597 2582 654 illis
2609 600 2766 656 Deus
2792 597 3206 671 penitentiam
3230 595 3311 652 ad
3335 593 3817 665 cognoscendam
3846 595 3989 650 veri-

2330 689 2530 756 tatem,
2564 691 2621 743 et
2648 685 3002 757 resipiscant
3048 699 3085 740 a
3131 682 3359 739 diaboli
3389 683 3614 754 laqueis
3647 681 3713 752 (Ii
3751 682 3906 737 Tim.
3935 695 3988 752 ιι,

2326 779 2415 844 25,
2435 774 2547 847 26),
2570 775 2675 832 sed
2687 776 2925 848 judicia
2954 774 3082 845 ejus
3109 773 3303 830 multa
3333 771 3581 842 abyssus
3601 769 3798 844 (Psal.
3817 787 3990 840 xxxv,

2327 869 2405 934 '1).
2441 869 2556 922 Nos
2581 869 2735 923 certe
2756 865 2804 922 si
2834 881 2936 922 eos
2965 865 3025 920 in
3049 879 3202 937 quos
3232 861 3408 919 nobis
3431 866 3698 934 potestas
3719 865 3831 922 est.
3862 866 3992 918 ante

2330 953 2538 1010 oculos
2567 959 2803 1010 nostros
2836 957 3175 1026 perpetrare
3207 951 3428 1009 scelera
3450 949 3896 1024 permittamus,
3916 952 3995 1006 rei

2330 1059 2469 1099 cum
2511 1043 2656 1116 ipsis
2706 1043 2947 1100 erimus.
2979 1043 3172 1108 Quam
3216 1055 3354 1096 vero
3400 1037 3873 1096 innumerabilia
3900 1039 3996 1096 ille

2327 1131 2612 1203 permittit
2634 1131 2762 1187 ﬁeri
2799 1134 2935 1187 ante
2965 1129 3170 1186 oculos
3202 1144 3365 1198 suos,
3397 1143 3533 1201 quae
3564 1129 3774 1200 utique
3807 1127 3859 1183 si
3890 1141 3997 1184 no-

2328 1220 2554 1290 luisset,
2580 1220 2746 1278 nulla
2778 1220 3009 1277 ratione
3047 1219 3431 1293 permitteret,
3463 1219 3520 1274 et
3567 1220 3759 1273 tamen
3784 1217 4001 1289 justus

2331 1308 2600 1365 etbouus
2626 1311 2731 1376 est,
2757 1312 2813 1365 et
2835 1309 3001 1382 quod
3025 1306 3348 1381 praebendo
3372 1305 3741 1381 patientiam,
3767 1307 3892 1362 Dat
3921 1307 4004 1361 Io-

2333 1412 2466 1454 cum
2511 1399 2901 1467 paenitentiae,
2933 1397 3137 1452 nolens
3180 1396 3439 1467 aliquem
3491 1395 3694 1464 perire
3723 1393 3792 1465 (il
3829 1395 3997 1450 Petr.

2332 1505 2411 1554 ιιι,
2445 1491 2499 1556 9)
2525 1506 2538 1556 ;
2571 1488 2751 1545 Novit
2774 1489 3061 1543 Dominus
3080 1486 3186 1562 qui
3203 1489 3345 1541 sunt
3373 1485 3500 1554 ejus
3520 1483 3592 1551 (ll
3616 1484 3770 1540 Tim.
3801 1499 3867 1553 ιι,
3895 1483 3996 1558 l9).

2332 1579 2396 1633 Et
2425 1579 2624 1634 omnia
2655 1581 3010 1647 cooperatur
3039 1575 3170 1648 [al.,
3191 1573 3616 1644 cooperantur]
3641 1574 3710 1628 in
3741 1573 4000 1643 bonum;

569 1661 640 1717 xi
655 1663 1011 1732 prophetam
1040 1665 1236 1733 illum,
1265 1671 1321 1722 et
1369 1667 1688 1725 extendam
1737 1686 1980 1727 manum
2033 1685 2224 1728 meam
2256 1685 2295 1739 Β
2331 1667 2434 1723 sed
2497 1666 2589 1723 his
2639 1668 2747 1742 qui
2793 1665 3117 1723 secundum
3169 1665 3539 1735 propositum
3589 1664 3802 1719 vocati
3866 1670 4000 1718 sunt

567 1765 746 1821 super
771 1767 924 1823 cum,
951 1758 1007 1808 et
1027 1755 1438 1812 exterminabo
1464 1772 1596 1813 eum
1644 1759 1718 1814 de
1760 1761 1957 1816 medio
2013 1762 2227 1830 populi

567 1841 687 1896 mei
705 1841 899 1896 Israel
921 1857 934 1895 :
966 1841 1252 1913 patientia
1294 1847 1381 1900 est
1420 1860 1491 1901 ac
1545 1847 1814 1922 potentia
1840 1849 1868 1904 ?
1914 1849 2228 1922 quodlibet

568 1925 779 1998 eligas,
810 1927 903 1984 vel
929 1935 1252 2004 utrumque
1307 1931 1565 1990 fatearis.
1627 1936 1808 1993 Vides
1838 1942 2037 1994 tamen
2079 1939 2224 1996 false

568 2017 983 2090 prophetantls
1032 2025 1348 2092 peccatum
1378 2038 1531 2094 esse,
1571 2041 1939 2100 poenamque
1971 2029 2223 2101 peccati.

571 2109 660 2162 An
690 2109 748 2163 et
766 2107 862 2163 hic
893 2108 1162 2165 dicturus
1191 2126 1254 2166 es
1284 2112 1450 2186 quod
1483 2113 1563 2170 ait
1597 2131 1610 2170 :
1637 2115 1768 2187 Ego
1796 2118 2085 2174 Dominus
2136 2134 2224 2176 se-

570 2195 729 2252 duxi
740 2197 1102 2267 prophetam
1123 2202 1318 2269 illum,
1337 2201 1792 2274 intelligendum
1815 2222 1943 2263 esse
1964 2207 2223 2279 deserui,

570 2288 636 2340 ut
662 2300 773 2358 pro
801 2286 886 2342 eis
914 2287 1060 2358 [Al.,
1087 2289 1241 2364 ejus)
1264 2291 1490 2347 meritis
1521 2293 1805 2351 seductus
1837 2299 2076 2353 erraret.
2102 2298 2226 2367 Age

569 2379 636 2432 ut
660 2374 750 2430 vis
784 2381 1024 2434 :tamen
1050 2395 1120 2434 eo
1171 2380 1354 2436 modo
1385 2382 1630 2454 punitus
1682 2389 1771 2440 est
1800 2401 1909 2458 pro
1955 2393 2224 2459 peccato.

570 2469 639 2522 ut
665 2465 887 2522 falsum
917 2468 1337 2541 prophetando
1355 2476 1646 2544 peccaret.
1666 2474 1777 2531 Sed
1803 2475 1944 2532 illud
1975 2477 2224 2548 intuere,

572 2556 739 2628 quod
778 2557 937 2612 Vidit
960 2557 1230 2614 Michteas
1259 2561 1555 2633 propheta
1584 2564 1904 2621 Dominum
1931 2567 2224 2624 sedentem

571 2659 755 2714 super
781 2647 1062 2703 thronum
1093 2661 1285 2714 suum,
1319 2656 1374 2705 et
1405 2653 1594 2706 omnis
1623 2655 1919 2708 exercitus
1945 2656 2082 2712 caeli
2104 2662 2225 2712 sta-

577 2734 678 2790 bat
707 2735 868 2791 circa
899 2750 1028 2792 eum
1067 2751 1105 2793 a
1126 2737 1357 2794 dextris
1378 2741 1504 2808 ejus
1535 2745 1590 2796 et
1612 2757 1649 2797 a
1693 2741 1950 2798 sinistris
1983 2746 2129 2815 ejus,
2173 2751 2226 2802 et

575 2823 734 2878 dixit
754 2824 1042 2880 Dominus
1081 2826 1222 2897 quia
1261 2827 1498 2883 seducet
1525 2828 1736 2885 Achab
1785 2846 1980 2901 regem
2016 2833 2226 2900 Israel,

575 2916 631 2968 et
660 2913 924 2970 ascendit
954 2918 1008 2970 et
1039 2915 1217 2972 cadat
1247 2915 1373 2987 [al.,
1397 2918 1673 2975 ascendet
1721 2924 1775 2975 et
1810 2921 2001 2989 cadet]
2029 2923 2089 2977 in
2117 2925 2230 2980 Ba-

574 3003 779 3100 maoth
802 3004 1043 3060 Galaad
1116 3007 1179 3100 Et
1206 3005 1362 3062 dixit
1387 3007 1495 3062 iste
1516 3009 1599 3063 sic
1620 3013 1672 3064 et
1695 3009 1805 3065 iste
1834 3011 1935 3066 sic.
1971 3011 2048 3066 Et
2083 3014 2229 3068 exiit
2261 3040 2304 3100 ο

575 3093 845 3162 spiritus,
873 3101 928 3151 et
956 3095 1118 3152 stetit
1147 3096 1209 3151 in
1258 3103 1576 3166 conspectu
1628 3099 1888 3169 Domini,
1941 3107 1993 3157 et
2023 3102 2178 3159 dixit
2213 3121 2226 3160 :

577 3181 705 3250 Ego
735 3183 1010 3240 seducam
1039 3197 1212 3255 eum;
1246 3191 1300 3242 et
1329 3185 1483 3240 dixit
1503 3187 1790 3242 Dominus
1842 3190 1924 3245 ad
1951 3205 2082 3248 eum
2111 3208 2131 3246 .·
2155 3193 2230 3249 In

575 3286 692 3343 quo
723 3275 752 3326 ?
776 3272 855 3328 Et
884 3273 1038 3329 dixit
1074 3290 1087 3328 :
1127 3273 1342 3344 Exibo,
1374 3281 1428 3330 et
1460 3289 1560 3330 ero
1598 3277 1846 3344 spiritus
1876 3280 2138 3336 mendax
2167 3283 2227 3338 in

575 3374 679 3416 ore
705 3363 968 3417 omnium
988 3363 1422 3431 prophetarum
1445 3366 1590 3433 ejus.
1619 3365 1699 3419 Et
1724 3366 1878 3423 dixit
1913 3385 1924 3422 :
1951 3368 2228 3438 Seduces,

576 3452 633 3503 et
653 3449 1007 3516 praevalebis
1039 3468 1051 3517 ;
1093 3453 1209 3516 exi,
1243 3456 1297 3507 et
1312 3451 1420 3520 fac
1438 3454 1522 3507 sic
1554 3453 1670 3522 (III
1691 3455 1830 3526 Reg.
1864 3472 1999 3523 xxu,
2023 3459 2111 3525 20,
2137 3463 2227 3528 2i,

576 3534 689 3605 22).
719 3535 872 3600 Quid
925 3535 1004 3591 ad
1053 3536 1167 3592 ista
1196 3536 1464 3595 dicturus
1505 3541 1617 3596 es?
1667 3557 1886 3615 nempe
1943 3561 2044 3600 rex
2102 3547 2228 3620 ipse

575 3624 848 3696 peccavit
875 3624 1042 3682 falsis
1092 3626 1393 3684 credendo
1432 3631 1739 3704 prophetis
1789 3639 1892 3690 :at
1930 3634 2057 3692 haec
2099 3638 2230 3712 ipsa

578 3717 705 3771 erat
730 3717 787 3770 et
809 3729 994 3788 paena
1012 3716 1241 3788 peccati
1269 3732 1282 3772 :
1319 3719 1438 3774 Deo
1469 3718 1791 3784 indicante,
1821 3723 1940 3779 Deo
1967 3726 2229 3784 mittente

575 3802 859 3874 angelum
896 3803 1148 3878 malum,
1179 3809 1244 3863 ut
1303 3809 1564 3880 apertius
1591 3809 2052 3882 intelligeremus
2082 3831 2230 3890 quo-

574 3893 759 3951 modo
786 3893 848 3950 in
875 3894 1109 3952 Psalmo
1139 3896 1366 3953 dictum
1397 3898 1490 3970 sit,
1514 3901 1738 3958 misisse
1767 3903 1920 3960 iram
1952 3906 2229 3978 indigna-

576 3986 753 4043 tionis
809 4002 929 4043 sua'
953 4001 1068 4057 per
1121 3990 1365 4060 angelos
1404 3991 1594 4048 malos
1645 3991 1836 4062 (Psal.
1870 4011 2082 4065 Lxxvu,
2115 4000 2227 4071 49).

574 4075 687 4131 Sed
742 4075 1020 4148 nunquid
1076 4077 1384 4136 errando?
1442 4081 1718 4154 nunquid
1775 4083 1992 4154 injuste
2049 4087 2226 4159 quid-

573 4179 780 4237 quam,
848 4164 940 4221 vel
1002 4169 1222 4222 temere
1303 4167 1634 4238 iudicando
1718 4170 1840 4227 sive
1908 4173 2229 4235 faciendo?

575 4253 770 4323 absit;
817 4253 923 4311 sed
972 4271 1095 4311 non
1141 4255 1360 4312 frustra
1397 4257 1481 4313 illi
1535 4259 1762 4314 dictum
1812 4265 1940 4316 est:
1985 4264 2226 4322 Judicia

575 4347 680 4400 tua
720 4345 872 4401 sicut
910 4346 1104 4401 multa
1150 4344 1396 4416 abyssus
1430 4347 1615 4418 (Psal.
1639 4364 1822 4417 xxxv,
1853 4354 1927 4417 7).
1955 4353 2081 4407 Non
2111 4353 2224 4411 i‘ru-

571 4435 694 4490 stra
722 4433 1080 4507 Apostolus:
1136 4435 1184 4491 0
1219 4435 1481 4492 altitudo
1528 4435 1877 4494 divitiarum
1916 4442 2224 4510 sapientia:

569 4527 627 4580 et
668 4524 928 4581 scientias
971 4525 1100 4588 Dei,
1131 4539 1309 4595 quam
1353 4525 1774 4583 inscrutabilia
1823 4535 1964 4584 sunt
1983 4531 2223 4599 judicia

569 4615 716 4686 ejus,
748 4620 803 4672 et
830 4614 1272 4686 investigabiles
1302 4615 1412 4671 vix
1439 4617 1568 4686 ejus
1589 4619 1618 4670 ?
1662 4617 1794 4687 quis
1819 4619 1972 4676 enim
2005 4637 2220 4691 cogno-

567 4703 653 4760 vit
675 4719 910 4761 sensum
940 4704 1198 4768 Domini,
1215 4709 1322 4761 aut
1342 4706 1473 4776 quis
1503 4706 1884 4763 consiliarius
1915 4713 2042 4780 ejus
2062 4712 2223 4784 fuit;

566 4799 675 4850 aut
721 4794 852 4867 quis
896 4793 1072 4863 prior
1098 4792 1261 4850 dedit
1289 4794 1404 4861 illi,
1437 4799 1504 4850 ut
1533 4796 1907 4853 retribuatur
1949 4802 2004 4855 ei
2029 4801 2214 4873 (Rom.

565 4897 647 4947 xx,
677 4885 765 4948 33,
797 4885 886 4950 34,
911 4883 996 4952 35)
1019 4882 1048 4937 ‘l
1072 4881 1306 4938 nullum
1351 4881 1525 4954 elegit
1554 4883 1828 4955 dignum,
1864 4887 1971 4943 sed
2003 4888 2220 4960 eligen-

565 4967 646 5026 do
687 4968 880 5025 effecit
920 4969 1194 5040 dignum,
1226 4970 1458 5028 nullum
1502 4975 1706 5029 tamen
1748 4975 1919 5046 punit
1971 4975 2215 5047 indigne

563 5058 635 5140 [A
649 5060 688 5116 l.
700 5103 713 5130 ,
736 5058 1094 5132 indignum].

633 5147 745 5219 Ait,
774 5148 998 5223 inquis,
1020 5150 1376 5224 Apostolus:
1407 5152 1659 5209 Bonitas
1689 5152 1800 5209 Dei
1828 5153 1909 5208 ad
1925 5155 2214 5220 paeniten-

560 5238 705 5296 tiam
755 5245 810 5296 te
845 5240 1093 5298 adducit
1123 5241 1306 5312 (Rom.
1335 5257 1392 5307 ιι,
1425 5241 1500 5311 4).
1535 5243 1905 5296 Verum-esse
1937 5245 2168 5298 constat
2197 5262 2209 5312 ;

556 5327 665 5384 sed
691 5343 871 5404 quem
893 5329 1342 5406 praedestinavit
1360 5329 1636 5397 adducit;
1662 5329 1938 5401 quamvis
1956 5329 2102 5401 ipse,
2125 5347 2214 5386 se-

555 5416 827 5474 cundum
856 5418 1138 5476 duritiam
1167 5424 1224 5476 et
1252 5435 1356 5476 cor
1383 5417 1763 5490 imposnitens
1784 5416 2100 5490 (quantum
2132 5418 2209 5474 ad

552 5505 757 5580 ipsum
773 5507 1000 5580 attinet)
1021 5509 1378 5565 thesaurizet
1395 5506 1509 5562 sibi
1536 5507 1688 5562 iram
1709 5506 1770 5560 in
1796 5506 1892 5562 die
1917 5507 2022 5563 irae
2043 5513 2098 5563 et
2120 5523 2210 5565 re-

2333 1755 2518 1828 (Rom.
2546 1770 2665 1822 Vill,
2698 1758 2810 1824 28).
2848 1757 2974 1810 Non
3003 1753 3164 1810 enim
3207 1767 3418 1808 omnes
3464 1752 3569 1823 qui
3599 1749 3810 1807 vocati
3841 1755 3993 1821 sunt,

2333 1843 2669 1899 secundum
2727 1842 3103 1916 propositum
3160 1846 3298 1897 sunt
3340 1839 3555 1896 vocati.
3604 1840 3801 1896 Multi
3853 1841 3997 1896 enim

2333 1933 2548 1998 vocati,
2590 1933 2777 2002 pauci
2821 1947 2960 1988 vero
3007 1932 3180 1986 electi
3220 1929 3458 2001 (Matth.
3511 1943 3654 1991 xxn,
3728 1929 3838 2001 14).
3899 1930 3996 1995 Qui

2331 2037 2476 2092 ergo
2506 2021 2695 2092 electi,
2727 2021 2788 2076 hi
2816 2020 3149 2076 secundum
3180 2018 3554 2091 propositum
3576 2018 3805 2073 vocati.
3840 2018 3994 2074 Unde

2335 2115 2392 2168 et
2419 2110 2563 2167 alibi
2591 2110 2772 2166 dicit:
2823 2109 3162 2166 Secundum
3196 2107 3471 2163 virtutem
3509 2106 3609 2162 Dei
3658 2106 3870 2162 salvos
3899 2123 3994 2162 nos

2334 2199 2622 2267 facientis,
2675 2203 2732 2255 et
2776 2198 3047 2255 vocantis
3089 2198 3393 2254 vocatione
3437 2211 3548 2251 sua
3594 2203 3840 2263 sancta,
3889 2213 3992 2251 non

2335 2290 2657 2348 secundum
2701 2304 2882 2360 opera
2922 2295 3149 2355 nostra,
3184 2287 3286 2344 sed
3314 2287 3636 2344 secundum
3666 2302 3852 2342 suum
3874 2302 3995 2356 pro-

2331 2383 2610 2453 positum,
2640 2387 2694 2438 et
2719 2382 2983 2452 gratiam
3023 2395 3154 2452 quae
3193 2379 3338 2435 data
3363 2383 3447 2434 est
3475 2377 3643 2433 nobis
3675 2378 3737 2433 in
3771 2377 3996 2433 Christo

2333 2475 2471 2528 Jesu
2502 2478 2642 2529 ante
2667 2473 2891 2529 saecula
2919 2476 3143 2526 xterna
3173 2470 3242 2536 (ll
3282 2469 3426 2525 Tim.
3453 2484 3512 2530 ιι,
3543 2470 3596 2532 8,
3619 2468 3695 2533 9).
3729 2467 3993 2541 Denique

2335 2564 2390 2616 et
2416 2561 2512 2616 hic
2557 2577 2696 2616 cum
2743 2561 3031 2616 dixisset:
3090 2559 3303 2615 Omnia
3342 2562 3738 2627 cooperantur
3773 2558 3842 2610 in
3902 2556 3998 2611 bo.

2334 2665 2477 2706 num
2514 2651 2601 2706 his
2639 2651 2744 2721 qui
2797 2649 3120 2707 secundum
3164 2649 3536 2718 propositum
3591 2645 3778 2702 vocati
3825 2648 4004 2709 sum,

2335 2738 2620 2794 continuo
2650 2737 2917 2794 subdidit
2941 2755 2953 2794 :
2991 2738 3282 2804 Quoniam
3328 2751 3472 2807 quos
3502 2740 3645 2792 ante
3661 2734 4006 2804 priescivit,

2336 2831 2392 2884 et
2443 2827 2894 2897 praedestinavit
2945 2831 3277 2897 confbrmes
3324 2826 3594 2895 imaginis
3640 2823 3806 2878 Filii
3849 2838 4007 2893 ejus,

2337 2922 2404 2973 ut
2430 2918 2505 2973 sit
2528 2917 2970 2988 primogenitus
3017 2918 3080 2972 in
3125 2917 3330 2972 multis
3358 2913 3667 2985 fratribus.
3704 2913 3881 2981 Quos
3910 2929 4010 2969 au-

2342 3011 2454 3063 tem
2483 3007 2949 3076 praedestinavit,
2976 3007 3112 3061 illos
3141 3011 3194 3061 et
3225 3006 3478 3072 vocavit,
3499 3008 3550 3059 et
3571 3017 3721 3074 quos
3747 3005 4004 3069 voc-mit,

2340 3097 2496 3167 ipsos
2528 3101 2583 3152 et
2603 3097 2984 3166 justiﬁcavit,
3000 3110 3146 3166 quos
3164 3099 3361 3151 autem
3369 3093 3758 3163 justi/ienuit,
3779 3093 3936 3162 ipsos
3952 3100 4004 3147 et

2338 3185 2701 3255 gloriﬁcavit
2747 3185 2934 3255 (Rom.
2968 3199 3092 3254 VIII,
3123 3185 3216 3254 28,
3247 3187 3338 3246 29.
3367 3184 3480 3250 30),
3513 3181 3575 3236 hi
3608 3185 3751 3237 sunt
3795 3196 4003 3238 secun-

2337 3275 2486 3330 dum
2533 3274 2915 3346 propositum
2966 3273 3157 3329 vocati
3203 3271 3444 3343 (Ephes.
3477 3285 3514 3338 I,
3554 3271 3666 3341 Η),
3697 3270 3816 3342 ipsi
3867 3285 3999 3340 ergo

2337 3363 2525 3434 eiecti,
2553 3368 2610 3420 et
2637 3364 2752 3420 hoc
2774 3369 2911 3420 ante
2945 3361 3154 3418 mundi
3185 3360 3671 3418 constitutionem
3703 3359 3784 3415 ab
3819 3361 4003 3431 coqui

2338 3458 2510 3509 vocat
2525 3468 2594 3510 ea
2617 3467 2747 3525 quae
2767 3464 2886 3508 non
2901 3459 3062 3521 sunt,
3080 3457 3368 3523 tanquam
3387 3450 3507 3505 sint
3531 3448 3729 3519 (Rom.
3750 3465 3874 3514 11v,
3907 3448 3994 3507 ιτ).

2336 3542 2452 3599 Sed
2477 3543 2648 3599 electi
2667 3557 2780 3612 per
2808 3541 3148 3598 electionem
3179 3541 3409 3611 gratias.
3442 3537 3611 3595 Unde
3650 3537 3796 3593 dicit
3843 3536 3984 3594 idem

2339 3630 2549 3688 doctor
2568 3634 2624 3687 et
2651 3631 2725 3687 de
2747 3630 2923 3686 Israel
2943 3647 2956 3686 :
2987 3630 3274 3701 Reliquix
3288 3643 3400 3698 per
3413 3628 3762 3684 electionem
3783 3629 3992 3698 grati:

2340 3721 2523 3778 salvas
2548 3722 2732 3791 factas
2758 3724 2899 3776 sunt
2919 3720 3106 3792 (Rom.
3139 3735 3219 3788 χι,
3239 3722 3314 3787 5).
3337 3720 3403 3774 Et
3431 3732 3506 3772 ne
3528 3716 3680 3773 forte
3709 3723 3851 3773 ante
3873 3730 3997 3772 ωηο

2346 3809 2710 3865 stitutionem
2741 3809 2951 3865 mundi
2992 3824 3065 3864 ex
3103 3806 3385 3880 operibus
3414 3805 3802 3879 prmoogm'tis
3833 3810 4002 3877 puta-

2337 3903 2544 3956 rentur
2588 3899 2773 3966 electi,
2808 3902 3045 3954 secutus
3087 3900 3177 3954 est
3225 3899 3283 3954 et
3335 3895 3646 3968 adjunxit:
3698 3894 3768 3952 Si
3799 3901 3998 3951 autem

2336 3989 2559 4060 gratia,
2582 3992 2717 4058 jam
2747 4004 2866 4044 non
2893 4003 2968 4044 ex
2998 3987 3316 4058 operibus:
3344 3985 3614 4056 alioquin
3645 3985 3860 4055 gratia
3879 3985 3997 4056 iam

2338 4095 2458 4134 non
2489 4083 2570 4134 est
2599 4078 2804 4149 gratia
2833 4076 3022 4148 (lbid.,
3049 4076 3120 4148 6).
3144 4078 3225 4132 Ex
3246 4075 3363 4131 isto
3394 4089 3648 4130 numero
3671 4073 3999 4129 electorum

2337 4171 2394 4223 et
2426 4167 3004 4237 preedestinatorum,
3027 4166 3206 4222 etiam
3231 4165 3334 4238 qui
3367 4165 3700 4237 pessimam
3727 4161 4004 4218 duxerint

2335 4255 2542 4325 vitam,
2572 4271 2679 4328 per
2713 4255 2810 4311 Dei
2841 4255 3271 4325 benignitatem
3298 4253 3685 4310 adducuntur
3709 4251 3790 4307 ad
3813 4250 3997 4324 paeni-

2336 4344 2600 4411 tentiam,
2615 4359 2723 4415 per
2743 4343 2916 4415 cujus
2934 4344 3284 4416 patientiam
3304 4357 3429 4399 non
3449 4345 3588 4397 sunt
3609 4340 3755 4397 huic
3774 4339 3910 4395 vitae
3942 4339 3997 4393 in

2334 4433 2466 4506 ipsa
2493 4431 2787 4489 scelerum
2816 4434 3262 4505 perpetratione
3293 4429 3603 4499 subtracti,
3625 4434 3691 4485 ut
3720 4427 3999 4486 ostenda-

2333 4525 2428 4579 tur
2468 4525 2524 4579 et
2570 4522 2717 4595 ipsis
2747 4526 2805 4579 et
2835 4521 2967 4578 aliis
3001 4520 3414 4579 cohseredibus
3454 4535 3666 4577 eorum
3695 4517 3774 4575 de
3812 4532 3998 4592 quam

2331 4611 2630 4685 profundo
2665 4611 2825 4668 malo
2849 4611 3044 4685 possit
3073 4613 3225 4667 Deus
3256 4610 3446 4679 gratia
3483 4608 3778 4674 liberare;
3803 4624 3880 4662 ex
3906 4607 3999 4662 his

2329 4715 2508 4757 nemo
2539 4701 2704 4774 perit,
2732 4715 3097 4776 quacunque
3127 4703 3300 4755 aetate
3345 4699 3672 4755 moriantur
3703 4694 3844 4766 (aL,
3872 4710 4001 4750 mo-

2328 4790 2554 4864 riatur].
2587 4790 2756 4847 Absit
2780 4792 2948 4848 enim
2979 4789 3524 4864 utpraarlestinatus
3549 4787 3627 4844 ad
3657 4786 3850 4842 vitam
3877 4787 3995 4840 sine

2328 4887 2702 4939 sacramento
2752 4882 3090 4939 Mediatoris
3121 4879 3290 4936 finire
3322 4878 3703 4952 permittatur
3734 4874 3898 4932 hanc
3924 4873 3997 4928 vi-

2326 4975 2470 5028 tam.
2503 4974 2744 5043 Propter
2768 4972 2878 5026 hos
2914 4971 3202 5026 Dominus
3238 4970 3352 5026 ait:
3385 4970 3532 5026 Fxc
3549 4974 3639 5025 est
3667 4973 3876 5024 autem
3910 4980 3994 5021 υσ-

2327 5061 2531 5116 lunias
2561 5061 2690 5128 ejus
2719 5061 2824 5132 qui
2852 5061 3012 5116 misit
3040 5076 3132 5117 me
3164 5061 3391 5126 Patris,
3424 5065 3492 5114 ut
3522 5072 3699 5114 omne
3728 5055 3994 5130 quodde-

2323 5150 2412 5205 dit
2455 5149 2622 5215 mihi,
2653 5166 2772 5205 non
2799 5150 3049 5219 perdam
3099 5165 3174 5208 ex
3206 5165 3270 5207 eo
3311 5152 3511 5218 (Joan.
3535 5163 3613 5204 vr.
3653 5151 3773 5219 39).

2325 5243 2524 5295 autem
2557 5238 2838 5294 mortales
2869 5239 2972 5313 qui
3003 5256 3074 5295 ex
3124 5239 3234 5295 isto
3277 5254 3532 5295 numero
3571 5253 3695 5294 non
3736 5242 3894 5305 sunt,
3922 5251 3982 5292 ex

2323 5328 2534 5384 eadem
2580 5327 2824 5400 quidem
2853 5344 3063 5385 massa
3096 5343 3165 5383 ex
3195 5343 3314 5401 qua
3347 5331 3403 5383 et
3432 5327 3547 5394 isti,
3583 5326 3690 5382 sed
3727 5343 3873 5383 vasa
3898 5327 3983 5380 ire

2321 5417 2459 5474 facti
2491 5423 2631 5473 sunt.
2658 5419 2844 5488 (Rom.
2877 5433 2955 5483 Ix,
3004 5422 3091 5482 22,
3134 5417 3245 5489 23),
3276 5416 3352 5473 ad
3385 5405 3704 5473 utilitatem
3741 5429 3984 5473 nascun-

2319 5509 2413 5562 tur
2441 5507 2713 5563 istorum.
2742 5509 2866 5561 Non
2885 5507 3046 5563 enim
3072 5519 3448 5582 quemquam
3474 5520 3689 5561 eorum
3730 5508 3884 5562 Deus
3914 5507 3980 5558 te

550 5596 868 5652 velationis
903 5597 1064 5666 justi
1093 5597 1320 5669 judicii
1358 5597 1488 5666 Dei,
1521 5595 1629 5670 qui
1654 5595 1856 5652 reddet
1888 5599 2210 5670 unicuique
2316 5610 2478 5651 mere
2508 5611 2578 5651 ac
2625 5594 2859 5652 fortuite
2889 5599 3069 5663 creat,
3104 5600 3209 5653 aut
3235 5593 3383 5670 quid
3415 5594 3490 5651 de
3520 5593 3636 5650 illis
3663 5593 3816 5651 boni
3846 5607 3978 5665 ope-

473 5725 486 5731 -
545 5683 873 5746 secundum
913 5697 1098 5756 opera
1138 5687 1268 5758 eius
1309 5685 1505 5761 (Ibid,
1545 5701 1620 5758 IV,
1653 5688 1705 5754 5,
1734 5685 1828 5758 6);
1877 5691 2205 5761 quantum-

2317 5689 2478 5752 t‘etur
2502 5686 2760 5761 ignorat,
2792 5701 2931 5748 cum
2961 5687 3019 5746 et
3040 5685 3154 5748 hoc
3182 5687 3385 5761 ipsum
3412 5685 3543 5760 [al.,
3562 5683 3729 5758 ipso]
3746 5683 3980 5744 bonum
