4116 6186
257 158 396 211 1269

1167 148 1256 202 DE
1295 145 1960 204 PREDRSTINATIONE
1997 148 2281 207 CONTRA
2320 155 2365 206 J.
2411 151 2706 208 SCOTUM.

3546 139 3681 196 1270

256 281 536 352 operetur
561 272 728 346 quod
763 272 823 327 in
855 271 946 326 eis
984 271 1318 326 humanam
1347 277 1506 328 creat
1530 275 1828 342 naturam,
1863 278 1918 329 et
1949 283 1991 331 Α
2026 291 2149 331 non
2180 277 2369 350 parcit
2399 275 2709 351 propitius,
2743 273 2935 347 parcit
2968 271 3192 336 iratus;
3245 271 3424 342 atque
3477 266 3539 323 in
3586 264 3680 325 his

253 382 325 422 ex
355 365 441 420 eis
471 361 748 417 ordinem
779 357 981 415 smculi
1015 359 1326 431 praesentis
1357 363 1624 416 exornat.
1663 363 1915 417 istorum

251 453 560 511 neminem
594 448 838 506 adducit
860 447 938 504 ad
965 447 1378 520 paenitentiam
1401 449 1702 505 salubrem
1726 454 1781 506 et
1802 451 1917 524 spi-

253 544 491 601 ritalem
512 555 634 614 qua
657 539 839 594 homo
869 538 929 592 in
954 537 1184 594 Christo
1202 539 1620 595 reconciliatur
1639 543 1776 610 Deo,
1794 539 1916 596 sive

255 634 374 689 illis
426 630 781 704 ampliorem
841 626 1208 697 patientiam,
1267 627 1388 682 sive
1443 643 1564 682 non
1623 629 1916 701 imparem

257 721 540 795 praebeat.
577 715 863 783 Quamvis
896 730 1039 784 ergo
1079 730 1291 771 omnes
1328 731 1398 770 ex
1450 715 1663 771 eadem
1714 732 1920 773 massa

254 807 606 884 perditionis
658 810 716 861 et
763 804 1194 869 damnationis,
1253 803 1586 860 secundum
1636 804 1917 860 duritiam

254 900 452 956 cordis
483 899 575 954 sui
605 901 661 953 et
691 912 792 951 cor
822 894 1205 967 impcenitcns
1256 894 1572 966 (quantum
1622 895 1700 950 ad
1751 895 1915 968 ipsos

256 989 527 1062 pertinet)
554 985 958 1042 thesaun’zenl
989 983 1100 1038 sibi
1129 986 1283 1039 iram
1325 985 1388 1038 in
1419 984 1572 1041 diem
1602 985 1750 1055 irae;
1799 1001 1916 1057 quo

256 1078 544 1132 reddetur
560 1074 882 1145 unicuique
903 1072 1227 1129 secundum
1248 1088 1428 1142 opera
1450 1089 1558 1130 sua
1579 1074 1739 1144 (Rom
1753 1079 1912 1142 11,5),

255 1168 406 1221 Deus
431 1168 634 1220 tamen
657 1162 805 1219 alios
827 1161 966 1217 inde
991 1177 1097 1232 per
1116 1161 1560 1218 misericordem
1588 1164 1915 1218 bonitatem

255 1253 501 1309 adducit
550 1252 630 1308 ad
673 1251 1107 1324 pmnitentiam,
1143 1251 1290 1306 alios
1321 1251 1654 1307 secundum
1682 1253 1913 1323 justum

249 1341 546 1414 judicium
567 1356 690 1396 non
716 1339 960 1396 adducit
985 1359 997 1407 ;
1028 1339 1209 1396 habet
1237 1340 1397 1395 enim
1427 1345 1780 1412 potestatem
1804 1340 1914 1396 ad-

256 1431 516 1486 ducendi
535 1434 592 1485 et
607 1429 901 1497 trahendi,
919 1428 1049 1502 ipso
1065 1429 1318 1484 Domino
1335 1429 1594 1485 dicente:
1621 1431 1804 1486 Nemo
1827 1445 1916 1485 ve—

253 1521 344 1575 nit
366 1520 446 1575 ad
465 1533 578 1584 me,
603 1519 724 1574 nisi
743 1519 949 1581 Pater,
983 1519 1091 1589 qui
1130 1518 1290 1572 misit
1336 1533 1444 1583 me,
1489 1521 1754 1575 traxerit
1780 1533 1912 1574 eum

2027 365 2306 421 omnibus
2337 365 2534 421 bonus
2565 363 2910 438 perseverat.
2936 363 2993 417 et
3016 360 3255 431 justus:
3297 355 3420 413 Sed
3445 356 3529 412 ad
3555 357 3680 416 hac

2025 455 2154 526 quis
2181 456 2426 511 idoneus
2457 455 2526 523 (ll
2562 454 2690 508 Cor.
2726 466 2787 520 ιι,
2824 453 2934 522 16),
2990 447 3194 522 utique
3246 444 3326 503 ad
3372 445 3502 502 haec
3549 446 3682 518 ejus

2024 541 2458 615 perscrutanda
2499 547 2559 598 et
2585 537 3004 611 investiganda
3041 535 3268 609 judicia
3313 535 3448 610 quis
3494 533 3680 592 homo

2024 631 2278 688 idoneus
2312 633 2591 703 (Sap.1x,
2628 630 2731 701 13),
2787 643 2971 703 quem
3028 623 3409 698 corruptibile
3461 639 3680 695 aggra-

2023 723 2121 775 vat
2159 737 2402 793 corpus,
2455 719 2685 776 etiamsi
2728 717 2949 775 habeat
2994 715 3126 788 jam
3175 713 3368 770 sancti
3425 713 3677 788 Spiritus

2023 807 2244 881 pignus
2265 808 2292 863 ?
2343 808 2476 876 Sed,
2523 808 2708 865 homo
2736 805 3072 878 intelligens
3101 806 3158 861 et
3186 807 3418 872 acutus,
3445 803 3680 876 justam

2024 897 2171 954 dicis
2229 915 2356 954 esse
2395 895 2707 954 libidinem
2755 900 2813 953 et
2859 894 3057 952 laudis
3103 892 3406 968 praeconio
3462 892 3678 967 praedi-

2023 987 2282 1044 candam
2313 1005 2325 1042 :
2361 987 2407 1042 si
2440 1003 2578 1043 eum
2609 986 2712 1059 qui
2744 988 2862 1042 Deo
2908 1000 3032 1040 non
3089 981 3373 1051 obedivit,
3417 998 3542 1039 non
3592 981 3678 1039 illi

2022 1075 2360 1132 obediendo
2389 1076 2640 1150 punivit.
2673 1075 2729 1131 Si
2759 1073 3084 1148 prudenter
3111 1071 3210 1129 hic
3239 1088 3500 1146 superes,
3534 1087 3675 1145 pro-

2022 1164 2173 1220 fecto
2205 1181 2332 1220 esse
2362 1163 2737 1238 iniquitatem
2779 1162 3029 1230 videres,
3083 1177 3206 1234 qua
3252 1176 3393 1234 pars
3435 1159 3678 1218 inferior

2021 1254 2281 1310 hominis
2312 1256 2608 1326 repugnat
2637 1251 2929 1326 superiori
2959 1255 3138 1325 atque
3169 1249 3422 1318 meliori,
3461 1252 3518 1305 et
3555 1253 3681 1308 tam

2022 1343 2150 1414 [al.,
2181 1342 2404 1412 tamen]
2431 1343 2592 1412 juste
2622 1341 2920 1414 iniquum,
2971 1356 3096 1395 suae
3139 1337 3335 1395 carnis
3365 1337 3678 1412 iniquitate

2021 1429 2321 1504 punitum,
2356 1428 2507 1485 sicut
2554 1434 2642 1485 est
2685 1445 2788 1484 rex
2839 1427 3082 1502 iniquus
3132 1425 3382 1497 maligni
3439 1425 3682 1502 spiritus

2022 1519 2333 1592 iniquitate
2361 1517 2627 1590 punitus.
2683 1520 2772 1572 An
2829 1519 2887 1572 et
2939 1515 3142 1588 ipsum
3191 1514 3527 1586 malignum
3557 1513 3679 1588 spi-

253 1609 431 1664 Joan.
460 1625 539 1675 vi,
564 1610 674 1678 44,.
701 1605 978 1679 Nunquid
1011 1610 1211 1662 autem
1238 1606 1442 1661 Achab
1461 1622 1662 1676 regem
1681 1606 1909 1662 sacrile-
1941 1624 1986 1684 Β
2023 1603 2201 1658 ritum
2229 1602 2476 1658 laudare
2504 1600 2776 1674 disponis
2799 1601 2830 1657 ?
2868 1599 2972 1657 Eia
2999 1599 3148 1673 quid
3177 1599 3433 1655 moraris
3455 1600 3484 1655 ?
3510 1597 3684 1657 decet

252 1713 399 1769 gum
421 1696 746 1769 etimpium
767 1694 1018 1751 adduxit
1034 1694 1109 1750 ad
1129 1694 1560 1767 paenitentiam,
1582 1700 1684 1752 aut
1701 1694 1912 1751 saltem

250 1802 360 1860 per
377 1786 735 1841 mendacem
759 1783 1033 1857 spiritum
1051 1784 1180 1856 jam
1203 1784 1447 1840 seducto
1471 1787 1649 1857 atque
1663 1785 1912 1857 decepto

249 1875 599 1948 patientiam
653 1879 709 1929 et
754 1872 1276 1942 longanimitatem
1315 1873 1619 1945 praebuit?
1649 1874 1740 1945 (lll
1763 1875 1906 1944 Reg.

255 1981 398 2035 xxu,
425 1964 540 2035 20.)
565 1967 767 2019 Nonne
789 1962 850 2017 in
872 1977 943 2018 eo
965 1962 1187 2032 statim,
1209 1967 1455 2034 propter
1477 1962 1641 2034 quod
1665 1968 1789 2018 erat
1821 1978 1912 2017 se-

257 2052 492 2119 ductus,
527 2056 715 2107 morte
736 2051 1004 2124 rapiente
1024 2051 1391 2123 completum
1415 2052 1550 2106 est?
1583 2052 1774 2123 (lbid.,
1799 2052 1908 2119 34).

260 2139 403 2205 Quis
424 2156 562 2196 eum
578 2138 735 2196 dicat
750 2155 870 2196 non
887 2155 1168 2213 peccasse
1191 2138 1421 2213 spiritui
1438 2139 1740 2196 credendo
1753 2156 1914 2196 men-

255 2228 436 2299 dacii,
459 2228 594 2301 quis
617 2227 774 2285 dicat
796 2228 908 2284 hoc
933 2234 1250 2302 peceatum
1295 2244 1540 2302 poenam
1571 2245 1696 2285 non
1731 2228 1912 2285 fuisse

254 2318 485 2390 peccati
503 2315 836 2374 venientem
857 2316 931 2374 de
945 2318 1172 2389 judicio
1198 2319 1316 2388 Dei,
1359 2334 1394 2375 a
1440 2335 1562 2392 quo
1582 2317 1910 2387 legitmen-

253 2406 469 2462 dacem
490 2408 764 2480 spiritum
790 2407 912 2464 sive
935 2409 1185 2463 missum
1207 2407 1330 2464 sive
1353 2407 1755 2481 permissum?
1772 2407 1912 2473 Quis

251 2496 471 2551 horum
488 2496 714 2568 aliquid
729 2497 890 2565 dicit,
912 2497 1027 2553 nisi
1051 2496 1152 2570 qui
1171 2495 1314 2552 dicit
1328 2496 1495 2569 quod
1513 2497 1654 2564 vult,
1673 2501 1729 2552 et
1745 2497 1912 2569 quod

249 2600 462 2641 verum
485 2589 572 2642 est
592 2586 798 2642 audire
815 2598 938 2642 non
957 2586 1122 2642 vult?
1141 2585 1280 2653 Quis
1303 2601 1438 2642 vero
1454 2585 1535 2643 ita
1553 2583 1811 2658 desipiat
1825 2589 1906 2654 ut,

251 2689 394 2728 cum
418 2673 673 2731 audierit
691 2675 854 2749 quod
893 2677 952 2730 in
991 2675 1227 2748 psalmo
1257 2675 1517 2731 canitur:
1561 2675 1652 2731 Ne
1700 2673 1909 2731 tradas

245 2777 358 2826 me,
421 2765 692 2831 Domine,
750 2780 787 2822 a
842 2763 1134 2822 desiderio
1186 2779 1312 2821 meo
1360 2763 1670 2834 peccatori
1714 2763 1905 2836 (Psal.

244 2865 475 2919 cxxxxx,
500 2853 575 2924 9),
603 2851 719 2910 hoc
739 2855 898 2910 dicat
918 2870 954 2910 a
977 2867 1038 2909 se
1058 2853 1264 2916 homo,
1294 2869 1368 2909 ne
1400 2856 1552 2909 Deus
1579 2853 1652 2910 sit
1673 2852 1906 2926 patiens

243 2955 394 3038 erga
413 2939 602 3040 illum,
629 2944 677 3040 si
706 2947 858 2999 Deus
896 2959 1020 2999 non
1059 2943 1258 3040 tradit,
1282 2947 1366 3040 .ut
1396 2943 1558 2998 mala
1587 2941 1756 3013 ﬂant,
1790 2939 1906 3040 nisi
1937 2981 1979 3040 α

241 3029 618 3102 patientiam,
648 3029 978 3088 bonitatem
1012 3029 1342 3104 praebendo
1374 3047 1510 3086 cum
1547 3031 1715 3086 fiunt.
1751 3027 1906 3095 Quid

242 3122 333 3174 est
354 3123 556 3174 autem
579 3119 744 3193 quod
767 3119 1033 3193 quotidie
1050 3119 1320 3176 dicemus
1342 3133 1354 3174 :
1374 3121 1463 3174 Ne
1479 3135 1582 3175 nos
1601 3119 1829 3189 inferas
1843 3118 1906 3174 in

243 3209 636 3263 tentationem
660 3208 900 3275 (Matth.
935 3223 1014 3275 vi,
1061 3209 1164 3279 t3),
1214 3205 1327 3262 nisi
1359 3211 1422 3262 ut
1449 3222 1569 3262 non
1597 3207 1908 3264 tradamur

239 3293 751 3368 concupiscentiis
763 3295 1000 3351 nostris.
1014 3295 1428 3368 Unusquisque
1441 3296 1594 3353 enim
1615 3301 1904 3362 tentatur,

243 3399 285 3441 a
316 3386 802 3454 concupiscentia
825 3399 934 3442 sua
970 3383 1310 3441 abstractus
1335 3391 1387 3440 et
1419 3385 1656 3441 illectus
1685 3386 1836 3458 (Jac.
1862 3401 1904 3453 1,

250 3472 362 3545 14).
392 3475 483 3528 An
512 3471 662 3529 forte
691 3471 805 3530 hoc
850 3489 886 3530 a
934 3477 1055 3530 Deo
1103 3473 1380 3545 petimus,
1414 3478 1479 3529 ut
1507 3489 1628 3530 non
1661 3473 1736 3531 sit
1762 3489 1906 3545 erga

245 3577 362 3619 nos
391 3561 623 3636 patiens
651 3563 892 3619 bonitas
924 3566 1053 3635 ejus
1076 3564 1102 3617 ‘I
1136 3565 1262 3618 Non
1295 3579 1439 3633 ergo
1491 3563 1622 3636 ejus
1658 3564 1905 3622 invoca-

247 3665 388 3708 mus
414 3651 904 3721 miserieordiam,
942 3652 1045 3708 sed
1075 3651 1271 3724 potius
1292 3652 1669 3710 iracundiam
1693 3669 1906 3726 provo-

249 3755 480 3796 camus.
515 3740 658 3807 Quis
683 3740 798 3796 ista
829 3739 1023 3813 sapiat
1048 3754 1231 3796 sanus
1255 3739 1283 3796 ?
1331 3744 1455 3796 lmo
1503 3741 1641 3814 quis
1689 3741 1784 3797 vel
1812 3740 1904 3797 fu-

247 3828 446 3886 riosus
475 3831 602 3886 haec
624 3829 830 3886 dicat?
869 3829 1077 3886 Tradit
1108 3843 1250 3900 ergo
1292 3830 1450 3887 Deus
1497 3829 1558 3885 in
1604 3833 1906 3900 passiones

249 3919 610 3989 ignominiae,
636 3923 701 3975 ut
715 3921 869 3988 ﬁant
886 3935 1017 3991 quae
1037 3933 1156 3974 non
1175 3919 1536 3975 conveniunt
1554 3919 1901 3990 (Rom.i,26).

253 4007 371 4067 Sed
395 4009 522 4083 ipse
551 4009 967 4066 convenienter
997 4007 1193 4072 tradit,
1247 4011 1303 4064 et
1333 4009 1484 4063 ﬁunt
1513 4007 1727 4064 eadem
1766 4023 1906 4080 pec-

252 4102 409 4166 cata,
428 4103 484 4155 et
502 4103 885 4171 peccatorum
908 4097 1201 4171 supplicia
1216 4096 1670 4170 praeteritorum,
1696 4102 1750 4153 et
1773 4113 1908 4170 sup-

253 4187 573 4262 pliciorum
605 4189 817 4244 merita
845 4188 1202 4244 futurorum.
1253 4185 1413 4244 Sicut
1438 4183 1680 4242 tradidit
1703 4185 1907 4243 Achab

256 4278 317 4332 in
345 4277 1010 4351 pseudoprophetarum
1039 4274 1424 4332 mendacium
1467 4274 1556 4345 (Ill
1589 4277 1730 4347 Reg.
1762 4289 1902 4343 xxn,

254 4366 371 4437 20).
406 4367 563 4422 Sicut
591 4365 835 4422 tradidit
873 4365 1143 4421 Boboam
1201 4362 1262 4419 in
1315 4363 1534 4420 falsum
1591 4363 1907 4420 consilium

264 4456 356 4525 (ιιι
382 4455 521 4522 Reg.
553 4469 650 4526 xu,
685 4456 810 4527 l5):
863 4453 1002 4511 facit
1047 4454 1176 4510 haec
1220 4453 1386 4509 miris
1417 4457 1474 4508 et
1500 4451 1906 4508 inetiabilibus

260 4540 485 4604 modis,
517 4542 618 4614 qui
647 4545 805 4600 novit
845 4543 1006 4615 justa
1045 4539 1273 4615 judicia
1321 4557 1429 4598 sua
1466 4556 1587 4597 non
1622 4541 1820 4597 solum
1849 4540 1912 4596 in

260 4631 614 4705 corporibus
643 4629 980 4701 hominum,
1003 4631 1108 4687 sed
1135 4631 1191 4687 et
1215 4629 1275 4685 in
1305 4629 1450 4702 ipsis
1471 4627 1753 4686 cordibus
1776 4646 1914 4704 ope-

259 4720 380 4779 rari
405 4740 418 4790 ;
451 4719 554 4794 qui
582 4736 704 4778 non
735 4719 876 4778 facit
910 4721 1241 4778 voluntates
1268 4718 1480 4787 malas,
1501 4717 1607 4774 sed
1634 4720 1814 4776 utitur
1833 4720 1916 4776 eis

259 4817 326 4868 ut
356 4811 626 4881 voluerit,
658 4827 798 4867 cum
827 4811 1053 4884 aliquid
1093 4809 1296 4882 inique
1345 4807 1495 4865 velle
1539 4823 1661 4865 non
1705 4809 1914 4882 possit.

261 4903 312 4975 [ι
357 4904 498 4968 Quae
526 4901 683 4958 Deus
712 4916 824 4975 pro
855 4900 1002 4957 votis
1032 4899 1316 4956 humanis
1350 4899 1640 4973 propitius
1670 4905 1918 4969 annuat,

265 4991 530 5047 iratusve
560 5006 685 5047 non
717 4995 964 5047 annuat.
1017 4994 1096 5045 Ac
1145 5003 1355 5045 rursus
1386 5007 1397 5045 :
1431 5004 1568 5062 quae
1597 4988 1782 5046 iratus
1814 5005 1922 5047 an-

263 5086 434 5150 nuat,
465 5081 838 5155 propitiusve
866 5096 989 5137 non
1015 5084 1261 5136 annuat.
1291 5082 1481 5154 Atque
1506 5081 1753 5137 iterum:
1783 5083 1924 5147 Quae

266 5175 477 5228 contra
504 5175 645 5228 vota
674 5171 948 5228 humana
977 5170 1270 5244 propitius
1310 5170 1506 5233 faciat,
1557 5185 1691 5244 quae
1739 5171 1928 5226 iratus

265 5278 392 5319 non
421 5259 636 5319 faciat:
672 5265 729 5318 et
777 5261 838 5317 in
885 5262 980 5318 his
1013 5261 1296 5317 omnibus
1342 5260 1542 5316 bonus
1586 5263 1932 5332 perseverat

268 5355 325 5409 et
349 5351 555 5425 justus
585 5351 624 5424 ε]
667 5351 910 5408 exaudit
935 5351 1252 5424 propitius,
1282 5365 1407 5406 non
1439 5346 1682 5406 exaudit
1709 5350 1930 5420 iratus;

268 5444 326 5498 et
353 5457 603 5498 rursus:
647 5458 773 5497 non
802 5438 1045 5498 exaudit
1088 5439 1401 5514 propitius,
1434 5437 1678 5495 exaudit
1705 5436 1892 5496 iratus
1919 5458 1932 5510 ;

270 5532 467 5606 parcit
508 5531 824 5605 propitius,
872 5547 995 5588 non
1047 5529 1238 5604 parcit
1287 5529 1508 5597 iratus;
1569 5532 1626 5587 et
1678 5545 1934 5587 rursus:

2022 1693 2180 1748 enim
2210 1695 2263 1748 te
2291 1691 2599 1747 inimicum
2640 1689 2909 1760 gratuitae
2961 1689 3062 1746 Dei
3107 1687 3414 1756 bonitatis,
3471 1685 3681 1744 lauda-

2023 1785 2211 1837 torem
2242 1781 2481 1855 spiritus
2511 1795 2640 1835 esse
2662 1778 2973 1835 mendacis
2999 1797 3011 1846 ;
3045 1793 3156 1833 nec
3184 1776 3490 1833 laborabis
3518 1776 3682 1833 inve-

2022 1870 2148 1925 nire
2169 1869 2316 1942 quid
2345 1869 2532 1937 dicas,
2555 1866 2768 1923 laudes
2797 1867 2926 1938 ejus
2955 1869 3198 1940 paratas
3225 1863 3437 1921 habes.
3465 1863 3522 1920 Si
3550 1864 3681 1922 haec

2022 1958 2158 2031 ipsa
2185 1959 2246 2013 in
2276 1974 2415 2013 eum
2463 1956 2645 2012 verba
2684 1954 3071 2027 transtuleris,
3123 1969 3260 2028 qua:
3312 1951 3568 2028 posuisti
3617 1951 3680 2008 in

2020 2046 2200 2102 laude
2227 2045 2512 2114 libidinis,
2547 2044 2708 2101 velut
2729 2043 3161 2118 consequentia
3182 2041 3538 2100 sententiam
3559 2055 3680 2098 me-

2020 2150 2154 2203 am;
2182 2135 2324 2208 quia
2348 2151 2490 2205 ergo
2519 2134 2642 2190 dixi
2671 2155 2682 2188 :
2714 2134 3007 2206 lnjustum
3034 2131 3195 2189 enim
3216 2136 3342 2188 erat
3364 2135 3428 2188 ut
3448 2131 3678 2187 obtem-

2019 2229 2328 2299 peraretur
2353 2240 2389 2280 a
2416 2240 2588 2280 servo
2619 2239 2748 2292 suo,
2782 2223 2898 2280 hoc
2926 2226 3065 2280 esta
3087 2235 3337 2294 corpore
3363 2235 3474 2276 suo
3496 2219 3549 2276 ei
3572 2217 3678 2294 qui

2020 2329 2142 2371 non
2172 2315 2689 2387 obtemperaverat
2716 2312 2969 2369 Domino
2990 2327 3120 2368 suo.
3146 2310 3318 2377 Quod
3339 2314 3404 2368 tu
3423 2323 3673 2380 negans,

2019 2409 2076 2462 et
2103 2404 2320 2461 falsum
2353 2420 2482 2460 esse
2530 2404 2829 2472 deridens,
2877 2401 3036 2460 velut
3080 2400 3397 2459 ostendere
3437 2399 3677 2458 voluisti

2018 2511 2151 2567 quae
2178 2498 2524 2568 sequeretur
2550 2493 2914 2557 absurditas,
2939 2497 3231 2566 tanquam
3247 2490 3520 2547 ultricem
3541 2504 3676 2564 pec-

2019 2584 2152 2652 cati,
2187 2583 2236 2638 si
2266 2581 2382 2639 hoc
2408 2583 2490 2640 ita
2515 2587 2623 2654 est,
2643 2581 2958 2639 libidinem
2977 2580 3190 2638 laudas
3220 2579 3349 2654 [al.,
3370 2577 3671 2652 laudans].

2019 2677 2182 2731 Certe
2214 2673 2398 2728 istum
2435 2673 2791 2729 mendacem
2813 2671 3109 2744 spiritum,
3139 2668 3286 2744 quia
3309 2668 3568 2742 impium
3588 2682 3675 2724 re-

2016 2776 2144 2832 gem
2178 2761 2332 2816 sicut
2359 2761 2701 2818 merebatur
2742 2759 3006 2818 fallendo
3043 2758 3222 2816 traxit
3261 2757 3342 2816 ad
3389 2760 3668 2818 mortem.

2014 2866 2136 2907 non
2166 2865 2352 2920 negas
2382 2849 2710 2922 iniquitatis
2751 2849 3004 2906 ultorem
3046 2849 3143 2917 (Ill
3190 2847 3334 2918 Reg.
3382 2861 3518 2916 xm,
3553 2847 3668 2912 2t).

2015 2941 2159 2995 Ecce
2189 2954 2300 3008 ego
2330 2942 2386 2994 et
2414 2937 2510 2994 hic
2540 2937 2676 2994 dico
2704 2955 2716 2993 :
2768 2937 3066 3010 lnjustum
3097 2935 3256 2993 enim
3288 2937 3416 2992 erat
3450 2936 3517 2990 ut
3566 2931 3672 3006 qui

2012 3043 2135 3085 non
2166 3027 2498 3084 crediderat
2529 3029 2647 3084 Deo
2681 3042 2823 3084 vero
2853 3041 2978 3082 non
3007 3025 3379 3100 deciperetur
3407 3039 3444 3080 a
3466 3021 3621 3079 falso
3651 3040 3665 3091 ;

2011 3117 2195 3176 lauda
2221 3134 2362 3190 ergo
2393 3121 2450 3174 et
2473 3118 2643 3174 istius
2669 3117 2960 3190 justitiam
2989 3114 3283 3185 falsitatis,
3331 3117 3389 3171 et
3431 3112 3550 3184 dic,
3605 3114 3670 3168 ut

2013 3208 2217 3264 dixisti
2246 3209 2308 3263 in
2342 3207 2522 3265 laude
2551 3207 2834 3276 libidinis,
2867 3207 3011 3280 quia
3037 3205 3183 3262 nihil
3212 3221 3286 3262 ea
3312 3206 3511 3280 potest
3538 3202 3665 3259 lau-

2012 3298 2272 3356 dabilius
2319 3297 2622 3366 aestimari,
2682 3296 2730 3354 si
2784 3296 3100 3372 iniquitate
3144 3293 3336 3353 multa
3363 3291 3665 3368 [al.,ulta]

2013 3388 2340 3446 commissa
2387 3390 2498 3451 est,
2562 3386 2611 3443 si
2664 3385 2988 3444 vindicavit
3043 3385 3326 3458 injuriam
3379 3383 3500 3442 Dei.
3579 3385 3664 3455 Et,

2011 3478 2157 3551 quia
2187 3476 2268 3533 ita
2299 3475 2668 3532 consortium
2699 3475 2928 3548 peccati
2974 3489 3099 3532 non
3144 3472 3378 3544 habuit,
3435 3475 3502 3529 ut
3539 3469 3668 3528 om.

2013 3566 2173 3623 cium
2204 3565 2564 3623 vindicantis
2616 3567 2964 3634 assumeret,
3015 3563 3222 3621 omnia
3270 3563 3403 3621 haec
3453 3577 3667 3618 secun-

2013 3655 2161 3713 dum
2194 3659 2324 3712 tuos
2350 3655 2728 3712 acutissimos
2759 3671 2973 3711 sensus
2997 3658 3154 3712 recte
3179 3653 3480 3724 dicuntur,
3522 3655 3578 3710 et
3605 3651 3668 3710 in

2012 3746 2169 3802 illius
2202 3745 2504 3801 immundi
2549 3745 2790 3818 spiritus
2838 3743 3040 3800 laude.
3091 3747 3242 3814 Ergo
3293 3742 3668 3815 praeconium

2013 3831 2208 3888 laudis
2239 3833 2370 3902 [al.,
2401 3831 2589 3904 vocis]
2626 3835 2758 3900 tuae,
2809 3831 2871 3886 in
2913 3830 3092 3887 simili
3122 3845 3328 3897 causa,
3361 3833 3466 3886 aut
3500 3843 3667 3884 men-

2014 3921 2147 3977 daci
2178 3920 2360 3976 redde
2402 3918 2652 3992 spiritui,
2697 3922 2800 3975 aut
2842 3917 3183 3976 contumaci
3221 3916 3357 3975 tolle

2016 4009 2169 4077 Quid
2198 4007 2356 4080 fugis
2388 4008 2467 4066 ad
2495 4007 2986 4066 obscurissimam
3024 4007 3099 4064 de
3148 4008 3355 4066 anima
3392 4005 3670 4082 quaestio-

2017 4115 2154 4155 nem
2182 4098 2243 4156 in
2274 4099 2555 4173 paradiso
2574 4099 2602 4156 ‘?
2645 4098 2723 4156 ab
2754 4098 2959 4156 animo
2987 4098 3234 4173 quidem
3261 4099 3439 4175 capit
3467 4097 3668 4171 elatio,

2016 4191 2072 4244 et
2093 4189 2171 4246 ad
2189 4191 2556 4263 praeceptum
2578 4187 3141 4260 transgrediendum
3160 4189 3300 4247 inde
3320 4189 3670 4258 consensio;

2017 4283 2262 4352 propter
2280 4279 2447 4351 quod
2462 4277 2691 4334 dictum
2708 4283 2796 4335 est
2811 4294 2849 4336 a
2865 4285 3140 4352 serpente
3161 4296 3173 4334 :
3199 4280 3388 4337 Erilis
3411 4281 3565 4338 sicut
3587 4276 3677 4335 dii

2020 4370 2186 4442 (Gen.
2216 4385 2294 4431 ιιι,
2329 4373 2404 4440 5),
2438 4369 2544 4424 sed
2567 4372 2883 4442 peccatum
2913 4367 3060 4426 illud
3085 4370 3270 4426 homo
3296 4368 3676 4443 totusimple-

2019 4458 2099 4514 vit
2124 4477 2137 4527 ;
2161 4460 2302 4514 tunc
2327 4461 2418 4514 est
2446 4473 2585 4514 caro
2618 4457 2776 4516 facta
2801 4458 3052 4532 peccati,
3083 4458 3256 4531 cujus
3286 4458 3428 4516 vitia
3458 4471 3676 4516 sanan-

2020 4549 2114 4605 tur
2145 4546 2272 4602 sola
2303 4545 2688 4604 similitudine
2716 4547 2912 4605 carnis
2940 4548 3187 4623 peccati.
3222 4550 3289 4605 Ut
3309 4562 3452 4622 ergo
3477 4550 3533 4604 et
3553 4545 3679 4604 ani-

2023 4654 2126 4694 ma
2155 4640 2212 4694 et
2240 4652 2401 4701 caro,
2437 4637 2659 4710 pariter
2701 4642 3025 4712 utrumque
3054 4638 3339 4711 puniatur
3367 4638 3484 4696 nisi
3512 4636 3679 4713 quod

2025 4726 2292 4784 nascitur
2335 4726 2710 4785 renascendo
2777 4727 3149 4797 emendetur,
3225 4728 3491 4804 profecto
3577 4732 3682 4787 aut

2028 4821 2350 4891 utrumque
2370 4815 2644 4873 vitiatum
2666 4833 2738 4873 ex
2754 4815 3000 4876 homine
3019 4817 3286 4888 trahitur,
3311 4822 3416 4876 aut
3433 4818 3685 4877 alterum

2028 4907 2091 4964 in
2120 4906 2303 4963 altero
2351 4910 2642 4980 tanquam
2693 4907 2754 4966 in
2807 4907 3013 4966 vitiato
3069 4924 3211 4966 vase
3261 4908 3684 4984 corrumpitur,

2033 4995 2136 5053 ubi
2166 4995 2398 5053 occulta
2421 4995 2650 5068 justitia
2681 4995 2900 5053 divinas
2937 4995 3086 5069 legis
3127 4997 3472 5058 includitur.
3533 4997 3690 5066 Quid

2036 5088 2239 5143 autem
2283 5085 2503 5142 horum
2553 5086 2626 5144 sit
2673 5103 2903 5152 verum,
2944 5086 3224 5146 libentius
3278 5087 3445 5146 disco
3501 5104 3690 5161 quam

2040 5173 2194 5248 dico,
2226 5192 2302 5232 ne
2332 5176 2594 5234 audeam
2624 5175 2839 5235 docere
2865 5177 3034 5252 quod
3060 5178 3264 5237 nescio
3293 5197 3307 5238 :
3348 5179 3464 5236 hoc
3489 5181 3694 5234 tamen

2042 5265 2166 5322 scio
2197 5263 2258 5320 id
2288 5265 2505 5322 horum
2535 5281 2667 5324 esse
2695 5282 2908 5325 verum
2929 5267 3096 5342 quod
3113 5268 3264 5326 ﬁdes
3283 5281 3429 5326 vera
3447 5263 3698 5341 antiqua

2044 5353 2358 5426 catholica,
2386 5371 2508 5429 qua
2528 5355 2787 5414 creditur
2807 5361 2865 5416 et
2884 5358 3168 5416 asseritur
3187 5354 3474 5429 originale
3489 5369 3701 5432 pecca-

2046 5446 2194 5516 tum,
2218 5461 2343 5501 non
2373 5461 2502 5502 esse
2525 5445 2846 5504 convicerit
2865 5446 3109 5505 falsum.
3134 5449 3253 5504 lsta
3268 5445 3422 5505 ﬁdes
3451 5459 3576 5504 non
3603 5457 3704 5502 ne-

2051 5539 2242 5606 getur,
2261 5533 2450 5591 ethoc
2475 5534 2641 5609 quod
2665 5535 2741 5594 de
2761 5535 2968 5602 anima
2979 5534 3152 5608 latet;
3171 5538 3276 5592 aut
3298 5550 3368 5596 ex
3390 5534 3512 5595 otio
3532 5530 3705 5594 disci-

346 5621 367 5650 ⁸
402 5621 536 5679 Haec
562 5639 600 5681 a
627 5621 1082 5684 Lovanensibus
1111 5617 1540 5706 praetermissa,
1571 5622 1746 5694 quasi
1769 5623 1833 5682 in
1862 5625 2092 5686 textum
2125 5621 2282 5686 male
2311 5619 2676 5699 irrepserint.
