4116 6186
440 166 567 223 1271

1549 166 1603 220 S.
1647 163 2014 220 PRUDENTII
2051 161 2420 224 TRECENSIS
2460 165 2778 224 EPISCOPI

3735 159 3884 210 12³72

433 295 557 360 tur,
596 292 700 347 aut
732 290 901 361 (sicut
931 289 1048 345 alia
1078 288 1266 344 multa
1295 287 1355 344 in
1387 289 1500 346 hac
1535 289 1676 360 vita)
1725 288 1852 343 sine
1906 287 2112 343 salutis
2131 291 2176 344 A
2205 292 2484 349 ostendat
2508 291 2765 360 edocuit,
2797 304 2921 346 non
2951 286 3098 360 quid
3123 284 3379 358 mystica
3403 281 3560 339 ﬁctio
3591 280 3884 337 mentire’

437 380 575 438 labe
603 379 882 435 nescitur.
924 377 1104 447 Magis
1137 377 1296 434 enim
1329 379 1666 435 curandum
1703 381 1808 446 est,
1867 377 1985 432 sive
2033 376 2094 431 in

437 466 728 544 parvulis,
764 465 889 522 sive
917 466 980 522 in
1008 466 1362 536 grandibus,
1403 468 1465 524 in
1507 484 1630 542 quo
1685 467 1887 524 anima
1926 481 2099 523 sane-

441 563 538 615 tur
574 555 794 613 auxilio
824 571 1012 628 quam
1043 573 1165 628 quo
1197 557 1402 625 vitiata
1435 557 1508 613 sit
1535 557 1746 613 merito
1775 575 1786 612 :
1837 573 1971 629 quae
2012 561 2100 611 ta-

444 660 586 703 men
615 645 666 701 si
693 645 895 701 vitiata
914 645 1252 714 negabitur,
1289 662 1394 702 nec
1427 646 1756 702 sanabitur.
1783 646 1933 701 Illud
1960 659 2104 700 sane

447 752 554 793 cur
582 735 825 803 dixeris,
854 735 1188 805 excogitare
1214 751 1337 791 non
1366 735 1554 808 potui,
1581 737 1642 792 in
1663 752 1733 792 eo
1759 734 1927 809 quod
1947 749 2108 790 com-

447 824 796 883 memorasti
821 824 1042 880 dixisse
1063 826 1437 899 Apostolum,
1462 833 1514 882 et
1539 827 1793 883 tenebris
1814 825 2102 882 obtectum

450 916 576 988 [al.,
609 916 937 986 oppletum]
987 916 1268 985 insipiens
1313 932 1417 972 cor
1463 931 1664 973 eorum
1709 917 1894 988 (Rom.
1924 932 1962 985 ι,
1995 913 2104 984 21),

450 1005 746 1063 Addidisti
771 1005 932 1061 enim
962 1005 1298 1061 notandum
1329 1022 1457 1062 esse
1499 1006 1790 1079 quoniam
1821 1004 2107 1078 insipien—

453 1096 600 1153 tiam
620 1110 869 1152 causam
896 1095 1057 1152 dicat
1081 1095 1354 1152 omnium
1380 1095 1700 1152 malorum.
1728 1099 1846 1151 Hoc
1866 1094 2113 1167 quidem

457 1186 678 1243 dixisse
707 1185 1061 1258 Apostolum
1084 1200 1208 1241 non
1240 1186 1382 1242 satis
1408 1189 1660 1257 constat,
1691 1185 1795 1240 sed
1824 1200 1945 1240 non
1976 1181 2115 1238 inde

460 1274 798 1331 contendo:
851 1278 914 1330 tu
958 1273 1158 1346 potius
1211 1290 1316 1330 cur
1361 1275 1475 1330 hoc
1521 1274 1739 1330 dixeris
1769 1288 1995 1347 quaero.
2027 1274 2117 1326 An

462 1365 610 1420 forte
641 1363 785 1436 quia
825 1362 1059 1436 parvuli
1091 1379 1215 1419 non
1255 1367 1407 1419 recte
1448 1363 1726 1420 dicuntur
1751 1362 2116 1436 insipientes,

463 1453 608 1527 quia
634 1451 909 1508 nondum
937 1453 1243 1525 sapientia:
1273 1457 1529 1525 possunt
1568 1469 1695 1508 esse
1743 1452 2062 1526 participes
2092 1450 2120 1504 ‘l

466 1543 606 1598 Ideo
635 1541 870 1596 nullum
890 1541 1119 1596 malum
1148 1542 1231 1597 eis
1251 1541 1451 1597 inesse
1481 1542 1565 1596 vis
1593 1542 1774 1610 credi,
1803 1541 1969 1614 quod
1992 1554 2120 1594 esse

2208 384 2302 436 tur
2348 382 2623 438 asseruit.
2678 377 2942 436 Dilucide
3002 375 3228 448 quippe
3274 371 3587 446 perdocuit
3639 369 3706 425 in
3763 369 3882 424 hac

2209 471 2443 528 mortali
2472 471 2594 528 vita
2622 468 2998 540 degentibus,
3043 467 3410 538 peccatoque
3454 476 3620 515 sesse
3665 458 3884 515 volun-

2211 562 2357 618 tarie
2387 560 2862 635 inquinantibus,
2886 559 3050 629 justo
3078 555 3179 611 Dei
3201 552 3430 625 judicio
3460 566 3712 623 poenam
3744 549 3886 605 alte-

2210 652 2335 708 rius
2368 653 2618 724 peccati,
2650 650 2740 706 vel
2772 649 2974 716 unius,
3004 646 3098 702 vel
3128 644 3395 718 plurium
3423 641 3717 698 retribui:
3753 640 3887 713 qui-

2212 742 2327 797 bus
2353 741 2556 798 caecati
2588 741 2648 798 in
2675 739 3023 796 barathrum
3059 736 3190 807 jure
3215 733 3328 789 sibi
3353 731 3630 787 debitum
3663 732 3889 802 perdu-

2215 836 2466 896 cantur;
2501 846 2611 886 nec
2643 833 2844 886 tamen
2872 825 3107 883 excludi
3136 840 3238 879 eas
3264 837 3497 896 poenas,
3530 820 3763 892 quibus
3793 819 3889 874 vel

2215 920 2310 975 hic
2341 919 2766 992 temporaliter,
2799 917 2890 972 vel
2918 915 3036 972 illic
3069 911 3422 969 aeternaliter
3464 914 3520 966 et
3569 909 3783 965 anima
3830 913 3890 964 et

2218 1025 2466 1082 corpore
2493 1006 2839 1080 puniantur.
2874 1002 3123 1060 Proinde
3144 1000 3438 1058 sententia
3469 999 3660 1054 sancti
3686 1004 3886 1067 Augu-

2221 1098 2356 1154 stini
2381 1114 2453 1154 ex
2485 1096 2721 1169 psalmo
2760 1111 2859 1162 vu,
2897 1109 3085 1166 quam
3116 1088 3613 1159 suﬂ‘ragatricem,
3661 1091 3728 1144 ut
3779 1086 3890 1142 tibi

2221 1187 2474 1254 videtur,
2509 1185 2590 1242 tui
2617 1184 2833 1242 erroris
2861 1182 3139 1246 adhibes,
3180 1177 3411 1235 veritati
3457 1177 3647 1250 potius
3692 1175 3884 1246 favet,

2223 1293 2407 1349 quam
2454 1274 2732 1332 convenit
2784 1271 3048 1330 falsitati.
3109 1268 3256 1325 Dicit
3301 1267 3464 1323 enim
3501 1270 3766 1335 (August.
3815 1267 3887 1320 in

2219 1366 2378 1436 psal.
2413 1380 2485 1420 vu
2519 1379 2708 1437 prope
2746 1363 2910 1433 ﬁn.):
2963 1358 3395 1432 [intelligamus
3437 1355 3758 1427 unicuique
3785 1355 3898 1410 ho-

2227 1453 2372 1508 mini
2404 1451 2765 1526 supplicium
2790 1449 2916 1506 ﬁeri
2945 1449 3020 1504 de
3051 1450 3298 1520 peccato
3333 1460 3465 1511 suo,
3517 1448 3575 1498 et
3607 1443 3736 1513 ejus
3789 1442 3895 1498 ini-

2227 1543 2518 1616 quitatem
2545 1541 2607 1597 in
2637 1555 2885 1614 poenam
2915 1537 3200 1600 converti,
3244 1551 3355 1591 nec
3398 1538 3678 1607 putemus
3723 1531 3893 1588 illam

469 1645 847 1701 consequens
877 1628 1202 1700 arbitraris,
1226 1629 1274 1684 si
1305 1629 1602 1686 malorum
1634 1630 1907 1686 omnium
1938 1645 2124 1685 causa
2160 1653 2200 1706 Β
2230 1631 2719 1703 tranquillitatem
2749 1635 2806 1686 et
2834 1625 3134 1684 ineffabile
3164 1625 3370 1680 lumen
3401 1622 3501 1678 Dei
3547 1622 3622 1677 de
3659 1637 3721 1678 se
3753 1637 3899 1694 pro-

471 1718 814 1791 insipientia
841 1721 949 1774 est.
976 1717 1109 1786 Sed,
1141 1717 1193 1774 si
1223 1718 1622 1791 disputatione
1656 1719 2045 1775 subtilissima
2071 1721 2127 1773 et

473 1807 889 1864 elimatissima
917 1823 1072 1880 opus
1106 1810 1194 1863 est
1240 1812 1303 1864 ut
1341 1807 1602 1864 sciamus
1655 1813 1855 1863 utrum
1899 1808 2126 1881 primos

472 1897 752 1954 homines
779 1895 1118 1968 insipientia
1139 1896 1433 1969 superbos
1454 1913 1531 1954 an
1554 1897 1902 1970 insipientes
1925 1911 2128 1968 super-

475 1986 579 2043 bia
607 1985 842 2051 fecerit;
868 2000 1050 2057 nunc,
1073 1989 1316 2058 propter
1334 1984 1397 2040 id
1423 1986 1588 2058 quod
1609 1986 1760 2042 inter
1783 2001 1894 2042 nos
1915 1985 2128 2055 agitur,

478 2077 616 2149 quis
643 2076 882 2145 ignorat
910 2090 1122 2130 omnes
1151 2075 1447 2144 homines,
1470 2075 1816 2148 quicunque
1837 2075 2133 2148 sapientes

480 2168 653 2234 fiunt,
704 2182 776 2220 ex
822 2164 1242 2238 insipientibus
1288 2164 1431 2233 fieri,
1483 2165 1598 2221 nisi
1639 2166 1786 2222 forte
1835 2165 2019 2238 aliqui
2061 2179 2132 2219 ex

481 2254 864 2331 praeconibus
904 2254 1256 2322 Mediatoris,
1306 2269 1532 2324 magna
1583 2255 1710 2326 ejus
1759 2254 2136 2326 multumque

484 2345 724 2402 insolita
753 2343 960 2414 gratia,
993 2343 1071 2400 ad
1097 2343 1455 2416 sapientiam
1483 2360 1607 2400 non
1655 2361 1728 2400 ex
1775 2343 2138 2416 insipientia,

487 2435 594 2491 sed
625 2449 698 2490 ex
725 2432 977 2489 infantia
1006 2432 1256 2488 transire
1280 2432 1598 2505 potuerint.
1653 2432 1822 2498 Quod
1849 2433 1898 2487 si
1927 2437 2143 2488 natura

491 2524 621 2580 sine
644 2522 763 2578 ﬁde
794 2521 1126 2578 Mediatoris
1156 2521 1284 2577 ﬁeri
1323 2537 1500 2594 posse
1550 2521 1922 2587 contenditis,
1973 2536 2142 2577 arca-

489 2627 641 2667 num
670 2609 833 2664 virus
863 2608 1126 2681 panditis
1151 2609 1394 2664 haeresis
1419 2614 1648 2664 vestras.
1672 2610 1822 2664 Nihil
1853 2610 2012 2664 enim
2037 2625 2145 2664 vos

494 2713 673 2768 agere
703 2700 955 2768 apparet
979 2699 1144 2753 tanta
1171 2696 1519 2753 defensione
1568 2702 1625 2753 et
1665 2698 1846 2753 laude
1891 2701 2147 2768 naturae,

493 2788 630 2846 Nisi
665 2792 729 2842 ut
763 2785 1039 2842 Christus
1085 2787 1278 2856 gratis
1321 2791 1591 2842 mortuus
1633 2787 1706 2842 sit
1756 2787 1907 2858 (Gal.
1946 2803 2002 2855 ιι,
2037 2787 2148 2857 2t),

498 2878 669 2948 cujus
698 2891 810 2931 nos
840 2873 1097 2930 dicimus
1121 2875 1320 2947 ﬁdem,
1338 2890 1468 2946 qua?
1483 2891 1596 2945 per
1620 2876 1992 2933 dilectionem
2015 2891 2150 2946 ope-

2232 1721 2382 1776 ferre
2414 1719 2574 1776 unde
2605 1723 2851 1792 peccata
2879 1716 3227 1790 puniantur,
3251 1714 3355 1770 sed
3381 1713 3516 1786 ipsa
3544 1716 3798 1785 peccata
3819 1713 3901 1767 sic

2233 1809 2535 1876 ordinare,
2589 1813 2653 1864 ut
2699 1825 2838 1881 quae
2888 1807 3130 1863 fuerunt
3171 1803 3612 1859 delectamento.
3671 1801 3900 1856 homini

2234 1898 2527 1973 peccanti,
2597 1898 2713 1954 sint
2781 1897 3181 1952 instrumenta
3263 1891 3514 1949 Domino
3582 1888 3894 1964 punienti]

2237 1992 2280 2060 ἦ·
2310 1987 2536 2055 Quibus
2567 1987 2766 2044 verbis
2795 1985 2970 2044 addis
3003 2003 3016 2040 :

2816 2090 3054 2131 JOANNES
3095 2089 3315 2128 SCOTUS.

2316 2166 2484 2238 (Cap.
2519 2165 2604 2231 t6,
2631 2179 2797 2219 num.
2830 2165 2918 2229 18,
2949 2165 3090 2218 sect.
3125 2159 3200 2232 6.)
3249 2164 3288 2213 Θ
3337 2159 3608 2215 Pulchre
3669 2159 3897 2230 quidem

2244 2262 2421 2327 atque
2462 2255 2766 2325 praeclare
2807 2253 3114 2322 deﬁniens,
3160 2265 3280 2305 non
3333 2264 3454 2306 esse
3497 2249 3628 2305 alia
3679 2250 3897 2303 instru-

2246 2350 2444 2400 menta
2474 2343 2818 2416 torquenda?
2847 2340 3188 2411 impietatis,
3227 2343 3454 2410 praeter
3499 2340 3678 2394 illam
3718 2338 3899 2407 ipsam

2248 2433 2629 2502 impietatem.

2917 2534 3239 2574 CORRECTIO.

2323 2613 2365 2680 -ι-
2393 2612 2630 2676 Verum,
2662 2609 2790 2664 haec
2819 2607 3046 2676 dicens,
3078 2604 3392 2662 excludere
3440 2605 3679 2660 conaris
3722 2603 3900 2658 etiam

2255 2713 2502 2771 pcenam
2530 2696 2684 2767 ignis
2709 2695 2934 2760 interni,
2988 2695 3050 2750 in
3077 2710 3199 2766 quo
3232 2693 3279 2749 si
3302 2693 3505 2748 nullus
3537 2693 3792 2761 ardebit,
3832 2691 3910 2747 ad

2258 2786 2404 2860 quid
2421 2792 2810 2856 prceparatus
2843 2785 3083 2841 diabolo
3128 2789 3184 2839 et
3215 2784 3448 2852 angelis
3489 2785 3614 2851 ejus
3658 2782 3913 2849 (Matth.

2259 2893 2398 2944 xxv,
2430 2875 2542 2946 £1),
2574 2873 2895 2947 impiisque
2916 2871 3266 2930 hominibus
3289 2889 3327 2928 a
3350 2875 3461 2926 Deo
3487 2869 3677 2938 fuerit,
3703 2868 3808 2923 vel
3833 2869 3918 2924 ad

498 2967 680 3019 ratur
712 2960 870 3028 (Gal.
901 2976 962 3029 v,
995 2959 1068 3031 6),
1103 2959 1282 3016 etiam
1312 2964 1531 3016 natura
1573 2960 1995 3034 insipientibus
2031 2958 2154 3032 opi-
2182 3001 2225 3058 Ο
2261 2964 2408 3038 quid
2437 2963 2498 3020 in
2520 2980 2659 3019 eum
2686 2963 2959 3019 mittendi
2991 2965 3152 3033 sunt,
3185 2977 3434 3033 prorsus
3462 2958 3688 3016 nescire
3709 2974 3813 3013 me
3835 2958 3917 3013 fa-

500 3049 697 3107 tulari.
749 3051 898 3105 Sunt
925 3048 1086 3104 enim
1115 3048 1221 3122 qui
1251 3053 1417 3106 tanta
1447 3049 1641 3106 cordis
1669 3050 1989 3107 obtusitate
2015 3066 2155 3106 nas-

509 3144 744 3209 cuntur,
774 3144 842 3196 ut
871 3138 1184 3194 similiores
1214 3137 1534 3211 pecoribus
1595 3156 1782 3212 quam
1808 3139 2157 3196 hominibus

507 3245 636 3287 esse
659 3229 1014 3297 videantur;
1067 3243 1330 3300 quorum
1378 3231 1555 3284 tantae
1586 3228 1892 3301 fatuitatis,
1938 3246 2073 3302 quae
2099 3229 2161 3284 in

505 3319 620 3376 illis
646 3318 936 3375 naturalis
965 3321 1235 3389 apparet,
1280 3332 1403 3373 non
1437 3318 1688 3389 potestis
1733 3317 1922 3374 ullum
1967 3318 2163 3374 dicere

508 3408 810 3474 meritum,
847 3406 953 3478 qui
979 3405 1214 3460 nullum
1231 3421 1364 3461 esse
1383 3405 1579 3461 dicitis
1617 3406 1908 3476 originale
1950 3424 2163 3480 pecca-

507 3500 662 3551 tum.
687 3494 830 3558 Quis
855 3497 1058 3548 autem
1083 3508 1206 3547 non
1236 3493 1500 3564 quotidie
1527 3494 1739 3565 probet
1776 3495 2045 3561 (testibus
2075 3510 2165 3549 re-

509 3581 626 3638 bus
652 3579 957 3650 humanis)
982 3579 1306 3651 parvulum
1325 3579 1491 3652 prius
1519 3581 1665 3636 nihil
1691 3599 1921 3655 sapere,
1949 3583 2166 3638 deinde

513 3667 836 3724 crescendo
866 3682 1026 3723 vana
1051 3682 1282 3740 sapere,
1315 3672 1370 3724 et
1396 3673 1624 3740 postea,
1643 3670 1691 3724 si
1709 3671 1788 3726 ad
1805 3671 2166 3742 sapientium

513 3761 735 3813 sortem
762 3755 1034 3829 pertinet,
1064 3760 1228 3812 recta
1259 3772 1470 3828 sapere
1492 3762 1670 3829 atque
1692 3759 1773 3815 ita
1811 3760 1889 3815 ab
1919 3760 2168 3816 infantia

513 3847 593 3905 ad
615 3845 972 3918 sapientiam
997 3861 1104 3918 per
1128 3845 1528 3919 insipientiam
1549 3848 1814 3904 mediam
1832 3849 2164 3922 pervenire.
2205 3879 2220 3890 -

513 3935 1184 4009 Quapropterhumana
1211 3940 1446 4004 natura,
1497 3953 1633 4009 quae
1673 3939 1832 4008 jacet
1859 3939 1919 3993 in
1949 3955 2167 4010 parvu-

511 4023 605 4095 lis,
681 4024 776 4079 cui
831 4022 1112 4079 laudibus
1163 4023 1374 4080 vestris
1425 4025 1812 4094 Salvatorem,
1872 4030 2164 4100 tanquam

513 4129 666 4168 sana
694 4113 785 4180 sit,
810 4112 1108 4182 invidetis,
1138 4113 1659 4185 quemadmodum
1691 4117 1853 4188 prius
1878 4117 2165 4189 proferat,

511 4200 888 4273 insipientiee,
932 4217 1118 4274 quam
1165 4203 1470 4274 sapientiae
1523 4203 1782 4259 fructum
1827 4205 2060 4275 videtis,
2111 4210 2169 4262 et

510 4288 730 4344 radicis
757 4290 885 4361 ejus
913 4291 1124 4346 vitium
1153 4291 1354 4347 videre
1383 4306 1508 4348 non
1535 4291 1732 4360 vultis,
1785 4296 1889 4349 aut
1931 4293 2164 4360 videtis,

513 4378 680 4451 quod
710 4379 884 4451 pejus
912 4383 1021 4447 est,
1054 4384 1111 4436 et
1137 4379 1419 4450 negatis]

583 4469 626 4538 -ξ-
658 4467 715 4524 Si
733 4484 908 4525 aures
930 4469 1331 4540 intelligentiae
1353 4473 1408 4524 et
1430 4469 1688 4526 veritatis
1719 4475 1818 4527 tua
1847 4471 1957 4528 sibi
1978 4473 2170 4545 pervi-

513 4557 679 4615 cacia
706 4574 831 4616 non
861 4558 1242 4628 obstruxerit,
1292 4559 1714 4632 perspicaciter
1744 4560 1946 4617 videre
1999 4565 2168 4634 potes

509 4650 911 4707 vanissimum
937 4654 994 4705 te
1023 4649 1295 4706 laborem
1315 4649 1588 4720 subiisse,
1622 4651 2040 4724 nequidquam
2069 4651 2166 4708 tri-

508 4740 682 4808 visse,
711 4741 928 4796 frustra
958 4739 1295 4806 insudasse,
1341 4744 1407 4796 ut
1447 4739 1673 4796 diceres
1700 4741 1778 4798 ad
1821 4741 2164 4799 exercitium

507 4834 727 4886 nostrae
760 4829 1159 4900 intelligentiae
1192 4831 1378 4886 Deum
1408 4846 1782 4903 procurasse,
1818 4837 1874 4887 et
1915 4832 1975 4887 iu
2018 4832 2166 4888 Scri-

510 4919 702 4987 pturis
727 4919 867 4986 suis,
895 4923 952 4974 et
975 4919 1037 4973 in
1060 4919 1478 4976 tractatoribus
1499 4936 1728 4990 earum,
1762 4925 1827 4976 ut
1857 4921 2169 4977 audientes

511 5005 658 5060 tales
681 5005 1052 5063 locutionum
1080 5011 1317 5078 modos,
1347 5010 1651 5081 evigilaret
1689 5016 1893 5067 nostra
1923 5011 2171 5066 intentio

514 5093 594 5150 ad
622 5093 1074 5163 intelligendum
1103 5098 1249 5169 quid
1275 5099 1335 5154 in
1367 5101 1450 5155 eis
1473 5101 1798 5172 mysticum
1824 5098 2024 5166 lateat,
2048 5115 2170 5154 non

511 5183 660 5257 quid
684 5183 1009 5238 verborum
1027 5185 1278 5257 simplex
1304 5189 1646 5260 superficies
1672 5187 1966 5244 ostendat.
2000 5188 2172 5243 Vide-

508 5273 646 5330 licet
674 5275 740 5329 ut
760 5273 1092 5342 prwscisse,
1125 5279 1180 5330 et
1202 5277 1664 5346 praedestinasse
1713 5279 1902 5330 Deum
1949 5291 2164 5347 poenas

508 5377 620 5432 pro
647 5377 766 5418 non
783 5362 1117 5432 praescisse,
1162 5367 1219 5420 et
1257 5380 1376 5419 non
1409 5365 1867 5435 prwdcstinasse
1895 5364 2166 5436 accipere

509 5447 860 5506 debeamus.
899 5453 1046 5506 Ecce
1074 5449 1284 5509 doctor
1327 5452 1601 5519 eximius,
1643 5451 1757 5507 sub
1794 5451 2037 5509 nomine
2067 5454 2164 5509 Ju-

505 5536 649 5593 liani
665 5537 796 5609 jam
825 5539 964 5596 inde
994 5546 1202 5601 contra
1227 5546 1282 5600 te
1314 5557 1520 5614 agens,
1553 5542 1718 5599 omni
1739 5541 1972 5599 sublato
1997 5542 2160 5599 locu-

489 5625 736 5688 ‘tionum
774 5628 934 5702 fuco,
971 5631 1117 5708 quid
1158 5633 1478 5694 verborum
1523 5632 1775 5709 simplex
1807 5631 2152 5715 superﬁcies

2264 3058 2410 3112 teor.
2454 3052 2570 3109 Sed
2599 3069 2673 3108 ne
2711 3052 2784 3108 de
2812 3051 3126 3124 praemissa
3154 3049 3468 3120 Augustini
3489 3047 3788 3104 sententia
3813 3047 3918 3102 tibi

2265 3141 2612 3210 blandiaris,
2645 3141 2922 3214 quamvis
2945 3139 3216 3212 superior
3247 3139 3326 3194 ad
3349 3142 3568 3193 cuncta
3595 3135 3915 3201 sufﬁceret,

2268 3247 2568 3306 ponamus
2599 3235 2655 3286 et
2678 3229 2925 3286 alteram
2951 3229 3157 3302 ἱρείας,
3188 3244 3324 3300 quae
3346 3231 3514 3284 tuam
3536 3225 3797 3281 debellet
3815 3225 3919 3279 im-

2267 3321 2550 3395 pietatem
2575 3340 2588 3389 ;
2618 3320 2698 3376 ait
2724 3319 2949 3392 quippe
2980 3319 3041 3373 in
3069 3317 3220 3374 libro
3242 3333 3351 3373 suo
3372 3317 3476 3388 qui
3501 3321 3589 3371 est
3609 3315 3686 3370 de
3709 3314 3848 3370 Fide
3869 3319 3921 3367 et

2272 3409 2564 3482 Operibus
2589 3409 2658 3480 (c.
2687 3411 2772 3476 15)
2799 3424 2811 3462 :
2837 3405 3058 3480 [Neque
3078 3405 3225 3460 illud
3245 3405 3340 3460 hic
3365 3404 3636 3476 proderit
3654 3404 3786 3474 [al.,
3809 3401 3922 3456 dici

2271 3497 2365 3552 hic
2422 3496 2678 3569 poterit],
2725 3497 2785 3551 in
2825 3512 2947 3568 quo
2995 3494 3262 3551 nonnulli
3313 3493 3563 3565 seipsos,
3606 3492 3921 3556 seducunt,

2272 3586 2473 3657 ignem
2503 3589 2791 3643 aeternum
2821 3584 3070 3652 dictum,
3117 3598 3240 3638 non
3287 3582 3485 3654 ipsam
3513 3597 3766 3654 poenam
3798 3580 3922 3651 {al.,

2273 3675 2773 3747 combustionem]
2801 3678 3122 3730 aeternam:
3171 3689 3277 3745 per
3308 3673 3511 3742 ignem
3542 3671 3794 3744 quippe,
3826 3669 3922 3742 qui

2273 3768 2528 3820 aeternus
2557 3764 2683 3832 erit,
2721 3763 3072 3820 transituros
3122 3761 3489 3818 arbitrantur
3543 3777 3647 3815 eos
3705 3759 3921 3832 quibus

2273 3856 2516 3925 propter
2545 3851 2730 3907 ﬁdem
2758 3856 3059 3907 mortuam
3091 3866 3196 3922 per
3226 3850 3428 3919 ignem
3448 3849 3808 3922 promittunt
3840 3861 3922 3901 sa-

2272 3940 2475 3996 lutem.
2513 3942 2581 3996 Ut
2605 3939 2875 3995 videlicet
2901 3939 3027 4012 ipse
3054 3937 3208 4008 ignis
3241 3942 3496 3992 aeternus
3532 3937 3626 4006 sit,
3677 3934 3920 3991 combu-

2274 4029 2386 4086 stio
2415 4046 2558 4086 vero
2588 4045 2817 4095 eorum,
2849 4028 2910 4083 id
2939 4032 3025 4084 est
3053 4027 3322 4100 Operatio
3347 4026 3527 4096 ignis,
3575 4041 3701 4080 non
3751 4025 3824 4078 sit
3867 4022 3923 4076 in

2273 4135 2376 4175 eos
2406 4123 2646 4185 aeterna,
2677 4134 2814 4173 cum
2862 4120 2918 4173 et
2962 4117 3076 4172 hoc
3107 4114 3450 4188 praevidens
3483 4114 3776 4170 Dominus
3809 4115 3926 4167 tan-

2273 4225 2458 4281 quam
2499 4207 2787 4263 Dominus
2837 4210 3191 4262 sententiam
3235 4221 3410 4260 suam
3449 4205 3531 4260 ita
3576 4199 3930 4258 concluserit

2273 4297 2514 4352 dicens:
2543 4295 2638 4351 Sic
2670 4297 2838 4351 ibunt
2865 4295 2962 4350 illi
3001 4296 3062 4350 in
3104 4294 3567 4351 combustionem
3601 4298 3927 4355 aeternam;

2265 4388 2423 4459 justi
2451 4391 2648 4442 autem
2695 4386 2756 4439 in
2809 4386 2992 4440 vitam
3037 4392 3326 4441 wlernam
3377 4383 3616 4454 (Matth.
3652 4398 3791 4447 xxv,
3825 4381 3927 4448 46).

2277 4476 2390 4531 Erit
2419 4489 2558 4543 ergo
2584 4478 2806 4528 aeterna
2836 4473 3193 4541 combustio,
3229 4473 3382 4528 sicut
3422 4470 3603 4542 ignis,
3657 4474 3715 4525 et
3742 4486 3846 4525 eos
3873 4468 3934 4522 in

2275 4565 2440 4622 illam
2468 4565 2655 4619 ituros
2687 4561 2914 4617 Veritas
2944 4561 3113 4628 dicit,
3143 4577 3406 4634 quorum
3443 4576 3567 4615 non
3597 4558 3804 4622 ﬁdem,
3834 4555 3940 4611 sed

2276 4654 2439 4710 bona
2467 4668 2651 4726 opera
2665 4651 2926 4706 defuisse
2952 4650 3318 4725 declaravit.]
3365 4652 3405 4720 -ι-
3444 4648 3659 4705 Confer
3677 4648 3762 4704 his
3783 4645 3940 4701 tanti

2280 4744 2464 4800 Patris
2492 4741 2839 4810 sententias,
2873 4745 2930 4796 et
2959 4757 3098 4796 eum
3127 4745 3232 4796 aut
3274 4756 3572 4808 vacerem,
3624 4738 3674 4793 si
3705 4740 3937 4792 contra-

2279 4834 2367 4890 ria
2398 4833 2634 4889 sibimet
2661 4831 2779 4904 ipsi
2809 4846 2932 4887 non
2979 4829 3146 4897 dixit,
3198 4828 3555 4901 comproba,
3606 4833 3709 4883 aut
3776 4842 3941 4882 men-

2280 4923 2456 4995 dacii,
2535 4925 2585 4977 si
2649 4938 2822 4977 secus
2881 4919 3098 4974 dixisse
3155 4919 3504 4980 conviceris,
3574 4932 3784 4987 argue.
3868 4918 3942 4970 Ne

2281 5027 2421 5080 ergo
2469 5008 2946 5083 compugnantia
3002 5007 3153 5062 inter
3222 5023 3281 5062 se
3331 5007 3606 5080 posuisse
3656 5005 3946 5061 fallaciter

2279 5099 2678 5169 contingatur,
2727 5098 3001 5153 dicamus
3047 5095 3371 5166 unicuique
3425 5093 3658 5150 homini
3721 5091 3944 5165 suppli-

2279 5186 2436 5241 cium
2465 5186 2594 5242 fieri
2618 5186 2693 5242 de
2725 5190 2972 5256 peccato
3027 5199 3158 5253 suo,
3201 5188 3257 5238 et
3300 5183 3430 5253 ejus
3464 5182 3850 5254 iniquitatem
3889 5179 3943 5233 in

2276 5292 2524 5349 poenam
2556 5275 2842 5340 converti,
2869 5290 3007 5328 cum
3041 5272 3375 5328 secundum
3407 5288 3478 5329 ea
3503 5287 3640 5344 quae
3669 5286 3861 5342 supra
3879 5285 3943 5324 ex

2277 5366 2478 5421 verbis
2509 5365 2698 5436 ipsius
2747 5363 2923 5418 latius
2969 5361 3314 5434 posuimus,
3375 5366 3653 5433 peccator
3706 5365 3945 5432 prOpter

2271 5458 2520 5526 peccata
2578 5450 2990 5525 praecedentia
3035 5451 3434 5507 deterioribus
3491 5448 3767 5516 traditur,
3813 5462 3948 5519 quo-

2269 5559 2405 5597 rum
2447 5542 2657 5598 merito
2703 5540 2780 5596 ad
2825 5540 3128 5596 interitum
3175 5539 3570 5611 pertrahatur,
3630 5543 3737 5593 aut
3795 5539 3950 5612 post_

2281 5632 2440 5689 hanc
2499 5632 2682 5688 vitam
2737 5629 2948 5688 merito
3008 5643 3428 5701 perversurum
3461 5632 3711 5705 actuum
3740 5640 3926 5699 perpe
