4116 6186
278 110 418 167 i273

274 232 391 292 tuis
428 224 798 288 cruciatibus
828 227 1185 283 coarctetur.
1221 228 1291 282 Ut
1315 225 1434 282 hoc
1467 226 1540 283 sit
1571 226 1624 282 ei
1676 223 1958 298 iniquita-

274 329 395 380 tem
423 318 489 376 in
508 330 765 392 poenam
794 312 1084 377 converti,
1115 313 1284 387 quod
1308 317 1398 372 est
1424 314 1638 373 merito
1667 312 1950 387 iniquita-

272 411 348 469 tis
367 407 568 483 pcenis
588 403 790 463 addici
813 420 827 459 :
856 402 1257 477 dicanturque
1276 404 1678 462 instrumenta
1698 402 1951 459 Domino

271 496 572 575 punienti,
604 494 752 568 quia
790 491 1033 548 illorum
1076 494 1570 567 compensatione
1596 494 1791 566 justas
1820 508 1951 566 pce-

274 604 393 646 nas
435 581 708 643 retribuit
753 579 1159 655 promerenti:
1212 581 1307 638 vel
1354 586 1530 650 certe,
1563 581 1710 656 quia
1755 596 1953 655 poenas

276 680 587 752 perpetuas
607 666 937 729 animabus
968 672 1023 726 et
1044 670 1403 744 corporibus
1431 671 1651 744 pariter
1668 669 1951 739 inﬂigun-

278 771 398 834 tur,
422 765 540 821 sint
563 764 814 837 peccata
842 759 1025 817 etiam
1045 776 1243 833 paenae
1272 760 1719 831 animarum,ut
1741 774 1952 815 eorum

271 854 409 926 jugi
438 849 855 910 recordatione
900 863 1197 922 cassaque
1228 848 1599 922 paenitudine
1630 852 1952 921 torquean-

273 947 409 1001 tur:
441 943 526 1000 ita
571 943 638 997 ut
674 955 712 996 a
759 938 1117 1012 corporibus
1167 938 1324 1009 ignis
1371 938 1576 996 aeterni
1609 937 1951 995 combustio

274 1031 623 1089 nullatenus
670 1027 981 1086 avellatur.
1014 1030 1163 1085 Nam
1209 1027 1376 1085 illam
1430 1026 1950 1101 tranquillitatem,

278 1124 338 1177 et
364 1117 669 1176 ineffabile
698 1117 909 1173 lumen
953 1116 1076 1185 Dei,
1117 1132 1517 1190 nequaquam
1546 1116 1622 1174 de
1655 1133 1738 1180 se,
1769 1116 1830 1172 id
1864 1119 1952 1173 est

279 1209 355 1265 de
376 1224 490 1265 sua
518 1205 876 1276 substantia,
898 1220 1149 1262 necesse
1165 1210 1255 1263 est
1276 1206 1542 1280 proferre
1561 1206 1655 1263 vel
1678 1205 1948 1276 gladium

277 1297 373 1355 vel
401 1297 608 1368 ignem
635 1294 733 1352 vel
760 1310 986 1369 aquam
1014 1294 1111 1352 vel
1139 1294 1368 1369 aliquid
1398 1294 1751 1368 hujusmodi
1788 1293 1950 1351 unde

278 1388 534 1461 peccata
562 1383 910 1457 puniantur,
942 1383 1093 1457 quin
1119 1400 1228 1456 per
1276 1384 1408 1458 ipsa
1436 1388 1687 1458 peccata
1717 1382 1801 1439 sic
1826 1399 1949 1456 pue-

278 1491 393 1533 nas
421 1472 665 1531 ordinat
705 1475 771 1528 ut
806 1487 916 1545 per
951 1487 1023 1529 ea
1074 1472 1616 1546 (quemadmodum
1665 1470 1946 1540 diximus)

280 1566 496 1641 puniat
517 1568 903 1621 contumaces
927 1581 941 1631 ;
971 1563 1154 1634 unde,
1179 1580 1318 1621 cum
1338 1563 1623 1636 quaedam
1645 1561 1949 1637 superﬂue

283 1653 666 1712 disseruisses
686 1656 744 1710 et
771 1651 853 1709 ad
880 1651 1157 1709 ultimum
1186 1651 1582 1709 conclusisses
1607 1669 1620 1708 :

486 1814 495 1819 .
860 1773 1108 1816 JOANNES
1148 1774 1354 1815 SCOTUS
1363 1802 1375 1814 .

356 1852 521 1924 (Cap.
558 1855 645 1920 t6,
675 1862 848 1905 num.
884 1853 970 1917 t9,
1018 1850 1162 1904 sect.
1202 1848 1278 1920 7.)
1308 1852 1349 1902 Θ
1372 1848 1612 1916 Merito,
1640 1847 1946 1923 inquiens,

1251 101 1340 157 DE
1378 97 2062 158 PREDESTINATIONE
2101 103 2378 161 CONTRA
2412 106 2459 162 J.
2499 54 2790 161 SCOTIlM.

1979 1590 2022 1646 Β

283 1939 624 2009 perniciosa
667 1939 767 1996 hic
807 1936 1060 1994 dulcedo
1091 1936 1380 2001 libidinis,
1411 1937 1542 1993 illic
1589 1943 1857 1995 vertetur
1881 1936 1946 1992 in
2001 1997 2008 2005 ,

293 2027 754 2085 amaritudinem
801 2027 1069 2097 ultionis,
1100 2030 1188 2095 ut,
1217 2027 1360 2097 quia
1404 2026 1503 2082 hic
1530 2026 1769 2083 domum
1798 2025 1948 2081 divi-

294 2131 389 2172 nas
410 2116 730 2187 largitatis,
746 2116 856 2173 hoc
872 2120 955 2172 est
977 2115 1228 2172 liberum
1248 2116 1577 2173 voluntatis
1597 2115 1942 2184 arbitrium,

295 2204 458 2277 quod
472 2209 557 2262 est
575 2206 878 2262 naturalis
900 2205 1313 2275 intelligentia:
1334 2221 1574 2272 munus,
1590 2205 1656 2261 id
1681 2210 1766 2262 est
1784 2219 1946 2260 men-

293 2295 371 2349 tis
402 2293 578 2361 acies,
608 2308 785 2366 quam
825 2293 1114 2351 Conditor
1139 2293 1412 2350 omnibus
1440 2293 1808 2365 generaliter
1845 2292 1947 2347 do-

292 2382 465 2439 navit
516 2382 598 2438 ad
623 2397 684 2439 se
723 2382 1126 2454 quaerendum,
1158 2382 1553 2454 diligendum,
1590 2381 1942 2452 fruendum,

291 2472 355 2526 in
384 2483 529 2527 usus
558 2471 948 2542 turpitudinis
976 2476 1210 2529 mutare
1236 2472 1632 2542 superbiendo
1661 2469 1947 2542 nequissi-

291 2575 385 2615 me
429 2560 724 2627 voluerat,
757 2560 888 2616 illic
930 2575 1004 2616 ne
1047 2561 1288 2617 omnino
1328 2562 1598 2618 veritatis
1641 2560 1948 2616 honestate

288 2650 564 2718 fruatur,
587 2650 916 2719 justissime
934 2649 1175 2718 perdat,
1200 2656 1276 2720 et,
1304 2666 1370 2707 eo
1398 2665 1640 2707 carcere
1666 2649 1950 2720 iniquita-

296 2739 369 2792 tis
381 2739 643 2807 propria:
661 2739 726 2794 in
750 2754 867 2810 quo
890 2738 986 2796 hic
1003 2754 1065 2795 se
1088 2739 1282 2809 ipsum
1302 2741 1655 2811 incluserat,
1675 2737 1948 2795 tenebras

296 2832 531 2883 mterna’
580 2827 941 2898 ignorantia:
973 2828 1488 2885 inextricabiliter
1512 2828 1951 2899 pcenaliterque

297 2929 416 2970 non
443 2914 636 2970 evitet.

964 3001 1284 3043 CORBECTIO.

364 3075 399 3141 Ἰ-
420 3074 594 3131 Miror
623 3090 748 3144 cur,
776 3075 862 3131 tui
889 3074 1131 3143 oblitus,
1159 3092 1282 3131 non
1312 3074 1530 3131 videris
1572 3075 1739 3148 quod
1785 3074 1951 3130 initio

290 3163 475 3233 hujus
519 3162 832 3234 pericopes
887 3162 1145 3218 dixeris:
1193 3164 1507 3234 felicitatis
1546 3164 1863 3231 notionem,
1896 3168 1951 3219 et

292 3253 624 3319 scientiam,
681 3256 861 3322 atque
916 3252 1222 3309 veritatem
1275 3254 1403 3308 illic
1467 3256 1653 3310 inesse
1697 3254 1949 3321 miseris,

284 3340 667 3411 proindeque
695 3339 893 3396 abesse
938 3339 1014 3396 ab
1051 3342 1133 3397 eis
1164 3342 1482 3410 miseriam,
1512 3348 1600 3410 ut,
1633 3358 1755 3415 qua
1779 3349 1952 3399 natu-

293 3444 367 3486 ra
397 3446 521 3485 non
543 3431 890 3508 puniretur,
921 3445 1041 3486 non
1078 3432 1301 3500 punita
1330 3447 1451 3488 non
1501 3439 1647 3489 esset
1684 3434 1949 3491 miseria.

296 3518 614 3583 Quomodo
637 3518 798 3573 enim
824 3517 907 3574 eis
928 3517 1101 3575 inerit
1128 3519 1397 3588 felicitas,
1425 3521 1675 3594 ejusque
1701 3522 1952 3579 scientia

295 3610 351 3662 et
378 3607 565 3677 notio,
596 3607 646 3661 si
683 3608 900 3662 mentis
946 3609 1136 3664 aciem
1178 3609 1560 3681 perdiderint,
1593 3615 1650 3668 et
1674 3611 1951 3668 tenebras

296 3701 531 3752 aeterna:
595 3695 949 3765 ignorantiae
994 3697 1472 3755 inextricabiliter
1518 3701 1951 3773 poenaliterque

292 3802 419 3843 non
449 3785 798 3843 evitaverint
824 3787 851 3842 ?
903 3789 1021 3843 Aut
1065 3789 1226 3845 enim
1254 3788 1372 3846 illic
1402 3790 1486 3846 eis
1515 3789 1763 3847 felicitas
1794 3791 1952 3862 ejus-

294 3892 414 3949 que
449 3875 696 3932 scientia
719 3876 923 3945 deerit,
953 3880 1010 3933 et
1039 3877 1212 3934 stabit
1260 3880 1426 3952 quod
1457 3878 1610 3950 aisti,
1642 3885 1707 3935 ut
1737 3880 1951 3936 mentis

294 3966 482 4023 aciem
529 3966 814 4036 perdant,
862 3972 917 4022 et
976 3968 1247 4024 tenebras
1301 3975 1536 4024 aeternae
1589 3970 1952 4038 ignorantia:

293 4055 800 4112 inextricabiliter
847 4057 1286 4127 pcenaliterque
1320 4072 1442 4113 non
1474 4057 1711 4113 evitent.
1744 4059 1858 4111 Aut
1902 4055 1952 4112 si

293 4142 542 4198 felicitas
570 4143 819 4216 ejusque
859 4143 1107 4201 scientia
1153 4144 1267 4199 illis
1314 4144 1569 4216 affuerit,
1597 4160 1708 4201 nec
1732 4145 1951 4201 mentis

294 4230 488 4287 aciem
522 4231 793 4303 perdent,
826 4248 937 4288 nec
988 4233 1268 4289 tenebras
1316 4238 1550 4292 aeterna:
1594 4234 1948 4303 ignorantiae

295 4319 778 4377 inextricabiliter
824 4321 1258 4395 pasnaliterque
1287 4323 1603 4395 patientur.
1640 4322 1773 4393 Sed,
1807 4316 1951 4396 quia

298 4407 498 4462 omnis
526 4408 768 4466 felicitas
803 4409 1142 4468 infelicibus
1187 4410 1590 4481 subtrahetur,
1619 4428 1832 4468 verum
1861 4417 1953 4469 est

299 4494 445 4568 quia
474 4498 747 4554 tenebras
778 4503 1015 4556 aeternae
1044 4499 1399 4571 ignorantiae
1450 4500 1953 4557 inextricabiliter-

294 4599 417 4656 que
485 4585 914 4661 poenaliterque
982 4587 1409 4655 sustinebunt;
1478 4589 1558 4645 ita
1625 4593 1826 4646 tamen
1890 4594 1954 4646 ut

294 4688 434 4729 cum
485 4673 567 4730 eis
607 4674 761 4745 ignis
816 4676 1020 4733 aeterni
1068 4675 1549 4733 combustionem
1599 4692 1953 4750 corpoream

290 4776 419 4816 non
447 4761 684 4819 evitent.
717 4763 852 4820 Jam
883 4780 1022 4821 vero
1053 4762 1357 4820 sententiae
1398 4763 1641 4821 Patrum
1672 4765 1951 4836 Augusti-

290 4849 355 4904 ni
383 4854 565 4922 atque
595 4852 878 4922 Gregorii,
911 4868 1066 4925 quas
1115 4852 1554 4910 conﬁrmationi
1606 4857 1720 4910 tuae
1762 4854 1952 4911 hisre-

292 4954 430 4993 seos
479 4938 830 5009 adhibuisti,
864 4940 1086 5014 quibus
1133 4942 1464 5000 caecitatem
1518 4942 1716 5000 cordis
1769 4943 1954 5000 inclu-

291 5026 651 5101 sionemque
698 5030 929 5101 peccati
986 5031 1276 5089 veraciter
1324 5032 1677 5102 docuerunt,
1733 5037 1794 5090 ut
1848 5049 1954 5106 per

288 5130 396 5172 eas
424 5116 856 5194 suppliciorum
886 5136 1100 5192 pasnas
1128 5121 1493 5192 excluderes,
1516 5138 1764 5195 prorsus
1795 5122 1956 5194 quis-

288 5206 426 5277 quis
476 5206 573 5280 pie
622 5206 892 5277 advertit,
944 5210 1280 5268 secundum
1326 5212 1663 5284 superiores
1713 5226 1952 5266 eorum-

288 5292 431 5348 dem
489 5295 811 5352 sententias
881 5295 1159 5355 facillime
1226 5298 1455 5356 videbit
1521 5297 1667 5370 quia
1728 5312 1955 5370 nequa-

289 5395 480 5453 quam
505 5387 806 5441 tormenta
830 5400 968 5459 quas
1003 5387 1364 5460 corporibus
1387 5384 1771 5457 corporaliter
1796 5386 1956 5442 exhi-

288 5469 532 5540 bentur,
588 5472 942 5544 ademerint,
975 5476 1308 5549 sedpcenas
1328 5492 1465 5548 qua:
1514 5474 1748 5532 caecatis
1789 5492 1956 5534 men-

291 5557 456 5616 tibus
479 5560 641 5632 justo
671 5565 772 5621 Dei
813 5565 1043 5638 judicio
1089 5565 1186 5622 hic
1232 5564 1468 5624 interim
1517 5563 1706 5621 solent
1740 5564 1952 5637 ingeri,

3591 105 3728 169 1276

2068 225 2321 285 ﬁdeliter
2366 229 2791 287 intimaverint.
2826 230 3094 296 Quorum
3123 229 3519 300 Augustinus,
3546 231 3609 287 in
3654 232 3726 289 li-

2063 313 2176 372 bro
2206 316 2282 374 de
2310 334 2454 376 vera
2483 319 2745 389 Regione
2834 332 2961 374 non
2995 322 3060 374 ut
3087 333 3124 375 a
3156 321 3208 374 te
3247 317 3541 376 mendace
3568 320 3727 393 posi—

2062 406 2191 462 tum
2239 412 2362 475 est;
2426 407 2533 464 sed
2597 411 2662 464 ut
2714 423 2791 464 an
2850 406 2990 481 ipso
3040 406 3437 465 sincerissime
3497 411 3727 466 constat

2062 493 2310 566 editum,
2342 500 2630 554 tractasse
2659 496 3052 568 dignoscitur.

2135 585 2305 657 (Cap.
2365 591 2448 655 16,
2520 601 2689 642 num.
2752 590 2844 659 20,
2913 590 3054 643 sect.
3118 588 3171 655 8,
3206 586 3299 643 .de
3364 600 3506 643 vera
3571 587 3728 643 Beli-

2061 672 2255 742 gione,
2293 690 2344 730 c.
2379 676 2494 746 52.)
2523 675 2811 746 [Cavendi
2842 681 2981 734 sunt
3012 692 3154 748 ergo
3190 675 3503 733 inferiores
3527 675 3723 743 inferi,

2059 760 2124 816 id
2153 765 2242 817 est
2270 766 2406 835 post
2433 764 2589 820 hanc
2619 764 2805 821 vitam
2836 781 3032 838 poenae
3063 765 3387 836 graviores,
3419 764 3525 821 ubi
3558 764 3727 823 nulla

2060 854 2258 922 potest
2312 867 2440 908 esse
2493 854 2990 911 commemoratio
3038 854 3320 922 veritatis,
3370 855 3515 928 quia
3560 854 3727 911 nulla

2059 933 2469 1005 ratiocinatio;
2501 937 2636 994 ideo
2666 938 2832 995 nulla
2855 938 3413 1012 ratiocinatio,quia
3442 953 3566 995 non
3588 954 3725 995 eam

2059 1023 2366 1096 perfundit
2410 1025 2618 1083 lumen
2645 1043 2856 1084 verum
2905 1028 3089 1100 (quod
3131 1028 3440 1085 illuminat
3493 1044 3723 1085 omnem

2063 1110 2358 1172 hominem
2387 1118 2717 1174 venientem
2746 1118 2810 1173 in
2841 1117 3001 1174 hunc
3021 1118 3335 1189 mundum)
3357 1119 3558 1185 (Joan.
3586 1135 3626 1186 1,
3645 1117 3724 1190 9),

2060 1217 2248 1275 quare
2288 1204 2640 1275 festinemus
2683 1212 2739 1263 et
2769 1206 3140 1264 ambulemus
3171 1223 3302 1263 cum
3334 1208 3456 1264 dies
3502 1212 3724 1277 praesto

2059 1298 2166 1364 est,
2187 1308 2262 1350 ne
2291 1311 2397 1351 nos
2428 1297 2685 1353 tenebrae
2714 1295 3223 1366 comprehendant
3252 1297 3444 1368 (Joan.
3475 1313 3576 1361 xu,
3606 1296 3722 1368 35),

2058 1379 2409 1439 festinemus
2435 1401 2472 1441 a
2500 1386 2771 1442 secunda
2799 1390 2990 1441 morte
3020 1385 3279 1454 liberari,
3307 1386 3411 1443 ubi
3440 1401 3608 1443 nemo
3639 1392 3725 1443 est

2058 1472 2165 1542 qui
2206 1488 2431 1529 memor
2459 1475 2535 1529 sit
2564 1476 2715 1530 Dei:
2744 1479 2801 1530 et
2829 1474 2908 1529 ab
2936 1473 3193 1544 inferno,
3218 1474 3325 1531 ubi
3350 1491 3519 1533 nemo
3544 1477 3725 1544 conﬁ-

2060 1559 2285 1616 tebitur
2312 1567 2428 1618 Deo
2453 1561 2641 1619 (Psal.
2675 1578 2758 1631 v1,
2791 1562 2863 1634 6).

2132 1648 2245 1707 Sed
2286 1649 2487 1707 miseri
2524 1649 2821 1720 homines,
2855 1651 3077 1725 quibus
3126 1651 3368 1722 cognita
3408 1650 3722 1719 vilescunt,

2060 1743 2119 1794 et
2169 1740 2540 1798 novitatibus
2594 1740 2876 1799 libentius
2930 1742 3173 1798 discunt
3227 1758 3416 1814 quam
3481 1744 3722 1798 norunt.

2059 1844 2200 1886 cum
2248 1830 2510 1901 cognitio
2570 1831 2644 1888 sit
2693 1831 2829 1888 ﬁnis
2878 1831 3169 1899 discendi,
3215 1835 3273 1887 et
3326 1830 3550 1904 quibus
3591 1830 3725 1887 vilis

2056 1923 2146 1975 est
2172 1919 2428 1977 facilitas
2481 1921 2755 1991 actionis,
2785 1921 3067 1979 libentius
3121 1926 3352 1978 certant
3390 1936 3590 1993 quam
3621 1920 3725 1976 vin

2056 2012 2220 2075 cunt,
2281 2024 2422 2066 cum
2476 2009 2726 2067 victoria
2792 2010 2866 2067 sit
2927 2010 3065 2066 ﬁnis
3133 2008 3423 2081 certandi,
3477 2011 3534 2065 et
3578 2007 3714 2082 qui-

2051 2095 2171 2152 bus
2218 2097 2351 2154 vilis
2399 2104 2488 2156 est
2537 2100 2803 2173 corporis
2848 2100 3028 2172 salus,
3060 2099 3295 2157 malunt
3322 2099 3485 2156 vesci
3522 2114 3709 2173 quam

2055 2185 2278 2254 satiari,
2347 2191 2403 2244 et
2464 2188 2701 2246 malunt
2780 2189 2893 2245 frui
2977 2188 3335 2260 genitalibus
3394 2186 3705 2258 membris,

2012 2306 2017 2311 -
2053 2289 2242 2345 quam
2263 2273 2494 2331 nullam
2523 2275 2699 2332 talem
2721 2277 3186 2333 commotionem
3210 2276 3360 2350 pati:
3393 2275 3705 2331 inveniun-

1979 2937 2024 2992 Ο

1978 4289 2021 4344 D

2055 2366 2150 2418 tur
2172 2362 2353 2421 etiam
2382 2364 2486 2437 qui
2511 2364 2744 2422 malunt
2764 2365 3026 2423 dormire
3054 2382 3242 2434 quam
3270 2380 3394 2422 non
3423 2362 3707 2437 dormitae

2055 2468 2157 2521 re;
2210 2469 2350 2509 cum
2402 2454 2600 2510 omnis
2649 2454 2807 2511 illius
2857 2454 3181 2511 voluntatis
3224 2455 3330 2527 [al.
3380 2436 3723 2525 voluptatis]

2055 2541 2193 2597 ﬁnis
2237 2543 2312 2598 sit
2356 2558 2482 2599 non
2511 2543 2758 2611 esurire,
2783 2561 2854 2601 ac
2899 2545 3076 2612 sitire,
3109 2548 3166 2600 et
3206 2559 3331 2600 non
3380 2541 3724 2599 desiderare

2060 2631 2473 2704 concubitum,
2505 2638 2563 2689 et
2590 2650 2716 2689 non
2766 2650 2896 2690 esse
2941 2649 3189 2706 corpore
3233 2631 3500 2699 fatigato.
3533 2631 3724 2696 Quare

2059 2720 2166 2793 qui
2196 2720 2350 2777 ﬁnes
2377 2722 2542 2794 ipsos
2563 2722 2927 2794 desiderant,
2945 2722 3113 2795 prius
3144 2720 3484 2778 curiositate
3499 2720 3722 2787 carent,

2061 2814 2498 2879 cognoscentes
2543 2826 2679 2866 eam
2710 2827 2839 2866 esse
2884 2814 3110 2867 certam
3153 2808 3557 2879 cognitionem
3585 2822 3722 2878 quae

2058 2897 2219 2954 intus
2249 2901 2358 2968 est,
2390 2900 2448 2953 et
2485 2912 2557 2953 ea
2597 2897 2967 2970 perfruentcs
3011 2901 3310 2971 quantum
3352 2896 3415 2951 in
3458 2895 3574 2950 hac
3603 2893 3724 2949 vita

2059 2991 2326 3061 queunt:
2358 2984 2575 3042 deinde
2606 2984 2910 3058 accipiunt
2930 2985 3180 3042 actionis
3205 2983 3569 3050 facilitatem,
3588 2996 3720 3054 per-

2058 3077 2287 3133 vicacia
2311 3074 2526 3149 posita,
2552 3073 2802 3130 scientes
2813 3075 3108 3145 majorem
3125 3089 3253 3129 esse
3269 3071 3720 3142 facilioremque

2059 3165 2369 3223 victoriam
2401 3180 2525 3221 non
2550 3163 2820 3220 resistere
2851 3161 3218 3219 animositati
3247 3161 3634 3233 cujusquam,
3663 3161 3722 3214 et

2059 3257 2174 3313 hoc
2199 3259 2496 3330 quantum
2523 3254 2587 3310 in
2615 3254 2729 3310 hac
2758 3252 2881 3309 vita
2901 3261 3133 3327 queunt
3160 3269 3172 3306 :
3208 3251 3469 3308 sentiunt
3491 3251 3720 3323 postre-

2059 3358 2161 3398 mo
2191 3342 2371 3399 etiam
2402 3342 2663 3415 quietem
2694 3342 2962 3415 corporis
3002 3339 3363 3398 abstinendo
3392 3339 3472 3395 ab
3501 3337 3596 3394 his
3626 3352 3719 3392 re-

2057 3431 2173 3489 bus
2204 3432 2331 3488 sine
2358 3431 2581 3506 quibus
2624 3432 2723 3503 agi
2769 3432 2899 3488 haec
2948 3432 3067 3488 vita
3108 3434 3323 3504 potest.
3360 3432 3443 3485 Ita
3470 3431 3720 3501 gustant

2058 3537 2233 3594 quam
2263 3523 2464 3578 suavis
2492 3526 2575 3578 est
2604 3522 2886 3578 Dominus
2917 3521 3103 3592 (Psal.
3136 3536 3341 3583 xxxm,
3374 3519 3449 3590 9),
3481 3532 3591 3572 nec
3612 3515 3723 3571 erit

2061 3611 2144 3668 eis
2174 3610 2430 3668 dubium
2459 3610 2607 3684 quid
2635 3613 2771 3684 post
2819 3609 2976 3667 hanc
3008 3609 3190 3666 vitam
3234 3609 3503 3665 futurum
3542 3604 3632 3667 sit,
3666 3607 3724 3661 et

2058 3700 2438 3775 perfectionis
2470 3715 2594 3755 suae
2619 3699 2761 3769 ﬁde,
2795 3714 2920 3770 spe,
2946 3704 3001 3755 et
3024 3699 3309 3755 charitate
3338 3695 3717 3761 nutriuntur;

2057 3793 2196 3862 post
2215 3789 2373 3844 hanc
2393 3791 2595 3844 autem
2616 3787 2804 3842 vitam
2826 3792 2883 3842 et
2911 3786 3171 3855 cognitio
3191 3784 3547 3855 perﬁcietur,
3575 3782 3721 3854 quia

2059 3893 2135 3933 ex
2153 3881 2329 3945 parte
2351 3890 2514 3931 nunc
2563 3876 2822 3929 scimus:
2868 3887 3002 3928 cum
3041 3877 3237 3928 autem
3284 3870 3513 3925 venerit
3560 3867 3721 3937 quod

2058 3966 2393 4036 perfectum
2422 3967 2528 4030 est,
2552 3976 2672 4017 non
2703 3961 2817 4017 erit
2842 3974 2917 4016 ea:
2939 3964 3117 4028 parte
3140 3959 3199 4027 (Ι
3222 3959 3361 4015 Cor.
3392 3971 3519 4023 xm,
3552 3956 3630 4025 9),
3663 3958 3722 4009 et

2058 4070 2175 4129 pax
2204 4052 2403 4109 omnis
2441 4050 2650 4109 aderit.
2683 4052 2835 4107 Num
2869 4047 3029 4105 enim
3078 4048 3184 4113 [al.
3220 4046 3440 4119 autem]
3471 4043 3592 4101 alia
3622 4041 3716 4097 lex

2060 4143 2123 4199 in
2161 4141 2449 4198 membris
2488 4139 2637 4196 meis
2667 4141 2966 4211 repugnat
2993 4135 3112 4207 legi
3141 4136 3358 4193 mentis
3386 4150 3538 4191 meae
3564 4150 3579 4201 ;
3612 4129 3723 4187 sed

2059 4230 2338 4288 liberabit
2383 4246 2496 4287 nos
2544 4228 2618 4285 de
2668 4242 2920 4300 corpore
2950 4225 3158 4283 mortis
3186 4226 3369 4296 hujus
3398 4222 3589 4296 gratia
3617 4218 3722 4274 Dei

2060 4337 2168 4394 per
2190 4322 2396 4376 Jesum
2423 4318 2719 4375 Christum
2738 4315 3063 4372 Dominum
3092 4318 3370 4370 nostrum
3396 4315 3583 4386 (Rom.
3613 4325 3720 4379 vn,

2059 4417 2150 4479 23,
2181 4411 2295 4482 24),
2321 4409 2467 4483 quia
2512 4424 2587 4464 ex
2626 4422 2852 4477 magna
2897 4411 3067 4479 parte
3111 4402 3552 4461 concordamus
3578 4413 3721 4456 cum

2062 4498 2428 4560 adversario,
2461 4497 2611 4552 dum
2655 4511 2796 4551 cum
2845 4494 2942 4550 illo
2988 4511 3199 4550 sumus
3225 4492 3289 4548 in
3316 4491 3451 4547 via:
3495 4494 3552 4546 et
3596 4493 3723 4547 tota

2062 4586 2308 4656 sanitas,
2365 4589 2420 4642 et
2473 4583 2638 4640 nulla
2695 4582 3048 4654 indigentia,
3108 4586 3165 4638 et
3220 4579 3387 4637 nulla
3449 4577 3720 4648 fatigatio

2061 4675 2251 4733 aderit
2296 4673 2569 4747 corpori:
2624 4673 2772 4745 quia
2824 4671 3221 4741 corruptibile
3282 4669 3392 4725 hoc
3449 4671 3719 4740 tempore
3734 4664 3749 4671 ⁷’

2063 4769 2243 4838 atque
2287 4762 2496 4819 ordine
2547 4777 2656 4817 suo
2698 4777 2821 4834 quo
2872 4758 3229 4816 resurrectio
3275 4757 3471 4815 carnis
3518 4757 3720 4814 futura

2061 4858 2167 4921 est,
2212 4854 2501 4909 indicetur
2547 4851 3001 4921 incorruptione
3049 4849 3094 4922 (I
3138 4850 3277 4907 Cor.
3308 4865 3396 4917 xv,
3434 4847 3543 4920 l3).
3590 4849 3719 4903 Non

2061 4944 2281 5001 mirum
2313 4947 2514 4999 autem
2545 4940 2592 4996 si
2621 4940 2736 4996 hoc
2765 4938 3005 4996 dabitur
3031 4938 3125 4995 his
3154 4939 3255 5012 qui
3284 4939 3344 4995 in
3382 4935 3720 5007 cognitione

2063 5032 2254 5090 solam
2297 5031 2606 5088 veritatem
2639 5033 2863 5102 amant,
2897 5032 2953 5084 et
2998 5028 3061 5085 in
3105 5028 3337 5085 actione
3388 5027 3581 5085 solam
3617 5042 3724 5098 pa-

2062 5138 2214 5191 cem,
2250 5126 2306 5177 et
2341 5120 2401 5176 in
2445 5133 2695 5192 corpore
2740 5117 2932 5173 solam
2975 5117 3331 5174 sanitatem:
3381 5116 3497 5171 hoc
3528 5113 3591 5168 in
3634 5114 3718 5168 eis

2063 5210 2221 5268 enim
2248 5209 2585 5283 perﬁcietur
2613 5211 2751 5279 post
2777 5208 2933 5263 hanc
2954 5207 3165 5279 vitam,
3186 5204 3350 5280 quod
3379 5204 3442 5258 in
3464 5203 3577 5256 hac
3596 5198 3720 5255 vita

2063 5300 2200 5372 plus
2232 5299 2505 5369 diligunt.

2137 5388 2247 5455 Qui
2267 5405 2408 5460 ergo
2428 5387 2585 5444 male
2606 5390 2855 5443 utuntur
2866 5390 3031 5444 tanto
3047 5383 3263 5442 mentis
3279 5380 3441 5437 bono
3464 5382 3528 5435 ut
3552 5378 3719 5433 extra

2066 5494 2199 5533 eam
2232 5478 2483 5534 visibilia
2511 5476 2704 5547 magis
2744 5479 3047 5549 appetant,
3081 5473 3301 5545 quibus
3332 5469 3405 5526 ad
3441 5462 3718 5534 concupi-

2070 5564 2291 5622 scenda
2345 5570 2401 5622 et
2463 5564 2768 5637 diligenda
2811 5560 3202 5631 intelligibilia
3258 5551 3716 5615 commemorari
