4128 6200
493 169 628 230 1271

1586 161 1641 216 S.
1683 149 2049 214 PRUDENTII
2088 143 2465 211 TRECENSIS
2505 153 2813 213 EPISCOPI

3777 154 3914 210 1276

489 287 1155 358 debuerunt,dabuntur
1173 286 1258 342 eis
1276 285 1597 342 exteriores
1615 279 1902 349 tenebrae;
1921 277 2138 334 harum
2168 279 2214 332 Α
2258 277 2306 334 si
2338 260 2517 334 nemo
2548 280 2802 336 exterius
2842 282 3132 336 accuset?
3161 278 3270 345 Qui
3299 295 3437 335 cum
3458 278 3771 350 judicante
3795 281 3917 336 Deo

488 384 713 460 quippe
759 377 993 436 initium
1037 379 1128 433 est
1169 375 1367 432 carnis
1399 372 1737 449 prudentia,
1772 374 1828 427 et
1853 383 2140 460 sensuum

489 456 916 545 corporeorum
939 466 1333 534 imbecillitas,
1369 471 1425 522 et
1449 465 1552 539 qui
1583 459 2009 520 certaminibus
2037 456 2140 515 de-

485 562 797 626 lectantur,
830 557 1252 614 alienabuntur
1271 571 1308 612 a
1330 571 1498 628 pace,
1531 558 1588 610 et
1619 549 1871 607 summis
1894 547 2143 604 difﬁcul-

485 648 707 709 tatibus
731 645 1230 721 implicabuntur:
1263 643 1498 701 initium
1530 642 1689 699 enim
1713 655 1966 697 summae
1991 637 2141 693 difﬁ-

486 737 720 799 cultatis
749 739 841 794 est
868 734 1092 791 bellum
1123 739 1301 808 atque
1335 731 1653 790 contentio.
1683 732 1746 785 Et
1769 729 1883 784 hoc
1913 724 2140 796 signiﬁ-

485 843 621 886 care
669 825 924 884 arbitror
970 823 1137 898 quod
1193 825 1466 895 ligantur
1516 822 1594 878 eis
1643 834 1856 875 manus
1886 823 1938 872 et
1966 815 2142 885 pedes

484 915 728 991 (Matth.
771 931 906 983 χιιι,
942 915 1048 987 t3),
1081 913 1142 970 id
1190 918 1279 971 est
1326 913 1575 969 facilitas
1627 908 1825 967 omnis
1877 905 2142 962 aufertur

483 1005 774 1082 operandi
801 1024 813 1074 ;
845 1009 902 1062 et
929 1003 1034 1078 qui
1061 1003 1219 1062 sitire
1241 1007 1298 1059 et
1327 1003 1550 1059 esurire
1580 1000 1806 1065 volunt,
1840 1000 1895 1053 et
1926 997 1984 1051 in
2016 993 2143 1050 libi-

484 1097 690 1156 dinem
740 1094 1074 1166 ardescere,
1105 1097 1163 1150 et
1199 1091 1534 1164 defatigari,
1566 1093 1628 1146 ut
1657 1089 1908 1145 libenter
1939 1083 2137 1152 edant,

483 1191 541 1244 et
567 1184 801 1255 bibant,
833 1188 888 1240 et
919 1181 1345 1249 concumbant,
1384 1184 1440 1236 et
1477 1177 1798 1244 dormiant,
1829 1177 2038 1231 amant
2060 1172 2143 1227 in-

386 1316 388 1318 τ
481 1273 830 1346 digentiam,
857 1272 1024 1346 quod
1053 1275 1141 1327 est
1168 1269 1404 1327 initium
1428 1282 1806 1324 summorum
1840 1263 2138 1319 dolorum.

481 1363 823 1423 Perﬁcietur
846 1378 988 1433 ergo
1010 1359 1070 1417 id
1090 1361 1257 1436 quod
1274 1364 1501 1427 amant,
1532 1363 1595 1414 ut
1626 1356 1706 1413 ibi
1738 1357 1822 1412 eis
1838 1356 1914 1411 sit
1935 1355 2140 1424 plora-

485 1459 580 1511 tus
600 1460 653 1512 et
673 1452 899 1510 stridor
921 1450 1187 1508 dentium
1209 1450 1450 1521 (Matth.
1465 1465 1586 1517 xm,
1607 1447 1692 1518 50)
1720 1465 1731 1501 :
1758 1445 1958 1519 plures
1981 1441 2140 1498 enim

483 1547 622 1599 sunt
641 1541 746 1614 qui
775 1541 900 1597 haec
926 1537 1132 1595 omnia
1152 1539 1294 1594 vitia
1313 1537 1490 1592 simul
1511 1535 1786 1606 diligunt,
1809 1536 2140 1606 etquorum

481 1630 602 1688 vita
630 1634 719 1685 est
757 1633 1046 1700 spectare,
1080 1626 1458 1697 contendere,
1491 1623 1880 1688 manducare,
1913 1619 2135 1682 bibere,
2171 1647 2210 1699 Β

479 1717 898 1788 concumbere,
927 1716 1213 1786 dormire,
1246 1716 1303 1771 et
1340 1716 1401 1770 in
1449 1713 1808 1784 cogitatione
1850 1727 1961 1766 sua
1991 1708 2138 1764 nihil

481 1805 646 1865 aliud
667 1823 854 1881 quam
886 1805 1312 1878 phantasmata
1334 1819 1470 1876 quae
1487 1801 1562 1858 de
1584 1800 1685 1858 tali
1709 1801 1826 1857 vita
1852 1797 2140 1869 colligunt

481 1893 834 1968 amplexari,
866 1897 922 1950 et
964 1909 1037 1949 ex
1061 1909 1270 1948 eorum
1303 1889 1538 1948 fallacia
1579 1887 2017 1962 superstitionis
2047 1886 2139 1943 vel

479 1981 800 2057 impietatis
816 1981 1054 2052 regulas
1074 1981 1275 2050 ﬁgere,
1292 1979 1514 2053 quibus
1536 1977 1915 2052 decipiuntur
1938 1980 1994 2032 et
2011 1977 2139 2050 qui-

480 2072 595 2130 bus
622 2072 935 2139 inhaerent,
960 2070 1190 2128 etiamsi
1215 2069 1293 2126 ab
1323 2067 1614 2126 illecebris
1645 2067 1839 2124 carnis
1871 2083 1932 2122 se
1954 2067 2135 2123 absti-

479 2177 620 2218 nere
651 2165 974 2230 conentur;
1006 2159 1150 2234 quia
1178 2175 1302 2215 non
1324 2157 1476 2215 bene
1497 2161 1745 2214 utuntur
1770 2156 1992 2212 talento
2023 2154 2136 2211 sibi

479 2249 824 2320 commisso,
854 2249 914 2306 id
946 2252 1038 2306 est
1061 2249 1278 2306 mentis
1308 2248 1453 2315 acie,
1478 2259 1602 2321 qua
1628 2243 1904 2303 videntur
1924 2257 2136 2301 omnes

476 2339 582 2415 qui
608 2338 767 2396 docti
796 2342 898 2396 aut
927 2338 1144 2395 urbani
1173 2340 1277 2395 aut
1307 2337 1478 2395 faceti
1507 2337 1915 2400 nominantur,
1941 2334 2133 2391 excel-

474 2428 633 2496 lere;
676 2427 782 2485 sed
810 2427 1036 2484 habent
1065 2439 1200 2484 eam
1243 2427 1309 2484 in
1353 2427 1602 2484 sudario
1653 2425 1983 2496 obligatum
2010 2423 2131 2495 [al.,

479 2515 752 2589 ligatam]
777 2518 882 2573 aut
909 2515 968 2571 in
1000 2519 1156 2572 terra
1193 2515 1494 2582 obrutam,
1525 2514 1586 2570 id
1624 2514 1712 2569 est
1755 2509 2044 2569 delicatis.
2078 2513 2135 2564 et

476 2605 796 2679 superﬂuis
828 2605 1009 2661 rebus
1040 2610 1145 2662 aut
1165 2605 1409 2662 terrenis
1439 2601 1867 2678 cupiditatibus
1896 2598 2131 2655 involu-

471 2697 596 2752 tam
627 2698 682 2751 et
711 2709 1069 2768 oppressam
1093 2713 1106 2749 :
1135 2693 1516 2766 ngabuntur
1544 2707 1686 2762 ergo
1714 2691 1804 2748 his
1833 2704 2047 2745 manus
2077 2693 2133 2744 et

468 2784 664 2856 pedes,
699 2789 751 2840 et
781 2785 1098 2840 mittentur
1124 2781 1186 2839 in
1220 2782 1494 2840 tenebras
1526 2779 1874 2839 exteriores:
1909 2778 1992 2833 ibi
2018 2779 2130 2834 erit

464 2873 744 2946 ploratus
772 2876 827 2930 et
852 2871 1079 2928 stridor
1102 2871 1366 2929 dentium
1397 2871 1560 2943 (Luc.
1584 2885 1664 2940 ιχ,
1693 2868 1805 2939 20),
1835 2881 1959 2923 non
1989 2865 2132 2938 quia

2255 369 2315 424 in
2356 367 2594 425 malitiae
2645 385 2770 425 sure
2815 369 3078 425 caecitate
3125 367 3494 442 relinquitur,
3528 369 3706 442 quasi
3759 368 3916 426 intra

2254 458 2641 530 semetipsum
2664 457 2977 527 clauditur,
2993 474 3067 514 ne
3093 457 3365 515 evalendi
3393 458 3596 514 locum
3627 458 3911 526 inveniat,

2249 562 2432 620 quem
2453 546 2718 604 invenire
2740 548 2985 604 minime
2997 551 3428 604 meretur.Nam
3455 563 3614 621 saepe
3634 547 3914 604 nonnulli

2250 637 2405 692 exire
2429 653 2464 692 a
2484 637 2687 709 pravis
2707 637 2938 692 actibus
2955 639 3200 710 cupiunt
3227 656 3238 692 τ
3262 636 3535 709 sed,quia
3555 636 3914 692 eorumdem

2251 729 2494 781 actuum
2513 726 2778 798 pondere
2797 731 3168 798 premuntur,
3185 725 3242 781 in
3263 723 3434 781 malas
3453 725 3917 781 consuetudinis

2250 831 2484 871 carcere
2517 815 2748 883 inclusi,
2770 831 2806 872 a
2835 817 3165 889 semetipsis
3195 816 3352 872 exire
3381 831 3500 871 non
3531 821 3828 888 possunt;
3860 820 3915 871 et

2249 905 2495 977 quidem
2523 906 2730 978 culpas
2753 906 3027 979 proprias
3049 905 3259 978 punire
3282 899 3734 978 cupientes,hoc
3747 905 3914 978 quod

2249 999 2405 1050 recte
2435 1011 2497 1049 se
2528 1011 2702 1064 agere
2753 997 3071 1060 mstimant,
3120 996 3179 1051 in
3221 995 3596 1066 gravioribus
3648 994 3911 1068 peccatis

2251 1086 2382 1155 [al.,
2401 1085 2704 1154 graviores
2722 1085 2953 1160 culpas]
2976 1089 3230 1152 vertunt,
3251 1085 3433 1157 ﬁtque
3457 1083 3638 1140 modo
3661 1084 3913 1140 misera-

2251 1173 2373 1232 bili.
2400 1179 2462 1229 ut
2483 1174 2647 1246 quod
2670 1176 2888 1230 exitum
2924 1180 3138 1246 putant
3167 1174 3279 1230 hoc
3317 1173 3702 1230 inclusionem
3733 1173 3908 1230 inve-

2251 1263 2435 1320 niant.
2471 1263 2562 1320 Sic
2589 1263 2857 1319 videlicet
2892 1264 3182 1337 reprobus
3231 1263 3436 1330 Judas,
3472 1279 3606 1319 cum
3645 1268 3904 1319 mortem

2252 1351 2364 1407 sibi
2396 1356 2602 1408 contra
2640 1359 2952 1425 peccatum
3003 1353 3196 1409 intulit
3234 1351 3474 1425 (Matth.
3503 1368 3688 1421 xxvn,
3718 1351 3796 1418 5),
3829 1351 3908 1408 ad

2250 1446 2484 1498 (eterna;
2515 1442 2722 1498 mortis
2751 1442 3044 1515 supplicia
3072 1443 3357 1515 pervenit,
3391 1445 3446 1497 et
3475 1441 3650 1514 pejus
3673 1440 3748 1496 de
3775 1457 3914 1513 pec-

2250 1535 2380 1587 cato
2413 1532 2705 1603 paenituit,
2738 1547 2925 1603 quam
2975 1531 3262 1605 peccavit.
3311 1531 3575 1602 [Dicatur
3621 1545 3812 1601 ergo:
3843 1531 3909 1587 Si

2247 1623 2558 1678 incluserit
2587 1623 2903 1686 hominem,
2936 1624 3142 1678 nullus
3171 1629 3252 1678 est
3289 1626 3392 1693 qui
3419 1622 3658 1690 aperiat
3685 1638 3697 1687 ;
3744 1621 3908 1692 quia,

2249 1712 2400 1767 sicut
2448 1727 2628 1766 nemo
2679 1711 2910 1766 obsistit
2961 1710 3218 1781 largitati
3264 1710 3549 1780 vocantis,
3581 1710 3666 1765 ita
3711 1709 3912 1764 nullus

2248 1796 2458 1852 obvias
2484 1799 2724 1867 justitize
2748 1799 3168 1871 relinquentis;
3199 1799 3498 1855 includere
3526 1799 3735 1871 itaque
3766 1799 3909 1854 dici-

2251 1890 2343 1940 tur
2372 1885 2479 1957 [al.
2508 1887 2607 1942 Dei
2651 1889 2761 1959 est]
2806 1888 3023 1944 clausis
3069 1904 3193 1944 non
3234 1889 3483 1960 aperire.
3515 1887 3688 1943 Unde
3733 1891 3794 1942 et
3835 1887 3908 1943 ad

2247 1976 2488 2046 Moysen
2524 1976 2738 2032 dicitur
2785 1977 2859 2032 de
2906 1979 3248 2034 Pharaone:
3293 1978 3420 2048 Ego
3465 1976 3784 2033 obdurabo
3813 1993 3912 2033 eor

2248 2066 2374 2133 ejus
2404 2066 2618 2135 (Exod.
2655 2083 2730 2126 IV,
2759 2069 2809 2137 7)
2839 2085 2848 2122 :
2887 2067 3186 2123 obdurare
3223 2067 3448 2140 quippe
3477 2081 3586 2140 per
3607 2067 3910 2137 justitiam

2245 2153 2460 2209 dicitur
2504 2157 2656 2210 Deus
2702 2157 2949 2228 quando
3004 2171 3106 2212 cor
3149 2156 3477 2230 reprobum
3514 2169 3625 2228 per
3652 2157 3910 2226 gratiam

2245 2257 2368 2297 non
2397 2242 2658 2309 emollit;
2714 2245 2966 2301 recludit
3013 2245 3215 2318 itaque
3264 2245 3577 2301 hominem
3623 2257 3818 2318 quem
3851 2247 3909 2301 in

2245 2347 2492 2388 suorum
2541 2349 2794 2406 operum
2844 2335 3144 2407 tenebris]
3175 2333 3651 2391 Manifestissime
3694 2334 3908 2392 beatus

2245 2424 2561 2493 Gregorius
2587 2441 2721 2481 eam
2752 2426 3148 2482 inclusionem
3177 2441 3301 2499 qua
3329 2426 3390 2482 in
3416 2427 3533 2482 hac
3549 2427 3669 2482 vita
3697 2441 3908 2500 peccao

2244 2518 2403 2570 tores
2451 2517 2660 2572 caecari
2699 2517 2994 2586 adsolent,
3024 2519 3340 2590 praemissa
3387 2518 3673 2574 sententia
3703 2516 3904 2573 decla-

2241 2603 2415 2659 ravit.
2448 2604 2620 2670 Quod
2647 2605 3094 2663 circumstantia
3139 2608 3338 2678 ejusce
3383 2607 3679 2662 sententiae
3712 2606 3892 2661 indu-

2241 2691 2499 2748 bitanter
2549 2694 2982 2760 demonstrant,
3043 2711 3303 2768 quorum
3361 2695 3700 2752 clausulam
3751 2693 3902 2765 adji-

2243 2781 2517 2837 ciendam
2561 2782 2726 2848 duxi,
2755 2799 2879 2856 quo
2922 2785 3168 2840 evidens
3217 2785 3366 2858 quid
3414 2786 3471 2841 in
3517 2783 3903 2856 praecedente

2243 2871 2534 2926 sententia
2563 2871 2835 2936 senserit,
2864 2873 2990 2929 ﬂat.

469 2959 602 3052 ipsa
649 2957 1005 3052 dilexerunt,
1034 2961 1170 3052 quis
1201 2959 1381 3052 (enim
1428 2962 1544 3018 hoc
1589 2958 1816 3028 diligat,
1853 2955 1959 3012 sed
1986 2954 2132 3052 quia
2159 2996 2200 3052 ο
2312 2960 2625 3052 Gregorius
2666 2962 3033 3052 (Moralium,
3062 2963 3099 3019 l.
3132 2979 3194 3018 x1
3222 2978 3357 3036 cap.
3391 2963 3465 3033 5).
3497 2961 3704 3052 [Quasi
3734 2962 3903 3052 enim

469 3049 569 3108 illa
589 3066 722 3125 quae
739 3049 1074 3108 dilexerunt
1089 3049 1253 3107 initia
1274 3050 1526 3107 istorum
1539 3052 1697 3117 sunt,
1713 3051 1770 3105 et
1793 3044 2129 3103 necessario

468 3138 780 3197 dilectores
812 3156 957 3196 suos
1006 3139 1085 3197 ad
1112 3139 1227 3196 ista
1255 3138 1592 3213 perducunt
1619 3156 1630 3204 ;
1671 3136 1775 3210 qui
1805 3135 1966 3191 enim
1999 3148 2128 3189 ma-

469 3226 557 3300 gis
582 3232 791 3286 amant
818 3228 902 3286 ire
931 3245 1118 3302 quam
1159 3228 1372 3299 redire,
1406 3231 1510 3284 aut
1548 3225 1879 3298 pervenire,
1911 3223 1973 3278 in
2000 3221 2130 3278 lon-

467 3316 786 3390 ginquiora
827 3316 1100 3375 mittendi
1147 3322 1305 3385 sunt,
1341 3317 1631 3385 Quoniam
1679 3327 1820 3372 caro
1869 3319 2030 3383 sunt,
2075 3319 2131 3370 et

464 3407 713 3477 spiritus
735 3405 1074 3474 ambulans,
1107 3413 1160 3462 et
1193 3423 1312 3461 non
1349 3410 1650 3462 revertens
1690 3403 1880 3475 (Psal.
1915 3419 2127 3472 Lxxvu,

467 3495 575 3566 39).
607 3494 718 3560 Qui
743 3510 880 3550 vero
909 3495 1062 3550 bene
1092 3498 1340 3550 utuntur
1360 3493 1454 3550 vel
1471 3494 1618 3567 ipsis
1649 3493 1920 3566 quinque
1948 3491 2131 3549 sensi-

466 3579 582 3639 bus
631 3580 899 3654 corporis
941 3582 1018 3638 ad
1067 3581 1368 3638 credenda
1412 3585 1468 3640 et
1516 3581 1909 3655 praedicanda
1947 3595 2130 3654 opera

467 3667 588 3742 Dei,
621 3673 678 3726 et
702 3668 1086 3726 nutriendam
1115 3670 1464 3726 charitatem
1496 3669 1688 3744 ipsius
1705 3669 1802 3726 vel
1824 3669 2054 3726 actione
2076 3670 2132 3726 et

465 3757 824 3831 cognitione,
875 3759 954 3816 ad
1002 3759 1447 3833 paciﬁcandam
1503 3764 1782 3818 naturam
1843 3775 2016 3815 suam
2073 3763 2131 3816 et

463 3847 954 3922 cognoscendum
987 3851 1193 3916 Deum,
1230 3849 1456 3906 intrant
1478 3851 1539 3906 in
1566 3850 1857 3921 gaudium
1894 3847 2129 3905 Domini

465 3937 574 3994 sui.
609 3937 932 4013 Propterea
962 3937 1274 4004 talentum,
1303 3939 1473 4012 quod
1512 3939 1669 3995 male
1710 3939 1895 3994 utenti
1939 3939 2128 3994 aufer-

464 4030 580 4095 tur,
607 4026 690 4083 illi
719 4025 896 4084 datur
931 4027 1036 4100 qui
1081 4027 1312 4084 talentis
1361 4029 1630 4103 quinque
1677 4026 1831 4085 bene
1861 4044 2008 4084 usus
2037 4033 2129 4085 est

462 4114 702 4189 (Matth.
736 4132 878 4181 xxv,
910 4117 1023 4188 29),
1055 4132 1179 4173 non
1212 4117 1355 4190 quia
1398 4117 1706 4175 transferri
1754 4121 1951 4190 potest
1991 4133 2128 4174 acu-

463 4219 605 4260 men
645 4202 1062 4274 intelligentiae,
1097 4206 1204 4263 sed
1250 4208 1332 4262 ita
1381 4206 1782 4278 signiﬁcatum
1813 4209 1903 4262 est
1942 4222 2126 4280 posse

465 4289 579 4348 hoc
609 4291 878 4350 amittere
907 4293 1299 4364 negligentes,
1333 4299 1390 4351 et
1413 4295 1632 4369 impios
1665 4295 2036 4367 ingeniosos,
2069 4300 2125 4351 et

465 4378 544 4436 ad
573 4395 708 4436 eam
737 4382 1048 4453 pervenire
1073 4382 1404 4454 diligentes,
1437 4387 1493 4440 et
1522 4384 1674 4457 pios,
1706 4383 1985 4456 quamvis
2032 4385 2123 4440 in-

464 4466 641 4540 genio
672 4469 981 4528 tardiores.
1017 4474 1142 4528 Non
1168 4473 1329 4528 enim
1376 4471 1586 4529 datum
1638 4475 1725 4528 est
1766 4471 1913 4528 illud
1941 4473 2126 4530 talen-

463 4560 592 4615 tum
621 4558 674 4616 ei
707 4559 806 4630 qui
837 4565 1149 4635 acceperat
1177 4562 1300 4618 duo
1333 4563 1538 4630 (habet
1576 4562 1736 4619 enim
1767 4565 1823 4618 et
1851 4562 1988 4626 hoc,
2019 4564 2124 4636 qui

464 4644 595 4718 jam
619 4643 681 4703 in
712 4647 945 4705 actione
997 4651 1054 4705 et
1104 4650 1165 4706 in
1194 4650 1533 4722 cognitione
1560 4649 1712 4707 bene
1742 4650 1904 4722 vivit)
1937 4650 2041 4706 sed
2073 4651 2126 4708 ei

461 4734 566 4808 qui
610 4743 922 4813 acceperat
971 4739 1259 4814 quinque.
1294 4741 1572 4797 Nondum
1621 4740 1782 4797 enim
1820 4740 2003 4798 habet
2047 4742 2126 4798 ad

463 4828 698 4882 aeternae
729 4827 1198 4902 contemplanda
1242 4829 1526 4886 idoneam
1557 4829 1772 4886 mentis
1804 4830 1994 4886 aciem
2020 4831 2126 4904 qui

462 4910 793 4969 visibilibus
837 4920 1094 4987 tantum,
1143 4918 1204 4974 id
1253 4921 1341 4975 est
1393 4918 1846 4992 temporalibus,
1896 4919 2121 4988 credit;

461 4997 685 5056 habere
728 5006 943 5076 potest,
998 5005 1102 5079 qui
1145 5007 1364 5065 horum
1417 5008 1693 5064 omnium
1750 5009 2123 5065 sensibilium

462 5086 652 5144 Deum
683 5090 973 5150 artiﬁcem
1020 5094 1246 5165 laudat,
1281 5101 1336 5153 et
1374 5114 1513 5154 eum
1544 5095 1868 5171 persuadet
1895 5096 2034 5166 ﬁde,
2068 5101 2124 5152 et

461 5181 693 5252 spectat
722 5196 851 5255 spe,
892 5184 949 5238 et
974 5185 1196 5256 quaerit
1233 5187 1538 5244 charitate.
1574 5184 1888 5257 Gregorius
1919 5188 2121 5241 autem

461 5263 522 5323 in
549 5267 702 5327 libro
732 5287 789 5327 ιι
821 5270 1150 5344 Moralium,
1180 5290 1314 5348 cap.
1350 5281 1402 5332 5.

533 5357 622 5428 [Si
632 5361 944 5418 incluserit
957 5362 1484 5432 hominem,nullus
1501 5369 1584 5420 est
1599 5363 1707 5435 qui
1719 5361 1952 5431 aperiat
1969 5361 2118 5434 (Job.

460 5459 562 5512 xn,
601 5444 686 5520 14)
711 5466 723 5504 :
751 5449 896 5522 quia
925 5453 1126 5508 omnis
1155 5453 1340 5508 homo
1367 5467 1474 5524 per
1498 5450 1560 5506 id
1590 5449 1758 5522 quod
1788 5449 1945 5507 male
1977 5452 2118 5522 agit,

369 5605 376 5610 ι
463 5533 613 5609 quid
635 5536 746 5593 sibi
766 5537 930 5595 aliud
947 5557 1135 5612 quam
1157 5538 1534 5596 conscientiae
1562 5555 1683 5594 suae
1711 5555 2011 5598 carcerem
2039 5537 2122 5600 fa-

458 5621 558 5689 cit.
576 5626 641 5684 ut
659 5623 823 5686 hunc
837 5627 1057 5686 animae
1077 5627 1181 5701 [al.
1206 5627 1415 5721 animi]
1428 5631 1627 5689 reatus
1642 5635 1895 5720 premat,
1914 5632 2120 5693 etiam-

2241 3047 2472 3120 aperire
2503 3049 2661 3104 hanc
2711 3049 3109 3107 inclusionem
3140 3067 3279 3107 cum
3313 3055 3474 3108 lsaac
3499 3051 3902 3123 primogenito

2239 3135 2364 3193 tilio
2395 3137 2595 3204 voluit,
2616 3155 2754 3194 cum
2784 3139 2944 3195 hunc
2975 3140 3138 3197 fratri
3169 3156 3514 3214 praeponere
3545 3139 3898 3197 benedicen-

2241 3225 2320 3282 do
2343 3229 2596 3283 conatus
2630 3232 2717 3284 est
2741 3246 2753 3296 ;
2789 3229 2894 3285 sed
2919 3229 3106 3286 ﬁlium
3137 3247 3320 3304 quem
3361 3234 3528 3304 pater
3554 3229 3768 3298 voluit,
3797 3228 3903 3285 Do-

2240 3316 2444 3372 minus
2472 3317 2831 3391 reprobavit,
2864 3324 2922 3375 et
2949 3335 3132 3392 quem
3164 3324 3450 3377 Dominus
3498 3319 3706 3387 voluit,
3740 3325 3905 3394 pater

2240 3406 2420 3462 etiam
2453 3406 2714 3464 nolendo
2744 3407 3076 3465 benedixit:
3124 3414 3187 3466 ut
3212 3407 3316 3483 qui
3341 3411 3469 3481 jam
3500 3409 3905 3483 primogenita

2241 3495 2402 3551 fratri
2447 3511 2554 3568 pro
2584 3512 2724 3555 esca
2750 3497 3123 3567 vendiderat,
3153 3498 3699 3572 primogenitorum
3730 3499 3906 3555 bene-

2239 3583 2563 3641 dictionem
2611 3599 2732 3641 non
2765 3587 3076 3660 acciperet,
3109 3603 3296 3660 quam
3329 3604 3400 3643 ex
3431 3588 3721 3660 cupidine
3753 3588 3903 3660 gaias

2239 3671 2578 3745 reliquisset
2602 3693 2614 3743 ;
2643 3673 2747 3748 qui
2778 3679 3011 3733 terrena
3033 3675 3328 3744 ambiens,
3351 3676 3599 3746 fugitiva
3622 3691 3901 3750 sequens,

2237 3760 2589 3818 haereditare
2616 3764 2864 3836 cupiens
2895 3763 3395 3836 benedictionem,
3415 3766 3776 3840 reprobatus
3794 3769 3899 3821 est.

2240 3853 2367 3906 Non
2393 3851 2556 3908 enim
2605 3853 2825 3910 invenit
2867 3855 3228 3926 poenitentiae
3259 3855 3499 3924 locum;
3545 3869 3902 3929 quanquam

2240 3955 2378 3996 cum
2435 3940 2718 4015 lacrymis
2781 3942 3122 4016 inquisisset
3182 3960 3351 4014 eam;
3426 3946 3571 4018 quia
3632 3944 3904 4002 videlicet

2239 4029 2499 4087 fructum
2548 4047 2670 4087 non
2715 4029 2940 4089 habent
2981 4033 3244 4091 lamenta
3291 4050 3426 4108 quae
3475 4035 3728 4092 strident
3768 4051 3902 4091 cum

2242 4121 2468 4189 gemitu
2515 4121 2857 4178 desiderare
2906 4123 3191 4195 peritura.
3220 4125 3460 4197 Aperire
3503 4123 3706 4198 itaque
3741 4129 3901 4181 Isaac

2238 4224 2349 4264 nec
2378 4208 2498 4264 ﬁlio
2529 4209 2740 4281 potuit,
2776 4228 2957 4284 quem
3010 4213 3164 4268 Deus
3207 4212 3593 4286 omnipotens
3614 4215 3785 4286 justo
3811 4215 3902 4285 ju-

2238 4295 2393 4353 dicio
2437 4297 2497 4353 in
2547 4313 2668 4354 suae
2725 4297 2967 4356 malitim
3009 4317 3243 4358 carcere
3287 4301 3568 4374 inclusit].
3596 4302 3633 4369 'l'
3663 4303 3802 4369 Sed,
3833 4317 3901 4357 ne

2240 4387 2644 4443 contentiosus
2661 4389 3008 4462 obstrepere
3025 4391 3274 4465 deligas,
3304 4393 3622 4449 videamus
3655 4393 3903 4450 alteram

2239 4475 2368 4545 ejus
2400 4476 2756 4533 sententiam
2787 4493 2860 4534 ex
2889 4479 3139 4538 homilia
3181 4481 3505 4552 Evangelii,
3537 4495 3662 4556 qua
3692 4497 3905 4556 poenas

2242 4565 2508 4635 corporis
2555 4581 2874 4640 corporeas
2917 4568 3177 4640 judicari
3226 4570 3428 4627 nullus
3473 4570 3764 4642 ambigat.
3810 4572 3903 4627 Ait

2237 4653 2406 4708 enim
2445 4655 2761 4726 Gregorius
2789 4656 3031 4728 (Homil.
3065 4660 3174 4730 38).
3209 4661 3535 4732 [Ligantur
3558 4664 3695 4718 tunc
3716 4660 3898 4729 pedes

2237 4749 2291 4800 et
2320 4759 2532 4801 manus
2589 4746 2828 4813 (Matth.
2858 4764 3000 4815 xxu,
3035 4752 3130 4816 t3).
3159 4765 3266 4822 per
3295 4749 3730 4808 districtionem
3775 4766 3908 4806 sen-

2236 4835 2454 4905 tentia,
2484 4836 2588 4908 qui
2620 4837 2803 4893 modo
2835 4853 2870 4894 a
2901 4839 3097 4910 pravis
3133 4840 3417 4912 operibus
3465 4841 3635 4912 ligari
3696 4839 3906 4897 nolue-

2234 4927 2374 4978 runt
2419 4939 2527 4995 per
2574 4925 3048 4982 meliorationem
3075 4927 3225 4984 vitae.
3258 4928 3357 4985 Vel
3388 4933 3548 4986 certo
3587 4933 3734 4986 tunc
3767 4930 3909 5002 ligat

2237 5027 2439 5084 poena,
2472 5027 2626 5085 quos
2661 5014 2844 5072 modo
2873 5031 2909 5072 a
2933 5015 3109 5072 bonis
3139 5018 3425 5091 operibus
3456 5018 3636 5090 ligavi
3681 5020 3906 5094 culpa;

2232 5099 2416 5172 pedes
2443 5099 2609 5156 enim
2641 5103 2745 5175 qui
2777 5103 3013 5161 visitare
3040 5121 3267 5176 aegrum
3317 5107 3650 5178 negligunt,
3685 5125 3910 5167 manus

2233 5204 2368 5260 quae
2417 5188 2566 5245 nihil
2612 5189 3018 5264 indigentibus
3065 5194 3353 5267 tribuunt,
3413 5213 3449 5253 a
3503 5197 3673 5254 bono
3727 5215 3908 5273 opere

2228 5277 2358 5347 jam
2417 5293 2489 5334 ex
2537 5279 2844 5338 voluntate
2896 5281 3092 5353 ligatae
3148 5289 3303 5343 sunt.
3357 5286 3469 5353 Qui
3535 5301 3683 5356 ergo
3745 5305 3907 5345 nunc

2233 5371 2447 5440 sponte
2477 5368 2740 5440 ligantur
2768 5371 2830 5426 in
2877 5371 3040 5441 vitio,
3077 5377 3216 5431 tunc
3260 5375 3321 5431 in
3373 5375 3670 5450 supplicio
3716 5378 3908 5449 ligan-

2231 5457 2327 5512 tur
2355 5456 2570 5515 invite:
2604 5458 2758 5516 bene
2786 5462 2990 5516 autem
3021 5461 3239 5519 dicitur
3269 5465 3440 5538 quod
3480 5467 3542 5522 in
3581 5469 3906 5525 exteriores

2234 5546 2504 5604 tenebras
2514 5551 2915 5623 proﬁciatur;
2953 5551 3262 5609 interiores
3280 5556 3504 5629 quippe
3525 5556 3806 5614 tenebras
3828 5557 3905 5612 di-

2245 5636 2437 5696 cimus
2469 5639 2796 5700 caecitatem
2848 5641 3067 5717 cordis,
3101 5643 3417 5704 exteriores
3443 5661 3588 5704 vero
3631 5644 3905 5704 tenebras
