4160 6186
355 135 491 194 i277

351 265 646 319 aeternam
695 257 938 314 noctem
977 252 1407 313 damnationis.
1455 258 1616 312 Tunc
1660 267 1803 324 ergo
1850 252 2026 308 dam-

346 353 534 407 natus
565 347 824 424 quisque
851 359 974 401 non
1012 344 1071 400 in
1107 344 1436 417 interiores,
1468 344 1574 402 sed
1598 344 1660 400 in
1696 342 2017 400 exteriores

348 438 639 502 tenebras
683 434 951 498 mittitur,
996 433 1141 508 quia
1179 433 1294 491 illic
1337 435 1554 492 invitus
1606 431 1916 506 projicitur
1956 430 2017 486 in

348 534 597 586 noctem
618 523 1051 592 damnationis,
1074 523 1178 600 qui
1197 523 1291 580 his
1307 529 1521 598 sponte
1539 522 1749 580 cecidit
1766 521 1828 577 in
1845 519 2016 576 caeci-

351 623 541 676 tatem
569 615 788 674 cordis.
822 614 934 672 Ubi
945 615 1123 684 ﬂetus
1143 629 1386 686 quoque
1426 620 1479 670 et
1508 613 1732 669 stridor
1749 611 2015 667 dentium

352 723 489 765 esse
513 704 885 780 perhibetur,
902 707 968 758 ut
988 701 1324 758 illicdentes
1349 700 1657 770 strideant,
1675 699 1780 773 qui
1815 698 1912 754 hic
1940 696 2016 753 de

350 795 652 854 edacitate
665 792 1034 864 gaudebant;
1049 790 1164 848 illic
1182 790 1338 847 oculi
1363 790 1642 858 defleant,
1657 787 1762 862 qui
1789 787 1886 844 hic
1909 800 2017 860 per

346 884 590 942 illicitas
639 880 1156 954 concupiscentias
1206 880 1610 937 versabantur
1649 879 1708 934 in
1740 877 2011 934 mundo:

345 979 660 1048 quatenus
676 971 912 1040 singula
934 987 1193 1044 quaeque
1216 970 1490 1026 membra
1505 967 1798 1042 supplicio
1814 967 2016 1038 subja-

345 1067 545 1129 ceant,
579 1080 713 1137 quae
735 1061 836 1118 hic
867 1059 1116 1132 singulis
1158 1060 1498 1133 quibusque
1539 1059 1696 1115 vitiis
1744 1056 2014 1128 subjecta

343 1153 735 1226 serviebant].
760 1155 802 1223 ἢ·
835 1151 999 1207 idem
1021 1150 1083 1206 in
1113 1150 1457 1220 Moralibus,
1488 1149 1590 1206 lib.
1623 1164 1725 1217 xu,
1757 1162 1892 1221 cap.
1920 1150 2009 1203 20.

417 1242 765 1316 [Superbire
798 1241 959 1297 enim
991 1239 1239 1295 minime
1271 1239 1596 1305 debuisset,
1621 1236 1852 1294 etiamsi
1905 1251 2012 1291 an-

343 1347 572 1388 norum
606 1346 854 1388 suorum
875 1344 1195 1385 numerum
1215 1332 1442 1385 certum
1470 1327 1693 1384 habere
1719 1326 2014 1400 potuisset

345 1425 433 1485 ut,
462 1421 661 1478 sciens
703 1422 1000 1494 quantum
1030 1418 1268 1487 viveret,
1326 1418 1627 1491 prtesciret
1673 1415 1920 1489 quando
1948 1431 2011 1471 se

347 1509 430 1566 ab
461 1509 724 1568 elatione
751 1513 1102 1567 removeret.
1125 1512 1211 1574 At,
1244 1511 1568 1580 postquam
1591 1521 1860 1578 prmsens
1890 1505 2012 1560 vita

1327 133 1418 187 DE
1451 121 2128 188 PRAEDESTINA'HONB
2157 127 2440 189 CONTRA
2465 131 2512 192 1.
2549 133 2821 195 εσοτωι

3641 149 3775 207 1278

2130 268 2281 326 quas
2306 258 2470 328 fecit,
2497 260 2615 319 hoc
2642 263 2907 322 maxime
2941 264 3118 323 nobis
3149 267 3657 331 considerandum
3690 278 3779 333 est

2127 345 2290 420 quia,
2321 363 2458 412 cum
2491 351 2656 409 mala
2684 355 3138 428 committimus,
3180 358 3312 414 sine
3334 374 3519 418 causa
3549 361 3628 419 ad
3653 379 3778 420 me-

2127 435 2384 494 moriam
2393 437 2558 499 bona
2577 447 2780 501 nostra
2795 448 3093 503 transacta
3106 452 3777 524 revocamus,quontam

2125 525 2187 584 in
2208 532 2649 602 perpeti-alioue
2668 534 2968 592 malorum
2998 537 3164 594 nulla
3193 537 3372 596 debet
3400 555 3530 597 esse
3554 540 3777 602 ﬁducia

2123 615 2425 675 bonorum
2457 623 2912 694 praeteritorum.
2945 626 3058 682 Sed
3103 627 3293 699 quaeri
3336 631 3534 701 potest
3572 634 3776 690 utrum

2119 703 2304 775 justo,
2337 713 2662 783 postquam
2703 713 3002 778 ceciderit,
3048 714 3506 787 prmdicandum
3537 717 3649 788 sit;
3696 733 3774 778 an

2126 796 2182 850 et
2209 795 2564 871 priusquam
2593 801 2788 870 cadat,
2817 803 3122 874 invigilare
3151 805 3508 877 praedicator
3535 807 3772 880 debeat,

2123 897 2200 940 ne
2232 884 2310 941 ad
2334 901 2544 944 casum
2570 890 2810 960 veniat;
2837 892 3048 964 procul
3078 892 3264 950 dubio
3321 898 3378 951 et
3415 896 3773 971 priusquam

2124 973 2318 1032 cadat.
2349 977 2498 1032 Nam
2529 979 2834 1052 sequitur:
2864 982 2934 1037 Si
2959 988 3157 1040 autem
3193 989 3258 1040 tu
3311 987 3772 1046 anmmtiaveris

2113 1065 2282 1134 justo
2307 1071 2374 1122 ut
2397 1081 2516 1123 non
2542 1075 2745 1139 peccet
2783 1072 3009 1143 justus,
3037 1078 3092 1129 et
3119 1074 3226 1131 ille
3264 1090 3385 1131 non
3410 1079 3770 1146 peccaverit,

2124 1155 2326 1212 vivens
2352 1157 2529 1221 vivet,
2559 1161 2700 1231 quia
2731 1161 3114 1219 annuntiasti
3141 1165 3196 1221 ei
3217 1183 3228 1220 :
3285 1170 3350 1221 tu
3405 1173 3606 1224 autem
3637 1170 3771 1225 ani-

2121 1255 2278 1297 mam
2311 1246 2474 1299 tuam
2509 1243 2779 1301 liberasti
2804 1245 3039 1314 (Ezec’t.
3090 1265 3170 1314 ιιι,
3198 1250 3286 1316 21,
3334 1250 3489 1323 etc.).
3541 1250 3598 1308 Si
3627 1268 3771 1323 ergo

2121 1329 2478 1400 praedicator
2503 1332 2639 1389 ideo
2664 1334 2931 1392 animam
2958 1353 3132 1394 suam
3152 1337 3442 1410 liberavit,
3472 1339 3616 1412 quia
3638 1341 3770 1412 jus-

2120 1420 2181 1474 to
2200 1433 2276 1473 ne
2307 1423 2581 1490 peccaret
2618 1424 3015 1491 annuntiavit,
3048 1443 3188 1482 cum
3212 1427 3410 1498 justus
3450 1427 3528 1485 ad
3556 1445 3770 1502 pecca-

2119 1511 2248 1564 tum
2277 1507 2667 1579 prmdicatore
2684 1515 2913 1568 tacente
2934 1514 3228 1585 ceciderit,
3246 1516 3776 1591 praedicatamquia

344 1614 590 1678 semper
619 1599 842 1656 incerta
870 1600 1144 1665 est,tanto
1177 1611 1413 1668 semper
1461 1611 1622 1652 mors
1670 1593 2010 1666 subripiens
2039 1593 2086 1650 Β
2122 1595 2324 1663 tacuit,
2359 1610 2496 1652 reus
2554 1601 2800 1655 tenetur.
2839 1601 2952 1658 Sed
2983 1602 3138 1675 quis,
3170 1617 3340 1676 rogo,
3371 1608 3644 1661 nostrum
3692 1605 3772 1662 ad

346 1687 546 1744 timeri
569 1687 766 1752 debet,
794 1690 1022 1760 quanto
1049 1702 1363 1760 nunquam
1392 1683 1703 1758 praevideri
1731 1682 2010 1739 valet.Be-

345 1791 422 1832 ne
439 1780 644 1836 autem
676 1775 1024 1851 superbiam
1055 1774 1223 1848 impii
1247 1773 1814 1849 tyrannidemvocat
1838 1790 1852 1840 ;
1874 1787 2010 1844 pro-

344 1867 477 1944 prie
510 1867 674 1924 enim
707 1872 1004 1940 tyrannus
1033 1864 1251 1934 dicitur
1275 1864 1379 1936 qui
1411 1864 1470 1920 in
1499 1863 1666 1918 omni
1704 1862 2010 1935 republica

345 1969 472 2012 non
499 1956 632 2028 jure
661 1955 1068 2030 principatur:
1096 1952 1201 2008 sed
1233 1953 1545 2008 sciendum
1567 1955 1673 2022 est,
1705 1952 1848 2024 quia
1879 1968 2008 2006 om-

348 2044 445 2100 nis
475 2033 774 2120 superbus
791 2045 963 2119 juxta
991 2043 1245 2099 modum
1286 2042 1597 2116 proprium
1627 2041 2008 2114 tyrannidem

352 2141 610 2193 exercet.
645 2139 793 2191 Nam
830 2131 996 2213 quod
1049 2147 1492 2205 nonnunquam
1553 2131 1706 2187 alius
1749 2131 1810 2186 in
1839 2146 2016 2203 repu-

350 2218 534 2285 blica,
561 2221 676 2280 hoc
705 2225 793 2278 est
816 2237 923 2295 per
967 2225 1276 2294 acceptam
1327 2218 1639 2290 dignitatis
1679 2217 2008 2290 potentiam

351 2309 510 2366 alius
527 2311 586 2368 in
599 2310 1084 2390 provincia,alius
1098 2311 1158 2366 in
1175 2309 1588 2375 civitate,alius
1604 2309 1662 2364 in
1679 2308 1862 2363 domo
1875 2323 2010 2380 pro-

347 2399 664 2473 pria,alius
677 2418 782 2478 per
805 2400 1083 2460 latentem
1099 2400 1429 2474 nequitiam
1449 2399 1564 2455 hoc
1591 2403 1824 2455 exercet
1843 2396 2008 2470 apud

348 2489 489 2546 sein
519 2491 875 2561 cogitatione
895 2507 1001 2548 sua
1026 2509 1038 2559 ;
1070 2507 1180 2548 nec
1207 2490 1468 2546 intuetur
1492 2489 1780 2545 Dominus
1810 2502 2006 2560 quan-

347 2580 481 2636 tum
505 2580 762 2658 quisque
804 2579 945 2637 mali
973 2580 1170 2638 valeat
1197 2580 1414 2649 facere,
1447 2579 1553 2635 sed
1583 2581 1878 2651 quantum
1911 2593 2007 2633 ve-

346 2664 452 2742 lit;
483 2672 558 2736 et,
593 2685 730 2726 cum
761 2669 925 2726 deest
951 2672 1213 2746 potestas
1245 2668 1407 2738 foris,
1429 2667 1591 2740 apud
1619 2683 1680 2723 se
1711 2671 2004 2740 tyrannus

347 2759 436 2812 est
468 2757 564 2812 cui
617 2757 900 2832 iniquitas
951 2758 1298 2814 dominatur
1321 2759 1514 2824 intus;
1543 2756 1689 2830 quia
1715 2756 1822 2812 etsi
1853 2760 2007 2812 exte-

341 2845 470 2904 rius
490 2863 616 2906 non
647 2846 836 2919 aﬂigit
879 2848 1212 2922 proximos,
1257 2848 1611 2904 intrinsecus
1655 2852 1856 2904 tamen
1899 2847 2004 2902 ha-

233 2989 236 2992 .
339 2933 486 2992 bere
515 2941 872 3011 potestatem
904 2939 1130 3015 appetit
1151 2941 1216 2993 ut
1242 2937 1469 3027 affligat
1495 2953 1507 2992 :
1558 2941 1613 2993 et
1636 2935 2001 3027 quia_omni-
2028 2965 2072 3027 α

336 3030 558 3096 potens
582 3030 734 3084 Deus
764 3028 949 3085 corda
971 3030 1206 3100 pensat,
1230 3027 1360 3097 jam
1410 3025 1471 3080 in
1514 3026 1643 3096 ejus
1673 3025 1860 3081 oeulis
1890 3025 1998 3080 im-

331 3114 475 3188 pius
502 3114 639 3171 fecit
683 3116 850 3189 quod
878 3116 1180 3186 cogitavit.
1233 3114 1324 3169 Ad
1354 3114 1469 3170 hoc
1495 3117 1698 3169 autem
1729 3113 2002 3170 conditor

329 3208 547 3258 noster
566 3202 749 3259 latere
774 3219 888 3258 nos
933 3203 1118 3258 voluit
1145 3202 1333 3258 ﬁnem
1383 3205 1684 3267 nostrum,
1719 3206 1805 3272 ut,
1851 3201 1999 3257 dum

328 3287 548 3346 incerti
575 3306 785 3347 sumus
815 3291 1062 3368 quando
1090 3291 1444 3358 moriamur,
1479 3305 1718 3363 semper
1747 3289 1826 3346 ad
1841 3306 2000 3347 mor-

329 3379 455 3434 tem
517 3378 710 3452 parati
750 3377 1004 3434 inveniri
1057 3378 1387 3435 debeamus
1419 3379 1521 3449 [al.
1578 3377 1997 3450 inveniamur].

329 3465 508 3523 Unde
523 3455 688 3522 recte
717 3470 1043 3542 postquam
1066 3467 1292 3523 dictum
1324 3471 1412 3524 est
1440 3485 1452 3522 :
1503 3467 1748 3524 Cunctis
1797 3467 2002 3524 diebus

325 3558 453 3612 suis
482 3556 704 3628 impius
732 3556 1022 3632 superbit,
1054 3557 1351 3632 adjungit,
1400 3562 1455 3613 et
1484 3572 1768 3614 numerus
1813 3573 2002 3615 anno-

328 3661 470 3704 rum
514 3647 780 3703 incertus
809 3652 895 3704 est
926 3647 1275 3718 tyrannidis
1305 3650 1434 3718 ejus
1466 3647 1596 3720 (Job
1638 3664 1743 3715 xv,
1779 3652 1894 3716 20).
1919 3652 2000 3705 Ac

328 3733 377 3794 si
399 3739 613 3808 aperte
643 3735 975 3791 diceretur:
1001 3735 1119 3792 Cur
1143 3735 1320 3810 quasi
1367 3735 1441 3791 de
1473 3735 1634 3792 certo
1678 3735 1998 3803 extollitur,

327 3825 511 3898 cujus
533 3825 651 3881 vita
673 3824 786 3881 sub
807 3825 1402 3900 poenaincertitudini
1435 3829 1666 3882 tenetur
1684 3827 1712 3882 ?
1739 3825 1852 3882 Sed
1873 3841 2000 3882 om-

326 3912 611 3992 nipotens
638 3917 790 3971 Deus
820 3929 1000 3988 prave
1031 3914 1348 3984 agentibus
1377 3929 1502 3970 non
1550 3913 1744 3970 solum
1793 3918 1998 3971 ventu-

325 4016 392 4058 ra
424 4001 727 4076 supplicia
745 4007 1031 4072 reservat,
1063 4003 1169 4060 sed
1211 4019 1423 4060 eorum
1454 4001 1666 4068 corda,
1689 4001 1788 4057 hic
1817 4002 1996 4060 etiam

323 4089 432 4147 ubi
464 4089 842 4168 delinquunt,
877 4093 1072 4166 poenis
1122 4092 1409 4165 implicat,
1444 4095 1510 4146 ut
1567 4105 1638 4145 eo
1690 4089 1823 4163 ipso
1872 4107 1994 4164 quo

324 4183 584 4251 peccant
613 4180 965 4254 semetipsos
1022 4181 1279 4250 feriant;
1339 4185 1422 4251 ut,
1478 4194 1719 4254 semper
1777 4180 1991 4253 trepidi

327 4285 692 4344 semperque
741 4257 1022 4344 suspecti,
1049 4271 1212 4328 mala
1239 4271 1316 4328 ab
1347 4270 1477 4328 aliis
1510 4270 1632 4342 pati
1685 4273 1993 4328 metueant

331 4373 474 4440 quae
503 4375 564 4416 se
592 4359 720 4418 aliis
754 4360 960 4417 fecisse
990 4361 1416 4427 meminerint]
1437 4362 1478 4431 -ιο
1505 4359 1615 4425 Qui
1638 4363 1842 4416 tamen
1868 4360 1987 4416 evi-

334 4445 544 4504 denter
567 4448 640 4504 de
667 4450 932 4522 peccatis
963 4466 1098 4524 quae
1119 4453 1257 4505 sunt
1284 4465 1480 4524 pcenee
1512 4451 1894 4520 peccatorum
1924 4447 1986 4504 in

337 4527 718 4607 Expositione
741 4538 1002 4595 Ezechiel
1025 4538 1330 4612 prophetas
1384 4536 1639 4592 Homilia
1681 4537 1766 4609 il,
1798 4538 1985 4610 partis

332 4625 572 4697 primae,
596 4626 679 4686 ita
707 4629 1019 4685 disseruit:

399 4714 536 4790 [Sed
559 4716 637 4774 Et
667 4719 720 4774 si
747 4732 1067 4776 conversus
1078 4718 1284 4786 justus
1305 4731 1342 4773 a
1361 4718 1604 4787 justitia
1632 4734 1742 4774 sua
1768 4718 1983 4788 fecerit

323 4804 730 4880 iniquitatem,
751 4823 976 4880 ponam
1007 4805 1432 4880 o/fendiculum
1482 4821 1683 4864 coram
1738 4823 1821 4864 eo.
1859 4810 1982 4879 Ipse

321 4897 634 4957 morietur,
671 4898 814 4969 quia
844 4912 964 4952 non
985 4896 1367 4955 annuntiastt
1385 4896 1471 4952 ei:
1510 4896 1574 4952 in
1595 4901 1844 4967 peccato
1872 4912 1977 4954 suo

336 4984 652 5056 morietur,
678 4991 732 5042 et
757 5002 879 5044 non
905 4991 1085 5044 erunt
1110 4988 1172 5043 in
1221 4987 1504 5044 memoria
1550 4990 1808 5058 justitiay
1845 4991 1976 5060 ejus

319 5086 469 5144 quas
492 5073 659 5145 fecit.
692 5074 1060 5146 Sanguinem
1093 5091 1229 5133 vero
1260 5079 1387 5150 ejus
1423 5076 1497 5133 de
1525 5091 1711 5133 manu
1751 5082 1857 5134 tua
1886 5091 1974 5134 re-

316 5162 554 5231 quiram
581 5161 819 5236 (Ezeeh.
844 5180 924 5232 ιιι,
955 5165 1068 5237 20).
1109 5164 1258 5232 Quia
1281 5166 1444 5237 justo
1476 5165 1580 5238 qui
1605 5165 1667 5219 in
1719 5167 1972 5236 peccato

315 5250 612 5318 ceciderit,
646 5253 1005 5326 praedicator
1051 5254 1248 5322 tacuit,
1298 5255 1426 5329 ejus
1481 5253 1789 5322 sanguinis
1836 5253 1965 5326 [ai.,

315 5341 628 5413 sanguine)
677 5358 817 5402 reus
846 5347 1099 5407 tenetur,
1131 5346 1188 5404 et
1237 5343 1342 5415 qui
1372 5343 1657 5398 sollicitus
1686 5356 1816 5398 esse
1844 5357 1968 5399 non

317 5429 544 5486 studuit
568 5431 629 5487 in
672 5433 1118 5512 praedicatione,
1175 5431 1368 5489 factus
1425 5436 1512 5490 est
1548 5429 1848 5506 particeps
1905 5431 1967 5488 in

319 5515 727 5578 damnatione.
759 5523 873 5581 Sed
899 5539 1036 5579 cum
1060 5521 1304 5578 dicitur:
1340 5524 1400 5576 1η
1428 5525 1671 5591 peccato
1717 5537 1824 5579 suo
1849 5537 1967 5579 mo-

318 5607 529 5676 rietur,
587 5616 643 5666 et
687 5627 807 5670 non
853 5616 1032 5672 erunt
1059 5613 1121 5671 in
1173 5611 1456 5671 memoria
1492 5613 1754 5681 justitiae
1806 5613 1953 5684 ejus.

2120 1685 2250 1742 haec
2297 1685 2554 1744 suﬂiciat
2602 1691 2664 1744 ut
2693 1704 2815 1744 non
2861 1689 3056 1746 solum
3108 1697 3451 1765 peccatores
3509 1695 3770 1752 studiose

2119 1774 2420 1848 corripiat,
2453 1775 2561 1832 sed
2585 1777 2765 1833 etiam
2785 1777 2959 1850 justis
2979 1779 3245 1849 invigilet
3271 1797 3346 1838 ne
3372 1782 3634 1840 cadant?
3660 1798 3772 1840 nos

2119 1864 2300 1931 enim,
2332 1864 2691 1921 inﬁrmitatis
2712 1870 2931 1923 nostra:
2953 1869 3195 1940 conscii,
3227 1884 3366 1926 cum
3391 1871 3582 1941 justos
3609 1872 3771 1929 viros

2120 1952 2545 2026 conspicimus,
2569 1953 2895 2012 admonere
2927 1971 3029 2013 eos
3067 1973 3190 2014 non
3241 1959 3668 2031 prmsumimus
3704 1966 3771 2018 ut

2115 2043 2357 2114 justitite
2386 2043 2550 2100 viam
2580 2049 2844 2118 teneant,
2859 2063 3045 2121 quam
3068 2047 3211 2122 quia
3238 2051 3440 2106 tenent
3467 2050 3766 2121 videmus,

2119 2136 2176 2188 et
2202 2135 2408 2188 tamen
2436 2132 2846 2204 praedicatoris
2901 2140 2988 2193 est
3037 2136 3307 2194 debitum
3364 2139 3540 2195 etiam
3567 2140 3766 2211 justos

2119 2220 2467 2277 admonere.
2493 2222 2658 2278 Unde
2687 2223 3044 2298 praedicator
3059 2226 3333 2297 egregius
3353 2227 3590 2284 dicebat
3612 2245 3628 2284 :
3656 2228 3766 2287 Sa-

2108 2311 2414 2381 pientibus
2438 2317 2495 2368 et
2523 2311 2941 2382 insipientibus
2962 2315 3194 2373 debitor
3224 2332 3354 2373 sum
3387 2317 3573 2388 (Rom.
3605 2319 3764 2392 1,14).

2117 2399 2182 2454 In
2211 2399 2305 2455 his
2330 2415 2474 2456 vero
2500 2401 2805 2466 omnibus,
2838 2419 2974 2476 quae
3001 2403 3076 2462 de
3093 2405 3254 2477 justo
3288 2405 3365 2462 ad
3389 2405 3765 2483 iniquitatem

2116 2503 2406 2544 converso
2435 2488 2594 2545 dicta
2614 2495 2774 2554 sunt,
2795 2491 2911 2548 hoc
2931 2493 3402 2550 estlaboriosum
3425 2491 3504 2550 ad
3519 2493 3768 2568 loquen-

2115 2577 2284 2647 dum,
2323 2577 2440 2633 hoc
2485 2577 2660 2634 valde
2689 2581 3231 2652 pertimescendum
3281 2583 3447 2654 quod
3477 2583 3767 2639 Dominus

2114 2667 2292 2724 dicit:
2325 2667 2555 2724 Ponam
2587 2667 3013 2738 offondiculum
3058 2685 3260 2728 coram
3304 2687 3389 2729 eo.
3436 2671 3527 2729 Ait
3555 2673 3716 2729 enim
3749 2689 3762 2730 :

2112 2756 2182 2814 Si
2200 2771 2517 2814 conversus
2527 2759 2730 2827 justus
2759 2774 2795 2814 a
2814 2759 3057 2828 justitia
3098 2775 3209 2817 sua
3236 2761 3448 2832 fecerit
3480 2761 3766 2834 iniquita-

2113 2853 2249 2915 tem,
2278 2861 2498 2915 ponam
2521 2847 2948 2916 oﬁ'endiculum
2970 2864 3171 2906 coram
3203 2864 3266 2906 eo
3282 2849 3518 2920 (Ezech.
3544 2865 3624 2921 ιιι,
3650 2851 3763 2918 20).

2111 2937 2228 2991 Nos
2269 2935 2430 2992 enim
2460 2934 2716 2991 dicimus
2745 2937 2907 3008 quia,
2937 2937 2985 2992 si
3018 2936 3393 3010 iniquitatem
3423 2937 3643 3007 fecerit,
3675 2938 3765 2995 of-

2110 3023 2325 3092 fendit;
2359 3027 2414 3080 et
2435 3039 2644 3080 verum
2673 3028 2761 3080 est
2809 3025 3056 3082 omnino
3108 3023 3275 3098 quod
3328 3024 3618 3083 dicimus:
3659 3041 3767 3084 cur

2109 3113 2308 3170 adhuc
2338 3113 2390 3168 ei
2441 3115 2595 3169 Deus
2639 3113 3020 3186 omnipotens
3074 3115 3505 3184 offendiculum
3558 3118 3764 3191 ponet,

2109 3217 2292 3277 quem
2317 3202 2448 3274 jam
2474 3201 2658 3276 impie
2680 3201 2894 3272 egisse,
2927 3207 2984 3260 et
3033 3203 3319 3261 cecidisse
3347 3219 3456 3278 per
3491 3201 3768 3278 iniquita-

2110 3298 2229 3350 tem
2262 3307 2446 3366 quam
2502 3293 2887 3365 perpetravit,
2940 3292 3279 3367 conspicit?
3330 3292 3445 3350 Sed
3501 3293 3766 3353 districta

2111 3385 2250 3437 sunt
2270 3379 2696 3454 omnipotentis
2726 3379 2825 3437 Dei
2846 3380 3094 3452 judicia,
3141 3385 3198 3439 et
3244 3383 3350 3456 qui
3385 3387 3765 3457 peccatorem

2110 3469 2214 3526 diu
2247 3473 2550 3544 exspectat
2573 3473 2639 3526 ut
2663 3469 2889 3537 redeat,
2942 3486 3064 3528 non
3100 3471 3374 3529 redeunti
3403 3476 3583 3547 atque
3627 3486 3766 3530 con-

2109 3558 2398 3616 temnenti
2427 3559 2598 3632 ponit
2626 3559 2826 3616 adhuc
2868 3559 2970 3616 ubi
3006 3560 3245 3631 gravius
3286 3561 3600 3634 impingat.
3627 3563 3766 3619 Pec-

2110 3651 2311 3705 catum
2363 3648 2589 3723 quippe
2618 3649 2783 3723 quod
2835 3664 2942 3722 per
2969 3649 3384 3723 paenitentiam
3431 3650 3602 3708 citius
3640 3667 3765 3709 non

2109 3737 2359 3803 deletur,
2393 3741 2498 3794 aut
2523 3743 2839 3809 peccatum
2880 3742 2966 3794 est
3013 3742 3070 3794 et
3127 3754 3316 3796 causa
3366 3739 3618 3811 peccati,
3662 3745 3765 3798 aut

2105 3829 2422 3898 peccatum
2452 3829 2509 3880 et
2537 3837 2720 3896 poena
2775 3826 3027 3896 peccati,
3069 3830 3170 3882 aut
3218 3832 3535 3898 peccatum
3585 3827 3764 3885 simul

2106 3928 2292 3968 causa
2325 3916 2382 3967 et
2408 3927 2591 3984 poena
2636 3911 2909 3985 peccati..
2937 3913 3125 3968 Omne
3173 3912 3335 3968 enim
3384 3912 3548 3984 quod
3595 3915 3762 3986 prius

2105 3999 2516 4067 committitur,
2547 4004 2865 4072 peccatum
2899 4004 3025 4066 est;
3086 3999 3214 4074 sed,
3276 3999 3325 4056 si
3378 3999 3549 4056 citius
3577 4002 3764 4075 poeni-

2104 4087 2287 4146 tendo
2309 4104 2433 4144 non
2459 4088 2725 4158 tergitur,
2748 4089 2916 4161 justo
2943 4087 3172 4161 judicio
3192 4088 3576 4162 omnipotens
3605 4090 3759 4146 Deus

2104 4178 2430 4248 obligatam
2453 4175 2755 4252 peccantis
2778 4177 2882 4249 [αἱ.
2906 4176 3191 4251 peccatis]
3214 4183 3474 4236 mentem
3497 4179 3678 4236 etiam
3698 4177 3761 4236 in

2104 4269 2346 4342 culpam
2377 4266 2628 4326 alteram
2660 4268 2946 4340 permittit
2977 4266 3212 4335 cadere,
3256 4272 3323 4324 ut
3353 4268 3457 4341 qui
3477 4267 3677 4325 ﬂendo
3703 4274 3762 4326 et

2017 4329 2063 4387 D
2103 4329 2464 4429 corrigendo
2494 4329 2686 4414 noluit
2735 4358 3030 4414 mundare
3059 4329 3225 4430 quod
3255 4329 3410 4428 fecit,
3443 4363 3760 4431 peccatum

2099 4447 2344 4522 incipiat
2376 4452 2623 4520 peccato
2653 4447 2980 4503 cumulare.
3027 4447 3346 4520 Peccatum
3401 4461 3544 4516 ergo
3593 4446 3760 4518 quod

2096 4536 2464 4610 penitenti'e
2494 4537 2760 4593 lamento
2789 4553 2911 4593 non
2943 4535 3210 4608 diluitur,
3239 4541 3557 4609 peccatum
3580 4534 3760 4592 simul

2094 4631 2181 4681 est
2212 4629 2269 4682 et
2285 4641 2470 4682 causa
2494 4625 2725 4700 peccati
2750 4646 2763 4691 ;
2787 4626 2929 4699 quia
2951 4643 3023 4683 ex
3049 4624 3149 4682 illo
3171 4625 3359 4682 oritur
3379 4623 3540 4681 unde
3559 4623 3759 4681 adhuc

2090 4715 2422 4789 peccatoris
2452 4715 2690 4772 animus
2722 4715 2943 4772 arctius
2969 4714 3266 4787 obligetur
3287 4734 3299 4784 ;
3319 4719 3637 4788 peccatum
3659 4730 3760 4772 ve-

2089 4821 2158 4862 ro
2181 4803 2348 4878 quod
2385 4820 2457 4861 ex
2488 4809 2737 4878 peccato
2769 4804 3054 4876 sequitur,
3088 4807 3402 4877 peccatum
3463 4803 3642 4860 simul
3671 4808 3760 4863 est

2089 4899 2147 4952 et
2173 4909 2359 4969 pcena
2387 4894 2638 4968 peccati,
2669 4894 2833 4968 quia,
2858 4898 3232 4951 excrescente
3251 4893 3536 4964 caecitate,
3569 4909 3643 4952 ex
3661 4910 3755 4952 re-

2085 4979 2414 5041 tributione
2445 4983 2664 5057 prioris
2691 4982 2882 5056 culpa:
2914 4987 3250 5054 generatur,
3302 4987 3366 5040 ut
3397 4983 3576 5057 quasi
3621 4985 3751 5056 jam

2083 5074 2370 5150 quaedam
2398 5073 2516 5131 sint
2559 5071 2621 5130 in
2651 5077 2964 5148 peccatore
3015 5071 3328 5149 supplicia,
3381 5073 3514 5149 ipsa
3565 5073 3756 5130 incre-

2079 5151 2308 5224 imenta
2329 5164 2629 5220 vitiorum.
2674 5163 2761 5220 Fit
2805 5177 2947 5220 vero
2987 5178 3430 5239 nonnunquam
3472 5165 3538 5220 ut
3565 5176 3757 5218 unum

2088 5255 2164 5312 de
2178 5271 2327 5328 mqu
2342 5271 2372 5310 e
2394 5257 2732 5326 peccatum,
2762 5258 2818 5309 et
2844 5257 3160 5328 peccatum
3208 5253 3298 5319 sit,
3330 5257 3385 5307 et
3409 5265 3591 5325 poena
3611 5264 3754 5325 pec-

2077 5347 2217 5414 cati,
2263 5343 2444 5401 simul
2469 5345 2527 5400 et
2555 5357 2740 5400 causa
2760 5343 3242 5418 peccati.Ponam
3265 5341 3423 5397 enim
3456 5343 3594 5397 ante
3616 5354 3755 5397 ocu-

2076 5435 2166 5491 los
2185 5433 2539 5509 quempiam
2565 5448 2695 5489 rem
2727 5432 2989 5506 proximi
3011 5430 3385 5503 concupisse,
3404 5445 3589 5505 quam
3607 5427 3752 5502 quia

2076 5525 2277 5597 aperte
2309 5537 2433 5578 non
2464 5521 2690 5596 valuit,
2728 5521 2886 5578 furto
2931 5519 3210 5592 diripuit;
3243 5519 3350 5576 sed
3382 5518 3444 5596 in
3487 5517 3622 5574 furti
3651 5532 3752 5573 ac-

2073 5609 2389 5674 cusatione
2424 5611 2668 5684 positus
2709 5625 2773 5671 se
2819 5607 2980 5670 hanc
3015 5607 3329 5682 diripuisse
3349 5602 3749 5679 jurejurando
