4128 6200
411 121 555 199 1279

1514 137 1572 195 S.
1602 135 1968 194 PRUDENTII
2000 130 2389 190 TRECENSIS
2419 131 2732 189 EPISCOPI

3702 128 3837 187 1280

408 264 749 335 denegavit.
782 267 904 320 Huc
929 278 1070 333 ergo
1100 260 1586 333 concupiscentia
1614 264 1931 334 peccatum
1952 258 2059 315 fuit
2090 259 2137 313 Α
2172 256 2312 314 dere
2342 256 2694 328 paenitendo
2724 255 2918 314 noluit
2942 254 3048 312 ubi
3067 254 3199 327 jam
3224 252 3668 326 impegit,justo
3696 270 3841 312 eum

412 359 670 413 etcausa
696 352 945 427 peccati,
968 351 1115 425 quia
1152 366 1261 425 per
1290 368 1426 408 eam
1470 351 1743 425 pervenit
1779 349 1860 407 ad
1902 349 2058 420 rapi-

409 461 554 504 nam
580 461 594 512 ;
619 443 821 516 ipsum
847 456 991 498 vero
1012 440 1238 498 furtum
1258 456 1381 514 quo
1409 456 1537 498 rem
1568 440 1950 513 concupitam
1973 436 2060 493 di-

409 531 609 606 ripuit,
640 535 698 588 et
724 534 1040 603 peccatum
1061 530 1115 588 ei
1138 529 1364 588 factum
1394 534 1482 587 est
1511 533 1568 587 et
1602 545 1784 603 paena
1809 525 2059 602 peccati,

338 654 347 663 κ
409 620 553 696 quia
573 636 647 677 ex
669 618 1055 677 retributione
1073 620 1205 692 jam
1243 635 1369 676 non
1420 635 1708 693 repressae
1749 616 2063 690 concupis-

410 709 619 767 centiae
647 708 876 765 factum
904 712 992 765 est
1020 712 1088 766 ut
1130 708 1361 766 veniret
1390 708 1471 766 ad
1499 709 1745 777 furtum,
1779 711 1838 764 et
1883 705 2061 779 culpa

409 798 609 857 cordis
632 801 1000 855 excresceret
1022 797 1087 854 in
1114 812 1296 871 opere
1326 813 1399 854 ex
1432 798 1563 870 [al.,
1587 798 1661 870 et]
1703 796 1925 853 ultione
1956 810 2063 849 caa-

408 887 639 957 citatis;
669 886 775 944 sed
803 886 948 960 quia
966 886 1193 943 furtum
1216 886 1480 960 perjurio
1510 890 1706 957 tegere
1737 884 2064 953 curavit,ex

407 982 656 1052 peccato
684 992 926 1032 rursum
971 980 1287 1050 peccatum
1336 975 1559 1047 genuit.
1614 977 1864 1032 Furtum
1921 987 2064 1042 ergo

408 1069 576 1139 quod
604 1080 678 1122 ex
731 1064 1216 1137 concupiscentia
1265 1064 1577 1137 processit,
1630 1068 1688 1120 et
1731 1060 2064 1137 perjurium

408 1154 674 1229 protulit,
695 1158 1012 1227 peccatum
1046 1170 1079 1210 e
1106 1170 1290 1228 pmna
1317 1154 1547 1227 peccati
1576 1153 1801 1210 factum
1818 1155 1926 1219 est,
1947 1149 2066 1206 cul-

408 1258 501 1317 pas
532 1243 890 1317 praecedenti
935 1249 1271 1318 peccatum,
1320 1248 1378 1300 et
1428 1259 1616 1299 causa
1664 1240 1894 1316 peccati
1946 1239 2065 1295 cul-

406 1348 502 1405 pae
526 1332 942 1405 subsequenti,
974 1332 1121 1406 quia
1144 1332 1219 1388 de
1241 1332 1345 1390 illa
1390 1337 1602 1390 natum
1627 1333 1785 1388 hanc
1842 1328 2063 1401 genuit.

410 1420 585 1487 Quod
612 1421 765 1477 bene
796 1420 1011 1477 Paulus
1028 1420 1353 1493 Apostolus
1382 1421 1458 1478 de
1486 1420 1860 1494 quibusdam
1882 1421 2068 1474 Deum

407 1508 901 1580 intelligentibus,
937 1509 1046 1564 sed
1075 1525 1200 1567 non
1220 1507 1960 1576 honorantibus,insinuat
1977 1506 2067 1560 di-

2165 347 2393 420 judicio
2421 346 2734 419 deserens,
2760 361 2988 421 ponam
3041 344 3095 401 ei
3124 347 3188 401 ut
3216 347 3275 401 et
3320 342 3463 400 alibi
3516 342 3835 417 impingat.

2170 435 2344 501 Quod
2370 439 2571 493 tamen
2586 435 2824 493 Domini
2846 437 3187 507 ponere,est
3204 448 3594 506 nequaquam
3608 432 3688 488 ad
3704 449 3838 507 pec-

2178 524 2444 582 candum
2466 541 2763 598 premere,
2796 526 2903 582 sed
2930 523 3091 582 nolle
3120 539 3157 580 a
3178 526 3427 597 peccato
3449 521 3728 591 liberare;
3761 524 3839 578 si-

2168 618 2270 671 cut
2297 614 2373 670 de
2428 615 2740 672 Pharaone
2765 614 3013 671 dicitur:
3062 613 3193 684 Ego
3222 606 3524 668 indurabo
3554 627 3661 668 cor
3708 615 3841 682 ejus

2169 704 2389 776 (Exod.
2424 719 2504 768 1v,
2535 704 2649 776 2ι).
2675 706 2804 761 Non
2833 702 2994 759 enim
3041 714 3146 759 cor
3194 700 3503 774 peccantis
3543 700 3839 757 Dominus

2169 793 2469 864 obdurat;
2501 793 2608 850 sed
2656 792 2959 850 obdurare
2987 791 3224 860 dicitur,
3265 806 3405 847 cum
3437 788 3515 846 ab
3574 789 3842 847 obdura-

2171 883 2329 941 tione
2358 898 2483 939 non
2507 880 3070 939 liberathlisericors
3099 879 3261 936 enim
3283 879 3439 936 Deus
3468 881 3709 953 tempus
3728 895 3840 937 no-

2170 973 2265 1029 bis
2294 973 2374 1029 ad
2402 972 2817 1045 paenitentiam
2855 971 3103 1040 relaxat;
3138 969 3265 1038 sed,
3291 985 3432 1026 cum
3461 970 3595 1041 ejus
3627 970 3834 1042 gratim

2170 1062 2523 1137 patientiam
2539 1078 2651 1119 nos
2673 1062 2752 1120 ad
2763 1066 3161 1133 augmentum
3186 1059 3473 1116 vertimus
3499 1058 3834 1133 culpm,hoc

2173 1153 2377 1225 ipsum
2408 1156 2666 1224 tempus,
2697 1150 2864 1225 quod
2898 1150 2977 1207 ad
3002 1149 3379 1223 parcendum
3398 1148 3499 1221 pie
3519 1148 3822 1222 disposuit,

2174 1240 2496 1297 districtius
2516 1240 2593 1296 ad
2619 1238 2957 1295 feriendum
2984 1238 3190 1306 vertit;
3212 1240 3276 1295 ut
3305 1253 3447 1293 cum
3474 1238 3822 1311 revertiquis

2175 1330 2355 1387 etiam
2383 1329 2577 1402 spatio
2594 1328 2880 1402 temporis
2898 1330 3147 1401 accepto
3168 1326 3558 1399 noluerit,per
3580 1326 3694 1383 hoc
3710 1343 3834 1384 ma-

2175 1419 2235 1475 la
2254 1435 2364 1475 sua
2384 1417 2460 1475 ad
2476 1422 2711 1475 reatum
2732 1421 3083 1490 augeat,per
3098 1414 3268 1489 quod
3284 1430 3357 1470 ea
3377 1414 3606 1471 diluere
3620 1412 3835 1487 potuit,

2179 1509 2227 1562 si
2254 1507 2515 1564 converti
2547 1506 2854 1563 voluisset.
2882 1505 3047 1562 Unde
3071 1504 3364 1577 scriptum
3406 1506 3495 1559 est
3523 1520 3539 1559 :
3577 1504 3834 1574 Ignoras

410 1612 551 1654 cens
576 1614 588 1652 :
611 1597 759 1653 Cum
781 1598 1187 1668 cognovissent
1214 1600 1546 1662 Deum,non
1569 1598 1719 1654 sicut
1735 1598 1924 1653 Deum
1945 1596 2070 1666 glo-
2100 1612 2141 1668 Β
2182 1598 2467 1668 quoniam
2493 1596 2827 1667 benignitas
2842 1596 2952 1651 Dei
2965 1594 3046 1650 ad
3057 1593 3469 1663 paenitentiam
3486 1598 3543 1650 te
3557 1591 3835 1648 adducit?

409 1686 936 1755 1iﬁcaverunt,aut
949 1687 1185 1757 gratias
1216 1685 1594 1758 egerunt,sed
1612 1691 1984 1745 evanuerunt
2007 1686 2069 1739 in

2178 1686 2517 1743 Secundum
2539 1686 2831 1741 duritiam
2894 1690 3092 1741 autem
3125 1688 3289 1739 tuam
3340 1688 3393 1738 et
3432 1697 3537 1739 cor
3560 1681 3837 1751 impaeni-

411 1774 876 1845 cogitationibus
906 1775 1028 1830 suis
1052 1774 1555 1847 (Rom.1,2l).Ecce
1572 1780 1661 1831 est
1683 1778 1997 1846 peccatum
2015 1777 2072 1829 et
2180 1782 2327 1842 tem,
2355 1774 2725 1831 thesaurizas
2756 1774 2865 1829 tibi
2890 1774 3047 1830 iram
3102 1774 3165 1828 in
3192 1771 3287 1828 die
3314 1772 3422 1827 irae
3447 1776 3499 1827 et
3526 1770 3840 1827 revelatio-

410 1879 597 1920 causa
617 1863 947 1935 peccati,ex
968 1879 1094 1935 qua
1108 1879 1293 1921 causa
1306 1864 1456 1938 quid
1472 1869 1758 1938 sequatur
1772 1862 2064 1935 adjungit:

409 1952 490 2007 Et
519 1951 904 2008 obscuratum
934 1961 1014 2009 est
1066 1952 1352 2022 insipiens
1413 1968 1517 2010 cor
1550 1969 1779 2009 eorum:
1810 1953 2068 2008 dicentes

411 2040 567 2096 enim
599 2054 660 2096 se
687 2054 808 2096 esse
834 2041 1151 2111 sapientes,
1167 2042 1343 2097 stulti
1361 2043 1522 2112 facti
1542 2042 1785 2097 sunt.Et
1801 2045 2068 2096 mutave-

2177 1864 2270 1919 nis
2286 1864 2445 1933 justi
2456 1862 2684 1933 judicii
2707 1862 2823 1917 Dei
2851 1862 3040 1933 (Rom.
3073 1876 3135 1927 11,
3170 1862 3226 1930 4,
3254 1859 3331 1931 5).
3356 1860 3434 1915 De
3463 1857 3839 1929 benignitate

2178 1968 2320 2022 ergo
2348 1950 2778 2025 omnipotentis
2811 1950 2911 2007 Dei
2938 1950 3094 2006 iram
3141 1948 3255 2005 sibi
3282 1947 3346 2004 in
3373 1947 3469 2004 die
3509 1946 3615 2004 irae
3641 1964 3840 2021 repro-

2175 2041 2292 2097 bus
2313 2040 2693 2109 thesaurizat,
2720 2039 2883 2113 quia,
2913 2039 3062 2096 dum
3108 2037 3188 2095 ad
3237 2036 3665 2112 pmnitendum
3693 2041 3841 2094 tem-

410 2134 556 2185 runt
581 2129 837 2200 gloriam
870 2130 1346 2200 incorruptibilis
1386 2132 1500 2189 Dei
1533 2133 1597 2187 in
1617 2129 2065 2187 similitudinem
2160 2145 2293 2203 pus
2320 2128 2628 2201 accipitur,
2659 2132 2717 2185 et
2745 2128 2824 2185 ad
2860 2127 3239 2201 peccandum
3271 2126 3607 2197 exhibetur,
3629 2126 3840 2199 ipsum

411 2217 698 2288 imaginis
720 2217 1135 2287 corruptibilis
1149 2218 1485 2285 hominis,et
1509 2220 1843 2286 volucrum,
1856 2223 1911 2275 et
1927 2231 2070 2289 qua-

412 2304 828 2375 drupedum,et
846 2308 1211 2377 serpentium
1236 2308 1411 2376 (Ibid.
1437 2312 1529 2379 2t,
1561 2308 1780 2379 22,23).
1807 2310 1952 2363 Ecce
1978 2310 2070 2362 est

411 2397 727 2467 peccatum
758 2398 816 2452 et
838 2410 1022 2469 pcrna
1048 2396 1302 2470 peccati,
1334 2396 1440 2454 sed
1488 2400 1805 2470 peccatum
1848 2395 2070 2452 solum-

412 2483 598 2540 modo
628 2486 686 2541 et
714 2499 897 2557 paena
919 2485 1152 2559 peccati
1176 2490 1351 2556 esset,
1380 2486 1430 2541 si
1459 2501 1585 2543 non
1616 2486 1815 2543 adhuc
1855 2501 1928 2541 ex
1954 2485 2066 2541 hoc

302 2618 317 2627 ,
411 2576 661 2646 peccato
681 2577 740 2630 et
769 2573 935 2630 aliud
956 2578 1477 2647 sequeretur.Nam
1502 2578 1640 2648 post
1656 2573 2066 2631 inﬁdelitatem

414 2677 625 2719 eorum
648 2661 925 2719 subditur
944 2681 956 2720 :
975 2664 1238 2734 Propter
1266 2665 1426 2735 quod
1446 2665 1702 2721 tradidit
1731 2664 1869 2721 illos
1908 2664 2066 2719 Deus

409 2751 474 2808 in
500 2750 797 2809 desideria
851 2751 1049 2809 cordis
1096 2767 1321 2825 eorum,
1373 2754 1434 2810 in
1479 2753 1946 2819 immunditiam,
1999 2757 2065 2805 ut

412 2841 787 2897 contumeliis
816 2841 1131 2912 ofﬁcerent
1160 2857 1415 2912 corpora
1471 2858 1581 2899 sua
1634 2844 1699 2898 in
1741 2841 2063 2911 semetipsis

2176 2220 2513 2276 remedium
2544 2220 2749 2290 gratiae
2783 2218 2958 2276 vertit
2980 2219 3040 2274 in
3064 2222 3461 2290 augmentum
3492 2216 3841 2292 culpae.Un-

2176 2309 2251 2365 de
2279 2314 2336 2366 et
2373 2309 2756 2382 omnipotens
2788 2311 2963 2371 Deus,
2992 2308 3137 2382 quia
3163 2307 3382 2364 collata
3402 2306 3675 2364 remedia
3698 2323 3841 2364 con-

2177 2398 2350 2471 spicit
2377 2398 2457 2454 ad
2479 2397 2667 2470 culpae
2686 2400 3079 2469 augmentum
3102 2395 3483 2469 trahi,ipsam
3498 2395 3842 2466 benignita-

2180 2493 2296 2543 tem
2323 2503 2510 2560 quam
2540 2485 2809 2554 contulit,
2840 2485 2904 2542 in
2940 2485 3152 2557 judicii
3173 2484 3608 2542 districtionem
3633 2485 3825 2540 vertit.

2181 2579 2247 2632 Ut
2276 2575 2415 2631 inde
2453 2576 2581 2645 (aL,
2602 2579 2759 2648 post]
2779 2590 2887 2649 per
2914 2574 3176 2648 amplius
3206 2573 3394 2636 feriat,
3447 2572 3607 2630 unde
3640 2571 3822 2628 modo

2175 2663 2436 2737 amplius
2469 2667 2795 2737 exspectat:
2830 2670 2887 2721 et
2913 2663 3058 2737 quia
3077 2663 3262 2720 homo
3300 2662 3572 2719 deserere
3599 2660 3833 2717 malum

2173 2769 2297 2811 non
2326 2751 2471 2822 vult,
2502 2757 2567 2808 ut
2594 2752 2964 2824 vivat,auget
2992 2751 3154 2809 unde
3178 2751 3488 2808 moriatur.
3539 2750 3651 2808 Sed
3701 2750 3834 2806 sive

2170 2844 2369 2914 justus
2397 2842 2460 2897 in
2488 2840 2686 2913 culpa,
2736 2840 2855 2897 sive
2884 2845 3166 2913 peccator
3220 2840 3282 2896 in
3317 2847 3499 2897 morte
3553 2844 3826 2904 corruat,

366 2971 372 2976 .
413 2928 607 3020 (Ibid.,
629 2930 739 3001 24).
774 2929 929 2998 Quia
956 2931 1146 3002 igitur
1174 2937 1587 3002 cognoscentes
1602 2931 1812 2995 Deum,
1835 2946 1955 2987 non
1984 2931 2061 2985 si-
2092 2964 2135 3020 ο
2178 2930 2535 3006 speculatori
2557 2930 2893 3020 timendum
2932 2935 3025 2987 est
3050 2946 3126 2987 ne
3154 2931 3317 3020 hunc
3355 2946 3429 2986 ex
3458 2945 3562 2985 suo
3588 2927 3835 2984 silentio

411 3023 511 3075 cut
538 3019 727 3075 Deum
755 3020 1249 3091 gloriﬁcaverunt
1278 3022 1451 3093 (Ibid.
1483 3022 1595 3094 2t),
1616 3036 1689 3077 ex
1726 3036 1796 3077 eo
1816 3024 2062 3094 peccato
2106 3019 2119 3020 ί
2174 3027 2374 3079 reatus
2400 3019 2781 3093 peccantium
2808 3020 3030 3094 pariter
3059 3019 3366 3092 involvat].

412 3110 470 3163 et
487 3122 673 3166 causa
700 3108 951 3180 peccati,
975 3108 1054 3165 ad
1078 3109 1194 3166 hoc
1220 3125 1465 3183 quoque
1512 3109 1785 3183 perducti
1833 3112 1974 3165 sunt
2002 3113 2065 3165 ut

413 3195 494 3252 ad
512 3194 740 3253 cultum
778 3199 1144 3271 serpentium
1158 3202 1215 3255 et
1241 3198 1556 3256 volucrum
1579 3197 2065 3254 laberentur.Sed

412 3283 557 3357 quia
592 3300 699 3357 per
718 3284 877 3341 hanc
901 3285 1081 3343 etiam
1112 3286 1433 3343 caecitatem
1466 3302 1656 3358 usque
1697 3287 1775 3343 ad
1808 3286 2065 3342 immun-

412 3372 623 3430 ditiam
651 3378 709 3429 et
737 3374 934 3430 carnis
956 3375 1352 3431 contumelias
1374 3374 1735 3446 ceciderunt,
1765 3376 1898 3449 ipsa
1936 3375 2066 3431 inﬁ-

413 3460 668 3517 delitatis
717 3476 927 3517 eorum
972 3462 1210 3518 caecitas
1261 3463 1616 3535 praecedenti
1664 3464 1982 3521 intellectui
2011 3469 2067 3520 et

412 3553 729 3621 peccatum
759 3554 848 3605 est
885 3554 942 3605 et
981 3566 1163 3622 poena
1191 3552 1418 3623 peccati
1449 3570 1462 3620 ;
1506 3551 1894 3626 subsequenti
1923 3568 2065 3609 vero

376 3628 381 3635 ’
415 3635 815 3692 immunditiae
844 3640 1161 3710 peccatum
1190 3639 1348 3695 facta
1372 3644 1459 3697 est
1490 3645 1547 3697 et
1584 3657 1774 3698 causa
1814 3642 2063 3714 peccati.

413 3723 529 3782 Sed
553 3724 699 3797 quia
721 3724 796 3781 de
826 3726 920 3783 his
961 3727 1023 3782 in
1048 3725 1212 3783 libris
1261 3728 1590 3786 moralibus
1618 3729 1727 3786 diu
1751 3734 2065 3787 tractatum

416 3812 707 3887 est,nobis
728 3831 891 3873 nunc
911 3815 1205 3874 diutiusin
1235 3818 1320 3874 eis
1351 3819 1801 3877 immorandum
1818 3836 1941 3877 non
1958 3824 2063 3877 est.

414 3906 533 3960 Hoc
563 3906 765 3961 autem
785 3904 962 3962 nobis
986 3921 1125 3961 cum
1158 3912 1415 3966 tremore
1445 3909 1952 3967 considerandum
1981 3917 2069 3969 est

414 3993 724 4066 quomodo
736 3994 937 4065 justus
961 4008 1019 4052 et
1045 3997 1429 4071 omnipotens
1482 4002 1657 4070 Deus,
1681 4016 1819 4057 cum
1847 4015 2066 4074 praeces

414 4081 697 4138 dentibus
756 4083 1016 4154 peccatis
1068 4085 1363 4157 irascitur,
1414 4089 1698 4160 permittit
1752 4093 1818 4145 ut
1845 4093 2066 4145 caecata

414 4184 588 4225 mens
618 4168 797 4224 etiam
817 4169 878 4226 in
908 4169 1037 4227 aliis
1058 4171 1331 4230 labatur:
1368 4176 1532 4232 Unde
1560 4179 1746 4233 Moses
1776 4178 2065 4234 aitzNun-

415 4258 557 4312 dum
577 4258 870 4327 completa
887 4267 1136 4329 peccata
1152 4268 1291 4318 sunt
1309 4264 1797 4321 Amurrhaeorum
1815 4266 2068 4338 (Gen.xv

420 4346 527 4419 l6).
560 4345 745 4401 David
773 4363 1013 4421 quoque
1041 4349 1201 4405 dicit:
1232 4352 1868 4425 Apponeiniquitatem
1889 4371 2069 4425 super

417 4437 796 4507 iniquitatem
829 4454 1051 4503 eorum,
1077 4446 1141 4495 ut
1172 4457 1293 4497 non
1324 4442 1553 4498 intrent
1581 4444 1642 4500 in
1673 4450 1779 4501 tua
1819 4447 2068 4516 justitia

420 4526 609 4595 (Psal.
634 4542 826 4595 vaui,
854 4530 964 4601 28).
997 4529 1290 4603 Propheta
1318 4531 1498 4588 etiam
1522 4531 1652 4589 aliis
1678 4532 1851 4590 dicit:
1883 4536 2068 4593 Male-

419 4614 667 4680 dictum,
695 4621 750 4672 et
778 4617 1178 4685 mendacium,
1209 4625 1263 4675 et
1294 4618 1698 4685 homicidam,
1730 4630 1783 4680 et
1805 4624 2065 4693 furtum,

418 4709 472 4759 et
489 4703 860 4762 adulterium
883 4707 1418 4773 inundaverant.et
1440 4712 1686 4781 sanguis
1714 4715 2068 4784 sanguinem

423 4793 612 4863 tetigit
643 4793 1003 4866 (Osee.1v,2).
1023 4797 1277 4868 Sanguis
1290 4798 1448 4854 enim
1472 4800 1830 4871 sanguinem
1860 4805 2067 4873 tangit,

421 4880 669 4952 quando
719 4888 966 4954 peccato
1023 4890 1337 4957 peccatum
1395 4886 1656 4957 additur,
1690 4895 1756 4947 ut
1800 4897 1937 4949 ante
1970 4894 2068 4949 Dei

420 4965 628 5024 oculos
659 4968 958 5040 adjunctis
996 4972 1407 5046 iniquitatibus
1456 4978 1663 5036 anima
1707 4988 2066 5038 cruentetur.

418 5054 642 5111 Paulus
675 5058 983 5129 apostolus
1014 5062 1130 5118 ait:
1202 5064 1271 5119 Ut
1328 5066 1619 5136 impleant
1664 5076 1913 5139 peccata
1961 5086 2070 5126 sua

417 5159 647 5215 semper
673 5145 722 5219 (Ι
746 5147 943 5205 Thess.
980 5166 1038 5217 ιι,
1078 5153 1181 5223 16).
1210 5154 1429 5211 Joanni
1454 5172 1699 5230 quoque
1748 5174 1856 5231 per
1884 5164 2073 5229 Ange-

416 5232 543 5289 lum
571 5233 823 5291 dicitur:
883 5236 998 5305 Qui
1032 5246 1220 5303 nocet,
1256 5250 1464 5300 noceat
1490 5245 1713 5313 adhuc,
1772 5252 1833 5307 et.
1878 5249 1985 5318 qui
2008 5250 2069 5305 in

418 5323 690 5381 sordibus
720 5327 1139 5396 est,sordescat
1159 5331 1360 5388 adhuc
1380 5332 1587 5402 (Apoc.
1618 5348 1759 5400 xxn,
1793 5335 2071 5405 ll).Unde

420 5409 602 5467 etiam
633 5415 921 5471 Dominus
949 5416 1128 5473 dicit:
1160 5420 1228 5475 Si
1259 5434 1577 5476 conversus
1596 5422 1802 5490 justus
1825 5437 1861 5478 a
1889 5426 2071 5492 justi-

422 5498 507 5554 tia
535 5514 646 5556 sua
685 5502 898 5571 fecerit
948 5505 1347 5576 iniquitatem,
1373 5522 1598 5575 ponam
1640 5508 2069 5578 o/I‘endiculum

421 5599 621 5646 coram
648 5604 713 5647 eo
735 5589 967 5660 (Ezech.
1008 5593 1205 5665 111,20).
1221 5595 1299 5650 Ac
1320 5593 1369 5649 si
1390 5597 1591 5667 aperte
1607 5595 1799 5659 dicat:
1821 5600 1972 5671 Quia
1986 5602 2071 5662 vi-

2245 3202 2280 3267 '1'
2312 3200 2370 3257 Si
2397 3214 2550 3255 verte
2582 3197 2816 3272 pietatis
2854 3196 3073 3254 affectu
3106 3197 3451 3254 Christianae
3506 3195 3839 3253 humilitati

2173 3290 2429 3345 devotus
2450 3287 2719 3349 anhelas,
2742 3286 2911 3343 nulla
2934 3286 3210 3343 obstante
3228 3285 3598 3356 difﬁcultate,
3624 3290 3839 3357 paten-

2173 3378 2403 3436 tissime
2431 3376 2724 3451 perspicis
2752 3375 3149 3432 inclusionem
3206 3391 3279 3432 ex
3307 3375 3465 3432 beati
3488 3374 3601 3431 Job
3630 3373 3837 3430 verbis

2174 3473 2384 3525 sancto
2442 3464 2724 3536 Gregorio
2771 3465 3142 3534 edissertem,
3174 3481 3299 3522 non
3327 3480 3574 3538 poenam
3607 3461 3838 3533 signiﬁ-

2174 3573 2310 3614 care
2334 3557 2644 3628 gehennae,
2674 3553 2779 3611 sed
2808 3570 2944 3611 eam
2964 3570 3088 3627 qua
3116 3553 3442 3626 reprobi,in
3463 3553 3579 3610 hac
3611 3555 3837 3608 morta-

2173 3645 2331 3703 litate
2390 3645 2515 3701 suis
2559 3642 2967 3717 voluptatibus
3010 3642 3302 3700 lethaliter
3338 3641 3628 3709 faventes,
3664 3642 3835 3712 justo

2177 3735 2277 3791 Dei
2300 3734 2528 3806 judicio
2558 3731 3149 3789 feriuntur.Attamen
3180 3731 3514 3790 Christiana
3554 3735 3611 3787 te
3641 3730 3835 3786 chari-

2174 3829 2293 3881 tate
2320 3824 2621 3881 admoneo
2656 3838 2731 3878 ne
2751 3820 2952 3877 verbis
2972 3821 3130 3878 beati
3158 3820 3493 3891 Augustini,
3510 3819 3737 3893 quibus
3750 3816 3827 3873 de

2176 3913 2369 3988 pcenis
2397 3912 2726 3986 impiorum
2763 3910 2997 3967 diverse
3054 3909 3116 3966 in
3169 3908 3478 3983 opusculis
3537 3909 3667 3964 suis
3703 3912 3834 3964 tam

2175 4002 2377 4060 multis
2402 4002 2621 4059 sentire
2641 4000 2893 4068 videtur,
2943 4014 3016 4057 eo
3056 4015 3247 4073 usque
3274 3999 3566 4055 inhaereas
3599 4003 3665 4055 ut
3694 3998 3839 4053 veri-

2175 4092 2281 4148 tati
2312 4096 2620 4164 tantopere
2642 4087 3045 4146 contradicas.
3071 4091 3221 4144 Nam
3252 4087 3348 4144 ille
3380 4089 3468 4143 vir
3499 4092 3755 4144 sanctus
3781 4090 3839 4142 et

2175 4181 2387 4237 doctus
2415 4179 2606 4235 multa
2633 4178 2937 4251 prioribus
2968 4191 3090 4235 sua
3117 4177 3527 4234 conversionis
3552 4175 3837 4248 tempori-

2175 4269 2290 4325 bus
2321 4268 2572 4341 scripsit,
2627 4283 2766 4339 quae
2794 4265 3187 4340 postmodum
3238 4264 3577 4322 necessario
3621 4268 3839 4321 retrac-

2176 4356 2361 4414 tanda
2394 4355 2706 4428 judicavit.
2738 4356 2866 4420 Quo
2904 4370 3156 4410 munere
3189 4353 3434 4427 speciali
3460 4352 3699 4410 caelitus
3730 4352 3835 4409 do-

2176 4452 2352 4505 natus
2382 4446 2557 4520 plura
2582 4444 2940 4508 retractavit,
2973 4443 3258 4518 quaedam
3290 4445 3351 4501 in
3394 4444 3835 4517 posterioribus

2177 4538 2299 4595 suis
2329 4535 2635 4610 opusculis
2665 4533 2939 4591 veracius
2991 4539 3256 4591 scrutata
3305 4534 3608 4605 disseruit,
3639 4534 3835 4609 plera-

2175 4646 2293 4702 que
2323 4626 2702 4685 retractanda
2740 4630 2930 4682 morte
2974 4630 3308 4699 praereptus
3359 4624 3695 4699 dereliquit.
3743 4630 3823 4680 Ac

2177 4733 2283 4791 per
2310 4717 2446 4782 hoc,
2468 4730 2848 4790 quaecunque
2878 4714 2975 4771 vel
3016 4715 3372 4781 retractavit,
3412 4713 3508 4771 vel
3548 4718 3687 4787 post
3728 4711 3830 4769 eli-

2175 4807 2400 4863 matius
2422 4805 2795 4878 proindeque
2819 4804 3090 4861 veracius
3119 4802 3434 4876 exquisivit
3481 4807 3542 4859 et
3571 4801 3833 4875 scripsit,

2177 4894 2487 4967 sequenda
2516 4900 2574 4950 et
2600 4892 2700 4966 pio
2730 4908 2935 4949 amore
2964 4891 3313 4949 veneranda
3341 4895 3521 4965 atque
3571 4890 3838 4948 tenenda

2177 4986 2313 5058 pius
2333 4982 3020 5056 quicunqueintellector
3040 4981 3358 5038 sanissime
3385 4980 3701 5052 iudicabit.
3723 4980 3840 5047 Qui

2177 5078 2379 5130 tamen
2398 5087 2716 5144 nunquam
2744 5071 2827 5128 ita
2847 5086 3058 5144 poenas
3085 5070 3283 5127 cordis
3304 5070 3695 5132 adstruxiLut
3708 5086 3841 5126 cor—

2178 5160 2341 5234 poris
2378 5159 2722 5230 denegaret.
2760 5159 2873 5217 Sed
2905 5163 3084 5233 prout
3111 5158 3506 5215 commodum
3534 5156 3732 5225 duxit,
3761 5157 3839 5213 de

2179 5250 2449 5323 utrisque
2480 5250 2700 5322 pariter
2729 5252 2831 5305 aut
2859 5248 2935 5304 de
2957 5247 3242 5304 alterutra
3264 5247 3569 5318 sigillatim
3618 5250 3841 5303 tracta-

2178 5338 2283 5394 vit.
2306 5339 2464 5395 Sicut
2506 5339 2567 5394 in
2609 5337 2764 5393 libro
2810 5352 2870 5393 111
2896 5336 2972 5393 de
3004 5335 3195 5393 libero
3226 5334 3547 5394 voluntatis
3577 5334 3840 5392 Arbitrio

2182 5428 2333 5499 (cap.
2363 5428 2455 5498 20)
2475 5426 2735 5483 breviter
2762 5423 3144 5498 dilucideque
3192 5423 3527 5482 ostenditur
3572 5422 3679 5479 ubi
3711 5423 3836 5480 ait:

2249 5516 2342 5586 [Ut
2359 5520 2560 5572 autem
2581 5515 2654 5572 de
2670 5514 2769 5571 illo
2783 5513 2976 5587 primo
2993 5513 3126 5585 conj
3137 5514 3275 5585 ugio
3292 5518 3348 5571 et
3361 5530 3499 5571 cum
3513 5527 3744 5583 gnoran
3754 5512 3838 5569 tia

2177 5608 2234 5663 et
2256 5618 2397 5661 cum
2426 5602 2796 5670 difﬁcultate,
2818 5606 3030 5660 etcum
3081 5602 3439 5664 mortalitate
3474 5616 3824 5671 nascamur;
