4128 6200
329 150 457 208 1281

1267 153 1358 206 DE
1397 147 2052 207 PREDESTINATIONE
2093 149 2369 240 CONTRA
2405 157 2451 210 Ι.
2498 153 2803 213 SCOTUM.

3619 161 3752 220 1282

323 275 612 348 quoniam
639 273 722 330 illi
751 289 889 330 cum
919 275 1342 348 peccavissent,
1371 282 1428 332 et
1456 277 1515 332 in
1543 291 1803 332 errorem
1837 278 1890 329 et
1918 275 1977 328 in
2011 278 2057 329 A
2106 278 2314 333 Parum
2344 283 2432 335 est
2450 281 2628 336 nobis
2649 281 2844 338 dicere
2869 299 2881 337 :
2903 281 3041 338 facit
3060 281 3188 337 haec
3213 281 3386 351 Deus,
3409 283 3595 341 donat
3622 285 3752 342 haec

322 379 658 420 aerumnam
690 369 746 421 et
774 364 835 420 in
880 371 1133 420 mortem
1164 366 1514 438 praecipitati
1571 370 1728 433 sunt,
1777 381 1975 420 rerum

319 452 686 509 moderatori
717 469 956 508 summo
989 456 1106 509 Deo
1131 454 1457 525 justissime
1483 456 1705 528 placuit
1740 458 1801 509 ut
1831 459 1887 508 et
1917 454 1976 508 in

320 545 456 598 ortu
484 542 746 598 hominis
779 542 1143 612 originaliter
1161 549 1470 615 appareret
1486 545 1712 616 justitia
1731 543 1977 615 punien-

321 632 418 702 tis,
452 632 512 687 in
542 635 830 705 provectu
856 631 1266 688 misericordia
1297 633 1647 703 liberantis.]
1697 634 1738 702 ἦ
1765 631 1972 698 (Idem.

319 721 488 787 ibid.,
520 736 656 793 cap.
688 721 803 789 23.)
834 721 1002 792 [Quid
1033 727 1118 776 est
1149 724 1307 777 enim
1329 722 1490 778 aliud
1517 720 1816 777 dolornisi
1847 721 1974 792 qui-

317 809 463 865 dam
494 826 706 865 sensus
729 809 1035 866 divisionis
1064 810 1156 865 vel
1188 811 1584 883 corruptionis
1614 811 1930 883 impatiens
1949 811 1976 864 ?

318 898 494 954 unde
541 898 674 955 luce
705 898 920 954 clarius
968 903 1219 971 apparet
1243 915 1431 971 quam
1459 901 1529 956 sit
1558 900 1656 955 illa
1684 899 1886 956 anima
1916 899 1975 954 in

319 987 413 1042 sui
454 987 725 1060 corporis
779 986 1162 1044 universitate
1214 987 1392 1043 avida
1423 988 1660 1044 unitatis
1691 993 1747 1043 et
1777 993 1973 1051 tenax,

317 1091 456 1148 quae
476 1092 586 1132 nec
615 1075 864 1131 libenter
891 1091 1001 1130 nec
1034 1075 1434 1132 indifferenter
1466 1077 1569 1132 sed
1593 1078 1789 1149 potius
1821 1077 1975 1132 reni-

315 1168 506 1220 tenter
547 1168 604 1220 et
657 1163 1014 1220 reluctanter
1070 1165 1319 1220 intendit
1355 1168 1485 1236 [al.,
1538 1165 1885 1237 intenditur]
1917 1166 1975 1221 in

317 1269 451 1310 eam
476 1252 827 1326 passionem
885 1255 1150 1326 corporis
1181 1254 1270 1308 sui
1323 1271 1443 1327 qua
1475 1256 1604 1326 [al.,
1639 1271 1744 1326 per
1769 1255 1977 1326 quam]

316 1343 446 1414 ejus
475 1341 762 1398 unitatem
798 1347 978 1415 atque
1008 1343 1406 1412 integritatem
1461 1344 1818 1399 labefactari
1849 1359 1978 1398 mo-

314 1431 458 1487 leste
503 1430 766 1504 accipit.]
788 1433 829 1501 -ξ-
858 1432 1019 1487 Idem
1077 1433 1138 1488 in
1170 1432 1321 1488 lit-ro
1353 1433 1426 1488 de
1456 1448 1599 1488 vera
1652 1433 1978 1502 Religione,

315 1536 452 1593 cap.
521 1521 637 1592 41.)
686 1522 862 1593 [Ergo
929 1521 1152 1577 mirum
1225 1526 1318 1576 est
1397 1521 1444 1576 si
1530 1521 1726 1576 omnis
1777 1521 1981 1576 anima

1266 1611 1312 1665 si
1373 1610 1638 1666 hominis
1707 1610 1976 1666 animam
2013 1629 2052 1682 Β

315 1699 662 1772 ubicunque
693 1697 802 1774 sit],
832 1704 888 1755 et
908 1699 1346 1772 qualiscunque
1364 1700 1612 1756 sitomni
1631 1715 1880 1772 corpore
1898 1704 1983 1755 cst

321 1788 533 1844 melior
571 1789 772 1845 dicam
825 1788 1074 1862 pulchre
1105 1789 1388 1856 ordinari,
1421 1793 1478 1844 et
1506 1788 1579 1844 de
1625 1787 1820 1860 pmnis
1853 1789 1982 1857 ejus

315 1876 463 1934 alias
480 1877 956 1950 pulchritudines
984 1877 1131 1946 fieri,
1166 1894 1306 1934 cum
1335 1877 1417 1933 ibi
1443 1893 1565 1932 non
1597 1877 1686 1944 sit,
1731 1877 1981 1950 quando

315 1626 724 1683 quaecunque,
775 1610 881 1666 ubi
934 1611 1008 1666 sit
1063 1611 1190 1682 [al.,

313 1967 533 2023 misera
563 1973 668 2034 est,
703 1967 806 2023 ubi
835 1983 962 2023 esse
995 1968 1200 2024 beatos
1242 1968 1430 2029 decet,
1495 1968 1603 2022 sed
1635 1967 1716 2022 ibi
1751 1967 1824 2022 sit
1875 1966 1978 2022 ubi

313 2072 441 2112 esse
478 2057 729 2113 miseros
762 2057 978 2129 decet.]
1004 2060 1046 2128 -ι-
1077 2057 1240 2112 Idem
1269 2059 1330 2113 in
1379 2055 1596 2114 eodem
1643 2061 1805 2128 (cap.
1863 2059 1976 2126 ¹Η).

314 2145 513 2218 [Quod
543 2146 590 2202 si
617 2145 695 2202 ab
725 2162 796 2202 ea
817 2151 986 2219 parte
1013 2146 1107 2202 cui
1137 2146 1436 2202 dominari
1465 2162 1576 2202 nos
1611 2149 1764 2202 Deus
1785 2145 1972 2217 jubet,

2101 366 2272 426 licus;
2298 367 2401 422 sed
2430 368 2593 423 solus
2613 369 2741 425 haec
2762 369 2918 437 facit,
2943 369 3108 425 solus
3127 369 3333 426 donat.
3360 371 3513 435 Quid
3533 372 3696 429 enim
3730 375 3742 428 !

2096 448 2253 504 Facit
2275 451 2400 506 haec
2438 455 2608 520 Deus,
2644 453 2747 508 sed
2783 454 2919 510 facit
2934 454 3061 509 haec
3082 459 3138 510 et
3159 453 3372 527 aliquis
3404 471 3524 511 non
3547 459 3700 514 Deus
3721 459 3750 513 ?

2097 538 2253 594 Facit
2284 539 2431 604 hinc,
2459 545 2515 596 et
2543 541 2704 597 solus
2734 543 2892 610 facit,
2925 547 2981 599 et
3007 543 3132 598 sine
3160 559 3342 599 causa
3371 543 3484 600 ista
3531 550 3747 618 petun-

2092 631 2182 681 tur
2215 629 2304 683 vel
2336 630 2413 685 ab
2439 631 2787 689 hominibus
2838 633 2930 688 vel
2978 650 3014 689 a
3042 633 3423 690 daemonibus
3454 653 3466 702 ;
3502 639 3558 691 et
3590 653 3751 710 quae-

2087 729 2326 786 cunque
2353 717 2514 774 bona
2536 720 2839 793 accipiunt
2859 720 3081 776 inimici
3104 721 3204 776 Dei
3225 721 3302 777 ab
3328 721 3425 777 illo
3447 724 3754 797 accipiunt

2086 806 2168 868 et,
2195 820 2330 860 cum
2364 806 2441 861 ab
2473 807 2601 863 aliis
2627 814 2836 881 petunt
2863 814 2920 864 et
2943 810 3264 882 accipiunt,
3289 811 3621 870 nescientes
3653 814 3733 871 ab

2085 892 2184 947 illo
2206 894 2526 966 accipiunt.
2562 899 2898 969 Quomodo,
2952 915 3090 955 cum
3127 899 3480 971 puniuntur,
3528 907 3584 958 et
3624 919 3738 975 pu-

2087 985 2214 1036 tant
2243 999 2306 1037 se
2337 984 2414 1038 ab
2445 984 2574 1040 aliis
2602 987 2774 1053 uniri,
2807 988 3139 1044 nescientes
3163 989 3241 1045 ab
3265 989 3366 1045 illo
3388 991 3734 1063 punientur.

2091 1069 2180 1125 Sic
2210 1075 2267 1126 et
2291 1088 2428 1128 cum
2466 1079 2833 1146 vegetantur,
2861 1077 3204 1150 implentur,
3238 1077 3567 1151 salvantur,
3599 1081 3749 1137 libe-

2087 1165 2314 1215 rantur.
2333 1163 2397 1216 Et
2419 1163 2462 1217 si
2482 1163 2616 1231 hoc,
2646 1165 3000 1233 nescientes,
3024 1166 3117 1222 vel
3145 1167 3494 1225 hominibus
3516 1170 3608 1225 vel
3631 1171 3754 1226 dae-

2091 1249 2372 1305 monibus
2401 1251 2504 1306 vel
2522 1253 2749 1323 angelis
2776 1255 3077 1325 tribuunt;
3106 1271 3228 1313 non
3260 1258 3486 1316 habent
3515 1260 3629 1316 nisi
3663 1261 3742 1317 ab

2090 1335 2189 1392 illo
2220 1353 2402 1408 penes
2431 1355 2614 1412 quem
2644 1348 2907 1415 potestas
2930 1349 3016 1402 est
3037 1345 3314 1418 omnim.)

2709 1452 2933 1506 CAPUT
2971 1454 3126 1510 XVII.

2095 1550 2219 1605 Cur
2264 1554 2417 1608 Deus
2471 1555 2697 1610 dicitur
2720 1559 3178 1626 praedestinasse
3225 1579 3454 1636 poenas,
3487 1583 3620 1624 cum
3646 1583 3745 1626 eas

2483 1660 2602 1699 non
2618 1647 2815 1715 faciat
2841 1664 2948 1704 nec
2976 1651 3354 1718 praedestinet

2163 1731 2426 1802 Septima
2445 1733 2681 1791 decima
2696 1737 3033 1794 nzeniarum
3053 1743 3292 1797 tuarum
3309 1743 3492 1802 habet
3507 1745 3742 1804 titulum

2659 1875 2894 1918 JOANNES
2945 1880 3168 1921 SCOTL‘S.

2165 1965 2360 2029 (Num.
2393 1963 2460 2035 1).
2495 1970 2533 2017 Θ
2563 1967 2690 2022 Cur
2712 1969 2865 2024 Deus
2887 1969 3129 2027 dicatur
3150 1975 3606 2042 praedestinasse
3625 1996 3744 2050 pte-

2093 2066 2220 2118 nas,
2256 2068 2388 2108 cum
2417 2069 2515 2111 eas
2536 2071 2655 2112 non
2700 2058 2896 2126 faciat
2927 2075 3034 2116 nec
3059 2064 3460 2135 praedestinet,
3487 2070 3742 2136 proinde

2090 2142 2322 2197 ratione
2345 2147 2524 2214 atque
2548 2149 2907 2205 auctoritate
2927 2165 3044 2221 qua
3069 2153 3386 2221 conﬁcitur
3402 2157 3743 2225 ﬁrmissime

313 2239 494 2308 atque
526 2239 591 2290 ut
613 2234 675 2290 in
700 2239 972 2291 nostram
1002 2236 1447 2308 possessionem
1494 2235 1879 2291 restituamur
1923 2239 1979 2291 et
2087 2231 2425 2302 tenendum,
2455 2249 2703 2302 prorsus
2733 2239 3187 2308 suppliciorum,
3232 2243 3446 2312 quibus
3477 2248 3735 2316 superba

310 2323 594 2379 hortatur
646 2328 702 2380 et
756 2323 1102 2396 opitulatur,
1137 2323 1184 2379 si
1233 2340 1375 2393 ergo
1419 2324 1498 2380 ab
1537 2325 1651 2380 hac
1676 2328 1846 2396 parte
1870 2339 1976 2396 per

308 2411 739 2484 negligentiam
769 2417 825 2468 et
854 2412 1222 2484 impietatem
1254 2414 1341 2468 vir
1371 2412 1645 2468 subditus
1676 2413 1867 2480 fuerit,
1914 2413 1974 2468 id

311 2506 399 2558 est
421 2517 595 2558 mens
616 2507 673 2558 et
696 2502 868 2569 ratio,
897 2502 1260 2575 critquidem
1279 2503 1462 2559 homo
1490 2503 1677 2575 turpis
1708 2507 1764 2558 et
1787 2501 1972 2557 miser

310 2591 419 2646 sed
447 2589 783 2646 destinatur
805 2589 867 2645 in
898 2589 1012 2645 hac
1032 2590 1172 2657 vita,
1208 2594 1264 2646 et
1295 2595 1434 2663 post
1472 2591 1628 2646 hanc
1661 2591 1846 2646 vitam
1878 2606 1970 2645 or-

313 2678 571 2746 dinatur,
604 2694 727 2752 quo
749 2694 890 2734 eum
919 2679 1230 2743 destinari,
1273 2683 1328 2735 et
1376 2679 1477 2735 ubi
1511 2679 1774 2736 ordinari
1805 2697 1970 2736 sum-

313 2784 450 2824 mus
469 2768 563 2824 ille
587 2772 778 2824 rector
807 2771 864 2823 et
894 2767 1182 2824 Dominus
1208 2767 1482 2840 judicat.]
1515 2769 1680 2825 idem
1705 2771 1806 2837 ib.,
1832 2786 1966 2842 cap.

322 2857 406 2924 ll,
430 2858 490 2913 in
511 2857 616 2913 ﬁn.
647 2873 777 2930 cap.
821 2858 928 2928 12.)
957 2857 992 2924 τ
1025 2858 1400 2930 Quapropter
1423 2859 1564 2926 vita,
1625 2875 1782 2931 quae,
1810 2858 1966 2914 fruc-

2086 2319 2358 2388 impietas
2440 2328 2660 2380 aeterno
2738 2328 3112 2398 torquebitur
3195 2334 3489 2401 cruciatu,
3567 2339 3738 2394 nullo

2100 2411 2272 2465 modo
2384 2413 2573 2469 Deum
2676 2431 2796 2472 esse
2879 2423 3202 2485 auctorem,
3304 2424 3476 2479 nullo
3562 2427 3733 2482 modo

2083 2513 2287 2556 eorum
2317 2516 2438 2558 esse
2478 2503 2794 2573 factorem,
2847 2507 3018 2562 nullo
3073 2509 3244 2565 modo
3269 2513 3732 2580 praedestinato-

2083 2604 2204 2644 rem
2215 2631 2227 2642 .

2749 2700 3068 2743 CORRECTIO.

2152 2768 2184 2832 ᾗ
2207 2771 2392 2824 Deum
2423 2775 2729 2829 auctorem
2750 2775 3182 2847 suppliciorum
3208 2779 3297 2834 vel
3320 2782 3742 2854 temporalium

2079 2855 2169 2909 vel
2191 2861 2552 2914 aeternorum
2581 2865 2638 2916 et
2669 2862 3240 2932 przedestinatorem,
3277 2871 3398 2922 tam
3429 2871 3742 2927 auctorita-

321 2949 386 3000 tu
406 2946 668 3018 corporis
697 2945 1009 3015 delectata,
1040 2947 1288 3017 negligit
1317 2951 1526 3017 Deum,
1550 2947 1867 3004 inclinatur
1888 2947 1966 3003 ad
1997 2983 2037 3042 C
2076 2947 2132 2999 te
2162 2944 2313 3000 sacri
2339 2945 2580 3019 eloquii,
2621 2964 2809 3020 quam
2839 2950 3156 3008 doctorum
3209 2956 3533 3013 concordia
3587 2959 3730 3015 satis

317 3034 569 3091 nihilum
615 3039 670 3092 et
706 3035 816 3094 ista
844 3043 932 3093 est
953 3036 1236 3110 nequitia.
1271 3039 1390 3092 Hoc
1420 3041 1622 3094 autem
1642 3041 1820 3110 pacto
1848 3037 1968 3093 vita

314 3123 568 3181 carnalis
595 3130 652 3181 et
689 3129 921 3182 terrena
947 3124 1217 3193 efﬁcitur,
1247 3130 1304 3182 et
1353 3125 1433 3182 ob
1458 3126 1573 3182 hoc
1603 3125 1784 3182 etiam
1825 3142 1965 3183 caro

313 3218 372 3270 et
412 3217 568 3270 terra
622 3215 991 3287 nominatur,
1047 3219 1104 3272 et
1157 3215 1432 3288 quandiu
1483 3215 1565 3271 ita
1594 3219 1683 3272 est
1711 3231 1967 3286 regnum

313 3303 414 3360 Dei
464 3319 589 3360 non
634 3304 964 3377 possidebit
1016 3305 1072 3377 (Ι
1098 3304 1235 3362 Cor.
1286 3322 1383 3372 xv,
1420 3305 1528 3376 50),
1564 3309 1620 3361 et
1642 3305 1886 3378 eripitur
1916 3306 1968 3362 ei

309 3393 478 3466 quod
505 3398 688 3450 amat.
715 3393 779 3450 ld
800 3395 960 3451 enim
977 3398 1142 3451 amat
1165 3394 1332 3467 quod
1353 3397 1411 3451 et
1437 3395 1638 3450 minus
1668 3399 1756 3451 est
1782 3411 1968 3468 quam

309 3483 452 3551 vita,
484 3484 630 3555 quia
659 3499 878 3556 corpus
903 3488 1010 3554 est,
1036 3487 1092 3540 et
1113 3488 1356 3557 propter
1383 3484 1584 3557 ipsum
1629 3488 1965 3556 peccatum,

311 3570 480 3644 quod
527 3575 692 3628 amat
734 3572 864 3644 [al..
920 3572 1199 3645 amatur],
1247 3571 1737 3646 ﬁtcorruptibile,
1771 3576 1834 3628 ut
1862 3571 1968 3628 flu-

311 3659 470 3716 endo
529 3659 761 3717 deserat
808 3664 1141 3717 amatorem
1193 3677 1393 3725 suum,
1443 3661 1587 3735 quia
1625 3666 1681 3718 et
1732 3660 1827 3716 ille
1856 3661 1970 3716 hoc

310 3749 576 3805 amando
603 3749 862 3806 deseruit
892 3752 1109 3806 Deum:
1161 3755 1465 3822 praecepta
1496 3750 1656 3806 enim
1708 3751 1837 3820 ejus
1867 3766 1965 3806 ne-

311 3837 758 3908 glexitdicentis
792 3838 946 3906 ;hoc
974 3837 1298 3905 manduca,
1349 3841 1405 3894 et
1433 3837 1547 3893 hoc
1591 3837 1735 3895 noli.
1768 3838 1967 3894 Trahi-

314 3929 410 3982 tur
438 3941 580 3996 ergo
620 3927 698 3984 ad
737 3943 973 4000 pennas,
1006 3925 1152 3999 quia
1207 3925 1513 3994 diligendo
1545 3925 1848 3992 inferiora,
1906 3927 1967 3982 in

311 4019 569 4085 egestate
596 4015 977 4089 voluptatum
1003 4031 1273 4085 suarum,
1303 4018 1359 4070 et
1380 4014 1438 4069 in
1467 4013 1775 4070 doloribus
1801 4014 1966 4087 apud

307 4104 531 4161 inferos
554 4105 888 4162 ordinatur.
923 4104 1078 4172 Quid
1107 4109 1194 4160 est
1228 4103 1388 4160 enim
1418 4102 1590 4159 dolor
1619 4101 1724 4175 qui
1755 4101 1968 4158 dicitur

308 4195 600 4268 corporis,
632 4195 746 4252 nisi
791 4194 1091 4268 corruptio
1149 4193 1462 4266 repentina
1493 4191 1699 4248 salutis
1729 4191 1859 4264 ejus
1883 4192 1966 4247 rei

306 4299 496 4356 quam
517 4283 674 4341 male
703 4284 947 4352 utendo,
981 4283 1187 4340 anima
1217 4280 1587 4355 corruptioni
1618 4279 1968 4338 obnoxiavit

309 4371 441 4445 [al.,
493 4373 629 4430 fecit
668 4373 1062 4445 obnoxiam]?
1094 4372 1246 4439 Quid
1277 4376 1364 4428 est
1419 4376 1623 4428 autem
1657 4370 1832 4427 dolor
1860 4369 1965 4444 qui

309 4460 528 4517 dicitur
555 4461 759 4532 animi,
785 4462 898 4518 nisi
915 4477 1116 4518 carere
1143 4459 1531 4517 mutabilibus
1548 4459 1728 4516 rebus
1749 4458 1970 4532 quibus

311 4548 622 4606 fruebatur
661 4553 765 4607 aut
792 4550 908 4606 frui
934 4567 995 4606 se
1025 4565 1202 4622 posse
1235 4552 1577 4622 speraverat
1599 4549 1626 4604 ?
1660 4552 1716 4603 et
1736 4549 1850 4604 hoc
1880 4563 1972 4620 est

303 4642 500 4696 totum
541 4639 709 4711 quod
755 4638 970 4695 dicitur
1018 4637 1266 4705 malum,
1318 4637 1380 4692 id
1411 4641 1502 4694 est
1548 4640 1868 4710 peccatum
1913 4641 1971 4692 et

304 4743 489 4802 poena
507 4727 836 4801 peccati].-j-
871 4726 1036 4784 Idem
1069 4727 1132 4783 in
1171 4725 1408 4800 spalmo
1447 4741 1578 4782 LXV)
1619 4725 1703 4796 (in
1745 4724 1968 4798 princi-

304 4818 448 4892 pio).

376 4905 396 4978 [
417 4907 560 4974 Quis
589 4911 792 4965 autem
812 4910 1086 4964 nostrum
1103 4906 1370 4963 dicturus
1396 4907 1485 4962 est
1502 4919 1627 4961 non
1647 4919 1783 4960 esse
1804 4904 1968 4963 ﬂiam

302 4995 897 5054 Deibenedictionem
911 4996 962 5053 si
974 4995 1068 5052 vel
1079 4995 1444 5067 agricultura
1457 4994 1508 5052 ei
1522 4994 1782 5052 fructum
1795 4994 1946 5052 ferat

298 5085 395 5142 vel
411 5085 633 5143 domus
655 5086 948 5160 cujusque
970 5085 1236 5142 abundet
1257 5085 1432 5159 copia
1452 5100 1654 5142 rerum
1669 5057 1968 5158 tempora1

296 5173 468 5246 lium,
485 5175 583 5232 vel
596 5175 728 5248 ipsa
745 5175 1014 5248 corporis
1044 5175 1210 5232 salus
1237 5178 1342 5231 aut
1367 5178 1659 5240 teneatur,
1693 5190 1768 5230 ne
1799 5175 1968 5231 amit-

297 5267 480 5338 tatur,
507 5269 611 5322 aut
629 5265 855 5322 amissa
883 5268 1190 5338 reparetur
1209 5265 1237 5320 ‘?
1288 5263 1623 5320 fecunditas
1671 5263 1851 5318 etiam
1881 5263 1964 5318 fe-

300 5354 692 5422 minarum,et
707 5358 875 5411 casta
894 5357 1034 5410 vota
1044 5352 1197 5409 ﬁlios
1209 5351 1677 5408 desiderantium
1691 5350 1770 5406 ad
1781 5367 1964 5424 quem

299 5443 620 5516 pertinent,
633 5443 748 5500 nisi
770 5441 849 5500 ad
866 5441 1185 5499 Dominum
1208 5439 1432 5498 Deum?
1452 5440 1562 5506 Qui
1573 5439 1732 5496 enim
1743 5442 1966 5498 creavit

303 5534 553 5604 quando
581 5549 705 5590 non
735 5536 879 5596 erat,
912 5533 1039 5606 ipse
1059 5531 1244 5604 prolis
1267 5545 1552 5587 successu
1573 5529 1713 5585 facit
1731 5545 1965 5602 perma-

304 5636 448 5681 nere
462 5623 628 5696 quod
647 5619 1233 5681 condidit.Facithoec
1255 5623 1430 5692 Deus,
1442 5618 1630 5678 donat
1642 5619 1768 5678 haec
1781 5619 1958 5680 Deus.

2077 3032 2555 3092 demonstratum
2589 3042 2694 3094 est.
2732 3038 2844 3095 Sed
2875 3040 3020 3112 quia
3047 3046 3108 3097 tu
3142 3043 3438 3116 supplicia
3467 3053 3742 3114 peccato-

2076 3137 2212 3178 rum
2235 3123 2383 3179 nihil
2413 3124 2577 3181 aliud
2603 3143 2792 3199 quam
2815 3133 3065 3201 peccata
3086 3147 3214 3187 esse
3246 3149 3544 3207 susurras,
3601 3152 3742 3210 pec-

2078 3215 2352 3268 catorum
2408 3219 2716 3272 auctorem
2749 3219 2937 3274 Deum
2968 3219 3214 3277 minime
3245 3223 3506 3280 dicimus
3544 3245 3556 3295 ;
3587 3231 3735 3285 atta-

2077 3317 2236 3369 men,
2268 3303 2743 3378 quotiescunque
2783 3307 2876 3362 vel
2907 3309 3003 3363 hic
3048 3310 3141 3366 vel
3197 3311 3314 3369 illic
3343 3320 3592 3387 peccata
3614 3317 3740 3374 suis

2079 3393 2424 3448 auctoribus
2455 3393 2517 3449 in
2542 3411 2790 3467 poenam
2821 3403 3267 3469 convertuntur,
3302 3405 3640 3463 secundum
3667 3423 3741 3465 ea

2077 3497 2213 3553 quae
2243 3481 2591 3553 prmoedens
2618 3484 2781 3542 hunc
2805 3503 3004 3543 sermo
3044 3488 3424 3548 abundanter
3465 3497 3740 3570 exsequi-

2080 3572 2193 3638 tur,
2225 3585 2346 3626 non
2369 3569 2480 3626 nisi
2516 3575 2630 3629 Deo
2662 3573 2898 3630 vindice
2928 3575 3055 3631 ﬁeri
3080 3577 3558 3650 proclamamus.

2648 3679 2889 3721 JOANNES
2941 3683 3163 3725 SCOTL'S.

2155 3751 2317 3822 (Cap.
2360 3750 2464 3819 l7).
2498 3751 2589 3807 Ea
2620 3757 2841 3819 tamen,
2873 3752 3096 3827 inquis,
3148 3760 3381 3816 ratione
3409 3768 3623 3819 auctor
3648 3780 3736 3821 e0-

2080 3852 2214 3891 rum
2245 3853 2368 3894 esse
2391 3838 2634 3906 dicitur,
2667 3846 2722 3896 et
2750 3842 2972 3912 factor,
3000 3849 3055 3899 et
3074 3847 3563 3917 praedestinator,
3613 3868 3734 3922 qua

2079 3925 2378 3982 verissime
2428 3927 2697 3982 creditur
2759 3929 2938 3984 totius
2984 3931 3412 4002 universitatis,
3482 3937 3546 3992 in
3617 3955 3738 4010 qua

2079 4016 2218 4066 sunt
2255 4013 2460 4081 factor
2500 4019 2553 4070 et
2595 4015 2930 4072 ordinator.
2968 4019 3065 4074 Ita
3093 4020 3246 4076 enim
3276 4022 3468 4091 (num,
3503 4029 3554 4082 2.
3591 4032 3733 4083 sect.

2083 4101 2134 4171 1)
2163 4101 2455 4158 universae
2484 4108 2773 4160 creaturae
2803 4121 2944 4174 suae,
2980 4113 3302 4181 antequam
3333 4113 3521 4182 ipsam
3567 4132 3736 4174 crea-

2081 4196 2193 4257 ret,
2223 4196 2447 4250 statum
2473 4193 2955 4264 pulchritudinis
3003 4199 3462 4268 praedestinavit
3491 4219 3611 4262 esse
3635 4209 3736 4278 fu-

2084 4286 2309 4350 turum,
2358 4289 2422 4338 ut
2449 4284 2747 4341 malorum
2779 4287 3111 4357 turpitudo,
3136 4305 3316 4361 quam
3333 4308 3452 4350 non
3481 4297 3737 4366 praedes-

2083 4371 2319 4442 tinavit,
2343 4372 2486 4444 quia
2534 4387 2655 4430 non
2681 4389 2808 4431 eam
2838 4376 3118 4436 facturus
3161 4385 3307 4436 esset
3363 4383 3426 4438 in
3458 4387 3734 4443 universo

2083 4462 2278 4530 turpis
2307 4477 2428 4518 non
2452 4467 2618 4533 esset,
2662 4465 2899 4522 malitia
2927 4469 3268 4526 nocentium
3298 4487 3420 4529 non
3470 4482 3729 4548 noceret,

2081 4565 2253 4606 error
2271 4552 2608 4608 errantium
2631 4568 2752 4609 non
2781 4563 3031 4625 erraret,
3086 4559 3323 4616 miseria
3369 4565 3726 4634 torquendo-

2078 4654 2214 4693 rum
2263 4638 2615 4707 felicitatem
2647 4657 2766 4698 non
2801 4643 3074 4702 turbaret
3101 4648 3422 4706 electorum
3449 4667 3472 4717 ,ο
3499 4653 3731 4711 nullius

2078 4728 2236 4783 enim
2268 4729 2601 4797 turpitudo,
2636 4732 2730 4787 vel
2755 4733 2991 4790 malitia
3017 4736 3110 4791 vel
3152 4751 3327 4794 error
3354 4755 3456 4797 seu
3487 4742 3730 4800 miseria

2071 4815 2570 4886 praedestinatum
2622 4825 2763 4876 ante
2819 4823 3042 4881 saecula
3069 4829 3415 4887 naturalem
3460 4832 3726 4892 ordinem

2077 4904 2467 4964 dehonestare
2493 4909 2880 4978 permittitur.

2743 5015 3045 5060 CORRECTIO
3053 5045 3066 5059 .

2147 5087 2190 5156 -Ξ-
2221 5085 2276 5143 Si
2308 5101 2379 5143 eo
2407 5085 2592 5144 modo
2620 5086 2836 5145 dicitur
2861 5092 3016 5148 Deus
3042 5093 3233 5152 factor
3258 5101 3318 5154 et
3336 5101 3726 5172 praedestina-

2077 5178 2167 5231 tor
2217 5173 2670 5248 suppliciorum,
2718 5193 2841 5251 quo
2897 5181 3206 5242 verissime
3261 5189 3518 5246 creditur
3546 5191 3724 5247 totius

2075 5263 2498 5330 universitatis,
2545 5265 2607 5322 in
2637 5282 2760 5340 qua
2787 5272 2926 5328 sunt
2957 5270 3148 5330 factor
3174 5279 3231 5331 et
3285 5276 3593 5334 ordinator
3618 5295 3722 5337 ve-

2073 5354 2286 5412 raciter
2332 5355 2620 5412 nimirum
2692 5357 2880 5417 factor
2909 5364 2966 5418 et
3003 5364 3460 5435 praedestinator
3509 5383 3720 5426 eorum

2073 5443 2365 5502 dicendus
2378 5449 2484 5516 est,
2506 5445 2650 5521 quia
2665 5449 2970 5514 veraciter,
3003 5451 3192 5509 factor
3206 5455 3581 5516 etordinator
3596 5459 3722 5515 uni-

2073 5533 2363 5590 versitatis
2382 5535 2656 5594 habetur.
2681 5538 2831 5606 Quia
2850 5554 2993 5596 vero
3011 5543 3074 5596 tu
3094 5543 3388 5616 supplicia
3408 5561 3531 5602 non
3556 5546 3720 5603 aliud

2077 5636 2264 5693 quam
2295 5628 2543 5694 peccata
2573 5641 2706 5684 esse
2737 5626 3070 5699 contendis,
3121 5645 3245 5691 non
3297 5637 3387 5692 est
3413 5634 3509 5694 hic
3538 5633 3716 5702 nobis
