4128 6200
461 118 594 180 Issa
1534 133 1592 190 S.
1630 131 1998 192 PRUEENTII
2036 130 2410 195 TRECENSIS
2447 133 2751 194 EPISCOPl
3734 139 3869 201 1285

454 244 679 336 diutius
701 247 1172 322 immorandum,
1202 253 1496 324 quoniam
1527 256 1671 314 satis
1700 272 1998 330 superque
2025 257 2101 314 de
2128 264 2176 319 Α
2215 259 2326 326 nis,
2359 259 2440 316 ita
2465 264 2620 317 recte
2641 261 2718 318 de
2748 262 2880 334 ipso
2927 260 3044 318 dici
3091 262 3319 333 potest:
3348 258 3570 333 ubique
3599 265 3694 319 est
3720 277 3874 336 prte-

451 333 547 390 his
573 339 885 394 tractatum
915 337 978 396 in
1015 339 1494 411 praecedentibus
1514 349 1787 416 constat;
1815 346 2103 420 quodque
2215 347 2481 416 scientia,
2515 349 2620 406 sed
2650 333 3016 422 noniubique
3039 353 3126 404 est
3153 347 3693 421 preedestinatione.
3718 333 3874 418 Quo-

363 413 368 416 ’
451 422 625 481 addis
649 439 662 478 :

1009 570 1244 612 JOLNNES
1282 573 1486 616 SCOTUS
1497 601 1509 614 .

516 675 684 749 (Cap.
725 680 806 750 17,
837 693 1005 736 num.
1025 685 1078 749 3,
1106 687 1247 739 sect.
1279 687 1333 740 2.
1367 689 1406 738 Θ
1433 684 1582 743 Cum
1621 701 1761 760 ergo
1788 687 2097 745 audimus:

442 764 893 834 praedestinavit
915 770 1072 828 Deus
1101 772 1237 828 illos
1270 774 1363 829 vel
1384 773 1465 829 ad
1496 775 1808 833 interitum
1841 777 1934 834 vel
1959 791 2101 846 sup-

443 853 713 925 plicium,
730 857 821 913 vel
835 872 1066 928 plenas,
1080 875 1183 917 seu
1203 863 1563 934 cruciatum,
1577 879 1678 921 seu
1693 865 2101 939 quoquomodo

444 943 648 1000 vocari
667 945 813 1002 solet
835 948 1077 1006 miseria
1105 965 1226 1022 qua
1257 956 1566 1023 torquetur
1593 953 1881 1027 iniquitas
1925 970 1962 1012 a
1989 956 2100 1011 sei~

438 1045 570 1102 psa,
601 1034 666 1090 in
694 1036 907 1106 seipsa,
938 1052 1048 1107 per
1071 1039 1347 1110 seipsam,
1382 1056 1503 1097 non
1535 1043 1712 1098 aliud
1761 1044 2100 1115 intelligere

438 1120 719 1190 iubemur
744 1140 923 1198 quam
978 1129 1173 1198 ipsum
1202 1135 1343 1186 ante
1391 1135 1658 1201 tempora
1708 1135 2017 1202 praescisse
2044 1139 2099 1190 et

433 1212 896 1278 praedestinasse
921 1232 1036 1287 quo
1062 1218 1273 1274 ordine
1300 1220 1709 1276 universitatis
1727 1223 1931 1292 futuri
1957 1227 2098 1278 sunt

439 1298 556 1370 illi,
587 1317 732 1371 quos
761 1306 1176 1375 occultissimo,
1216 1310 1551 1378 justissimo
1603 1315 1822 1381 tamen,
1864 1312 2099 1379 judicio

439 1392 902 1450 amaritudinem
926 1401 1312 1464 peccatorum
1362 1414 1608 1454 suorum
1639 1402 1862 1456 sentire
1881 1402 2099 1469 permi-

437 1477 532 1545 sit,
556 1481 698 1552 quia
726 1497 819 1538 eos
849 1484 912 1538 in
932 1484 1270 1540 damnabili
1280 1487 1516 1556 origine
1543 1489 1809 1560 reliquit.

1147 1624 1469 1666 CORRECTIO.

506 1729 548 1797 ει·
573 1727 726 1784 Licet
785 1728 1024 1787 diversa
1094 1731 1321 1806 tibique
1384 1734 1642 1791 adversa
1671 1735 1962 1809 proferas,
1992 1739 2096 1810 qui

432 1817 886 1889 praedestinatos
907 1835 1017 1892 pro
1059 1837 1182 1879 non
1212 1821 1654 1895 praedestinatis
1686 1827 2092 1896 adstruxeras,

433 1905 692 1962 multum
718 1907 946 1965 veritati
971 1909 1512 1982 praedestinationis
1537 1915 1914 1988 approprias,
1939 1932 2092 1989 pree-

432 1997 520 2052 ter
547 1995 649 2054 illa
677 2013 809 2070 quae
839 2014 876 2054 a
906 1997 1147 2055 veritate
1169 1998 1364 2057 aliena
1381 2001 1707 2060 interseris.
1743 2007 1890 2060 Nam
1922 2010 1978 2061 et
2000 2022 2094 2061 ve-

433 2081 574 2142 ritas
603 2085 716 2142 hoc
743 2085 966 2143 clamat
992 2105 1004 2141 :
1029 2087 1468 2146 Praeordinasse
1502 2094 1711 2162 Deum,
1733 2108 1856 2166 quo
1883 2093 2091 2150 ordine

433 2172 832 2231 universitatis
850 2173 1034 2232 futuri
1059 2180 1199 2233 sunt
1217 2176 1320 2248 illi,
1345 2195 1501 2252 quos
1517 2180 1852 2251 justissimo
1875 2198 1984 2238 suo
1999 2182 2092 2255 ju-

431 2258 588 2318 dicio
618 2262 1085 2321 amaritudinem
1111 2270 1497 2337 peccatorum
1548 2285 1796 2326 suorum
1847 2271 2084 2345 sentire,

430 2365 554 2406 non
583 2350 672 2424 (ut
694 2353 987 2422 mentiris)
1008 2355 1297 2428 permisit,
1331 2355 1436 2413 sed
1458 2361 1523 2414 ut
1562 2375 1772 2417 verum
1801 2364 1888 2416 est
1927 2360 2082 2435 judi-

427 2439 603 2510 cavit,
649 2444 706 2498 et
749 2443 1080 2516 judicando
1121 2445 1444 2519 compellit.
1502 2450 1616 2504 Nec
1678 2447 1741 2504 id
1769 2449 1966 2505 solum
2001 2449 2086 2505 eis

425 2543 604 2600 pinna
622 2535 728 2601 est,
751 2533 917 2606 quod
949 2549 1052 2590 eos
1082 2534 1143 2590 in
1173 2534 1508 2593 damnabili
1541 2538 1625 2608 (ut
1653 2537 1825 2606 dicis)
1851 2539 2083 2608 origine

428 2618 685 2692 reliquit,
715 2622 819 2678 sed
847 2623 1080 2681 reddita
1108 2629 1199 2680 est
1227 2625 1312 2680 eis
1333 2625 1512 2682 etiam
1533 2641 1716 2698 poena
1735 2627 1888 2698 ignis
1915 2632 2082 2684 aeter-

427 2707 508 2778 ni,
536 2725 660 2783 qua
688 2716 1080 2788 torqueantur
1095 2712 1283 2770 inviti.

991 2855 1230 2897 JOANNES
1271 2855 1497 2899 SCOTUS.

2212 435 2377 494 niam
2406 437 2510 509 qui
2529 439 2734 496 omnia
2753 438 3068 512 pt'aascivit,
3099 443 3157 495 et
3173 437 3337 495 bona
3367 443 3422 495 et
3461 437 3648 505 mala,
3679 438 3743 496 id
3781 445 3872 498 est

2211 530 2485 597 peccata:
2509 543 2898 601 nequaquam
2911 526 3354 601 praedestinavit
3369 527 3480 583 nisi
3496 527 3680 594 bona,
3699 527 3760 584 id
3783 533 3872 587 est

2209 615 2686 674 misericordiam
2715 624 2771 674 et
2793 618 3109 690 judicium,
3132 617 3192 673 in
3213 633 3335 690 quo
3366 621 3505 676 sunt
3525 618 3711 675 etiam
3744 635 3868 692 pa:-

2209 718 2304 759 nae
2341 721 2478 778 quas
2507 723 2544 763 a
2583 724 2765 763 sensu
2799 707 3152 780 patientium
3177 705 3349 763 malae
3383 711 3698 777 vocantur,
3730 724 3869 781 quas

2208 793 2456 852 omnino
2485 796 2651 854 nullo
2681 802 2894 870 printer
2912 796 3111 869 ipsum
3141 801 3383 854 auctore
3405 796 3576 854 fiunt.

2288 945 2615 1018 Postremo,
2639 947 2806 1022 quod
2829 946 2977 1003 dicis
3001 948 3304 1004 veritatem
3329 948 3596 1004 clamare
3618 948 3691 1004 de
3719 949 3864 1018 Deo,

2206 1041 2548 1112 ubicunque
2572 1039 2764 1109 fuerit
2788 1038 3141 1109 praescintia
3169 1038 3252 1093 ibi
3295 1053 3417 1094 esse
3470 1038 3858 1108 habitatione,

2206 1130 2578 1204 proindeque
2595 1129 2928 1200 ubicunque
2941 1128 3508 1199 [ueritprwscintim
3534 1130 3860 1185 necessario

2207 1235 2325 1278 esse
2372 1218 2922 1290 praedestinatione,
2981 1216 3135 1274 adeo
3181 1217 3454 1288 regulam
3511 1218 3761 1274 veritatis
3785 1223 3849 1273 et

2204 1309 2440 1383 pietatis
2470 1307 2920 1377 transgreditur,
2959 1312 3018 1362 ut
3049 1306 3440 1380 apertissimis
3471 1307 3852 1363 oraculorum

2205 1400 2545 1456 divinorum
2576 1396 2928 1454 testimoniis
2951 1395 3238 1452 resultare
3264 1396 3511 1454 minime
3533 1396 3858 1467 dubitatur,

2207 1487 2438 1545 dicente
2467 1487 2600 1560 ipsa
2631 1486 2877 1542 Veritate
2898 1503 2910 1540 :
2929 1486 2998 1542 Si
3021 1486 3151 1558 quis
3170 1485 3370 1556 diligit
3394 1501 3503 1555 me,
3533 1501 3863 1542 sermonem

2207 1594 2399 1635 meum
2423 1575 2703 1644 servabit,
2737 1581 2789 1631 et
2817 1577 3196 1632 Pater‘meus
3246 1575 3458 1646 diliget
3487 1591 3638 1636 eum.
3677 1583 3733 1632 et
3785 1576 3866 1632 ad

2207 1683 2336 1724 eum
2366 1667 2678 1732 veniemus,
2712 1670 2766 1720 et
2813 1666 3178 1720 mansionem
3205 1663 3372 1734 apud
3397 1680 3528 1722 eum
3557 1665 3858 1736 faciemus

2208 1759 2400 1825 (Joan.
2423 1756 2654 1826 x1v,‘23)
2688 1771 2700 1809 :
2740 1757 2804 1809 Et
2829 1754 2972 1810 item
3007 1770 3018 1808 :
3051 1753 3130 1809 Et
3159 1768 3264 1825 ego
3319 1754 3540 1824 rogabo
3587 1755 3862 1826 Patrem,

2203 1852 2256 1904 et
2279 1847 2464 1903 alium
2487 1845 2867 1914 paracletum
2899 1843 3066 1899 dabit
3087 1844 3268 1907 vobis,
3303 1849 3366 1899 ut
3405 1851 3646 1902 maneat
3677 1844 3864 1900 vobis-

2202 1952 2334 1992 cum
2365 1936 2427 1990 in
2447 1939 2735 1990 aeternum
2773 1950 2789 1993 :
2840 1932 3133 2002 Spiritum
3163 1933 3452 2000 veritatis,
3484 1948 3661 2004 quem
3694 1949 3866 1989 mun-

2200 2026 2310 2082 dus
2342 2041 2462 2080 non
2479 2029 2669 2094 potest
2696 2024 2968 2091 accipere
2987 2038 3010 2093 ;
3039 2023 3182 2095 quia
3212 2038 3331 2078 non
3366 2023 3521 2078 videt
3553 2038 3714 2084 eum,
3749 2038 3857 2080 nec

2197 2116 2306 2172 scit
2338 2131 2468 2172 eum
2500 2131 2512 2168 :
2557 2114 2663 2169 Vos
2681 2119 2882 2171 autem
2911 2113 3273 2184 cognoscetis
3303 2127 3455 2181 eum,
3487 2114 3631 2186 quia
3683 2113 3855 2184 apud

2198 2220 2298 2262 vos
2318 2202 2600 2274 manebit,
2631 2208 2684 2260 et
2716 2204 2778 2259 in
2817 2202 2978 2259 vobis
3009 2203 3120 2259 erit
3155 2203 3353 2274 (Joan.
3380 2217 3501 2266 xv1,
3540 2204 3650 2274 17).
3682 2201 3855 2260 Unde

2197 2299 2251 2351 et
2279 2293 2430 2350 liber
2475 2292 2780 2367 sapientiae
2811 2291 2952 2348 dicit
2987 2309 3000 2346 :
3059 2292 3347 2358 Quoniam
3380 2293 3443 2349 in
3492 2293 3861 2350 malevolam

2194 2383 2456 2440 animam
2489 2397 2607 2438 non
2630 2381 2902 2437 introibit
2931 2382 3250 2452 sapientia,
3299 2395 3407 2438 nec
3455 2381 3753 2438 habitabit
3787 2383 3852 2438 in

2196 2487 2443 2542 corpore
2471 2471 2703 2527 subdito
2721 2471 2978 2540 peccatis
3012 2470 3178 2542 (Sap.
3212 2485 3252 2538 ι,
3275 2470 3362 2540 4);
3399 2472 3466 2526 Et
3489 2469 3846 2545 Apostolus:

2205 2561 2313 2616 Vos
2343 2565 2541 2617 autem
2571 2561 2633 2614 in
2659 2574 2840 2616 carne
2866 2574 2986 2615 non
3029 2560 3189 2629 estis,
3233 2557 3337 2615 sed
3376 2559 3438 2614 in
3492 2561 3707 2629 spiritu
3731 2572 3756 2629 ,'
3793 2560 3859 2614 si

2192 2653 2390 2706 tamen
2407 2649 2672 2719 Spiritus
2695 2649 2802 2704 Dei
2817 2647 3048 2704 habitat
3067 2649 3129 2704 in
3149 2647 3498 2720 vobis,quod
3513 2649 3569 2703 si
3587 2647 3849 2718 Spiritus

2191 2739 2340 2808 ejus,
2399 2737 2505 2809 qui
2549 2737 2859 2794 suscitavit
2902 2741 3106 2793 Jesum
3149 2753 3186 2793 a
3216 2737 3485 2804 mortuis,
3513 2736 3751 2793 habitat
3776 2737 3847 2792 in

2192 2826 2374 2896 vobis,
2399 2827 2506 2899 qui
2523 2827 2832 2882 suscitavit
2850 2827 3053 2882 Jesum
3069 2825 3377 2882 Christum
3405 2841 3438 2882 a
3460 2827 3726 2891 mortuis,
3754 2825 3854 2880 vi-

2191 2915 2455 2986 viﬁcabit
2483 2920 2537 2973 et
2567 2915 2853 2972 mortalia
2892 2930 3148 2986 corpora
3177 2921 3375 2972 vestra
3400 2920 3637 2985 propter
3665 2913 3858 2969 inha-

500 2958 689 3076 E‘EFB;
703 2963 2085 3076 '.EP.“.‘1“.:.".:E‘*€E°3:’ﬁfﬁffi‘fzif‘qﬁi‘ﬂ“
2110 2982 2156 3039 ο
2194 2958 3860 3076 sint;“sttuite;uitae“;th"1&1.9.133.

425 3050 732 3109 notissima
760 3052 1104 3124 differentia
1152 3056 1311 3112 inter
1330 3056 1775 3124 prwscientiam
1823 3060 1878 3112 et
1917 3071 2082 3126 pras-

425 3135 902 3212 destinationem,
927 3147 993 3197 ut
1025 3158 1158 3199 cum
1183 3147 1418 3199 tantum
1455 3143 1574 3200 late
1595 3148 1804 3212 pateat
1830 3145 2087 3213 praedes-

427 3225 639 3285 tinatio
659 3235 951 3303 quantum
975 3233 1356 3302 praescientia
1401 3232 1611 3302 (unum
1643 3234 1864 3304 quippe
1905 3241 2085 3304 atque

420 3313 574 3373 idem
595 3319 861 3377 divinam
882 3321 1152 3392 profecto
1179 3322 1576 3378 substantiam
1631 3321 2079 3396 signiﬁcantes),

418 3407 866 3474 przdestinatio
888 3409 970 3466 ad
994 3425 1063 3466 ea
1083 3415 1318 3466 tantum
1344 3425 1478 3482 qua
1502 3412 1566 3466 in
1595 3410 1744 3467 bono
1769 3419 1909 3468 sunt
1939 3429 2079 3483 per-

423 3492 630 3561 tineat,
675 3497 1057 3564 praescientia
1108 3511 1246 3553 vero
1278 3498 1359 3553 ad
1388 3498 1543 3555 bona
1591 3499 1873 3571 malaque
1897 3515 1920 3570 ,ο
1947 3515 2080 3571 quae

423 3584 621 3638 tamen
671 3583 1017 3653 di/ferentia
1043 3599 1162 3640 non
1194 3591 1278 3641 est
1325 3601 1402 3643 ex
1444 3593 1692 3660 natura,
1731 3588 1836 3645 sed
1861 3603 1936 3645 ea:
1965 3605 2078 3645 usu

421 3671 806 3730 locutionum.
837 3673 1341 3741 Quemadmodum
1374 3677 1526 3733 enim
1559 3677 1785 3734 dicitur
1828 3679 1901 3734 de
1921 3679 2069 3735 Deo:

419 3760 634 3833 ubique
679 3769 763 3820 est
804 3766 1146 3835 prasentia,
1202 3766 1307 3822 sed
1335 3782 1455 3823 non
1502 3767 1720 3841 ubique
1760 3774 1843 3824 est
1872 3770 2075 3839 gratia

414 3850 823 3926 habitationis,
845 3852 932 3910 ita
954 3852 1026 3910 de
1051 3868 1114 3910 eo
1134 3853 1256 3911 dici
1269 3856 1454 3924 possit
1467 3867 1489 3927 ;
1508 3857 1728 3928 ubique
1751 3857 2073 3927 praescien-

415 3940 503 3998 tia
552 3955 672 3999 non
692 3942 910 4016 ubique
928 3943 1458 4012 prwdestinatione
1486 3961 1498 4000 :
1533 3961 1670 4002 cum
1699 3947 2075 4016 apertissime

415 4030 638 4087 veritas
685 4031 906 4088 clamet
955 4030 1028 4088 de
1077 4033 1235 4089 Deo:
1283 4032 1622 4107 ubicunque
1675 4034 1833 4092 Deus
1878 4036 2073 4108 fuerit

402 4118 756 4190 praesentia,
785 4119 870 4175 ibi
899 4121 1170 4191 pro/ecta
1201 4124 1314 4178 erit
1346 4122 1722 4180 habitatione
1748 4139 1772 4180 ,ο
1791 4125 2072 4182 similiter

413 4206 752 4281 ubicunque
765 4209 957 4279 fuerit
981 4211 1388 4282 praescientia,
1422 4213 1751 4271 necessario
1780 4215 1894 4270 erit
1918 4229 2070 4284 pra-

411 4294 828 4356 destinatione.

1075 4439 1397 4485 CORRECTIO.

477 4547 514 4615 1'
531 4545 742 4606 Procul
767 4547 954 4607 dubio
973 4548 1127 4607 falsa
1145 4555 1285 4606 sunt
1309 4565 1445 4624 qua:
1499 4551 1870 4625 exsequeris,
1907 4551 2066 4610 sicut

409 4639 684 4712 superius
711 4639 955 4697 abunde
975 4640 1460 4700 monstravimus.
1502 4641 1698 4698 Primo
1722 4641 1888 4716 quod
1909 4657 2064 4716 pree-

406 4727 724 4787 destinatio
752 4733 810 4787 et
849 4728 1225 4803 prmscientia
1248 4729 1351 4787 Dei
1381 4730 1719 4789 substantia
1746 4746 1872 4788 non
1901 4737 2060 4803 sunt,

405 4818 551 4891 quia
569 4818 815 4876 relative
838 4823 996 4888 sunt,
1027 4835 1163 4894 quae
1190 4835 1317 4878 non
1368 4821 1693 4880 ostendunt
1715 4822 2058 4884 essentiam.

407 4906 627 4964 Deinde
653 4909 819 4979 quod
838 4909 1207 4982 praescientia
1221 4915 1277 4966 et
1296 4911 1780 4983 prmsdestinatio
1798 4913 1951 4970 adeo
1971 4913 2060 4969 in-

406 4997 494 5052 ter
547 5012 611 5053 se
658 4995 960 5070 differunt,
1000 5003 1066 5055 ut
1089 5001 1467 5073 prmscientia
1490 5002 1590 5060 Dei
1616 5002 1852 5059 dicatur
1876 4997 2056 5058 etiam

404 5084 466 5141 in
509 5083 604 5141 his
654 5100 792 5160 quin
814 5085 947 5161 ipse
997 5102 1121 5145 non
1153 5089 1308 5160 fecit,
1340 5095 1406 5148 ut
1426 5096 1564 5149 sunt
1587 5095 1877 5166 peccata;
1911 5105 2056 5163 prte-

402 5172 721 5232 destinatio
749 5190 888 5234 vero
916 5176 978 5232 in
997 5177 1090 5234 his
1116 5178 1502 5237 solummodo
1523 5194 1656 5253 quae
1694 5179 1826 5252 ipse
1871 5177 2056 5234 iactu-

400 5279 504 5320 rus
524 5270 652 5323 erat
668 5263 763 5323 vel
787 5265 849 5323 in
870 5266 1210 5326 conditione
1230 5272 1289 5326 et
1307 5268 1684 5326 ordinatione
1706 5282 1930 5330 rerum,
1961 5267 2053 5323 vel

398 5352 462 5409 in
480 5353 766 5412 electione
792 5357 1015 5428 gratiae,
1040 5357 1132 5416 vel
1150 5357 1212 5414 in
1235 5356 1736 5415 condemnatione
1759 5354 2050 5412 inﬂexibi-

397 5443 470 5502 lis
492 5445 722 5520 judieii,
745 5447 851 5505 sed
878 5463 1195 5522 nunquam
1224 5447 1451 5520 injusti.
1475 5451 1556 5504 Ac
1584 5459 1693 5519 per
1709 5446 1825 5503 hoc
1841 5460 2052 5520 quem-

397 5534 732 5594 admodum
755 5541 911 5595 recte
939 5537 1154 5594 dicitur
1172 5537 1248 5592 de
1269 5537 1420 5592 Deo:
1446 5535 1671 5608 ubique
1691 5539 2050 5610 estpriesen-

396 5622 484 5682 tia
497 5625 826 5696 potestatis,
849 5626 956 5684 sed
982 5639 1108 5684 non
1134 5625 1358 5699 ubique
1381 5628 1476 5685 est
1503 5625 1694 5698 gratio.
1733 5627 2050 5690 habitatio-

2192 3097 2259 3152 Et
2279 3111 2519 3152 rursum
2544 3112 2556 3150 :
2579 3095 2781 3151 Nolite
2805 3097 3026 3166 jugum
3053 3094 3271 3152 ducere
3295 3110 3426 3150 cum
3458 3092 3810 3163 inﬁdelibus
3840 3110 3857 3149 :

2193 3185 2500 3254 Quatenim
2525 3184 2913 3254 participatio
2926 3184 3182 3254 justitzw
3213 3199 3342 3240 cum
3375 3183 3718 3255 iniquitate,
3743 3187 3854 3238 aut

2190 3289 2320 3346 qua
2339 3276 2585 3330 societas
2603 3273 2725 3329 luci
2735 3272 2816 3329 ad
2833 3271 3102 3330 tenebras
3122 3275 3149 3326 ?
3165 3287 3296 3343 qua!
3311 3277 3510 3328 autem
3531 3272 3852 3327 conventio

2191 3361 2418 3420 Christi
2447 3363 2528 3419 ad
2547 3363 2769 3430 Belial,
2795 3367 2900 3418 aut
2923 3377 3056 3435 quae
3073 3377 3222 3431 pars
3250 3361 3420 3432 ﬁdeli
3447 3375 3584 3417 cum
3615 3360 3857 3429 inﬁdeli

2187 3453 2292 3523 qui
2311 3457 2508 3509 autem
2541 3467 2856 3508 consensus
2913 3451 3131 3522 templo
3162 3452 3272 3507 Dei
3296 3465 3429 3508 cum
3461 3449 3642 3506 idolis
3666 3455 3695 3506 ?
3737 3450 3850 3505 Vos

2187 3541 2340 3597 enim
2371 3541 2508 3597 estis
2533 3540 2818 3610 templum
2865 3540 2976 3595 Dei
3027 3540 3199 3595 vivi:
3245 3540 3398 3595 sicut
3456 3538 3618 3594 dixit
3665 3540 3854 3607 Deus,

2185 3631 2465 3700 quoniam
2496 3628 2844 3687 inhabitabo
2873 3629 2935 3684 in
2967 3629 3108 3696 illis,
3139 3633 3194 3683 et
3223 3626 3633 3699 inambulabo,
3661 3633 3719 3684 et
3749 3641 3852 3684 ero

2184 3720 2429 3775 illorum
2454 3719 2633 3785 Deus,
2664 3725 2718 3774 et
2741 3719 2859 3788 ipsi
2887 3722 3063 3774 erunt
3113 3717 3266 3774 mihi
3280 3718 3549 3788 populus
3579 3717 3670 3789 (II
3703 3715 3843 3773 Cor.

2183 3824 2266 3877 ιιι,
2331 3810 2416 3878 14,
2477 3808 2561 3879 l5,
2599 3807 2714 3880 16):
2770 3809 2834 3862 Et
2863 3807 3078 3862 iterum
3113 3806 3246 3861 :An
3286 3807 3524 3862 nescitis
3554 3807 3841 3877 quoniam

2180 3896 2446 3954 membra
2476 3902 2669 3954 vestra
2699 3897 2984 3966 templum
3011 3903 3093 3952 est
3125 3895 3390 3965 Spiritus
3416 3897 3619 3952 sancti
3638 3896 3744 3966 qui
3774 3896 3844 3951 in

2181 3987 2340 4045 vobis
2371 3992 2474 4058 est,
2497 4001 2668 4058 quem
2698 3985 2926 4043 habetis
2954 4001 2991 4042 a
3020 3987 3138 4042 Deo
3159 3987 3188 4040 ἵ
3216 3985 3279 4053 (Ι
3303 3985 3442 4042 Cor.
3471 4001 3531 4042 vi
3560 3985 3843 4052 11).)Οαὶ-

2177 4075 2292 4132 bus
2323 4074 2608 4134 omnibus
2636 4074 2821 4147 liquet
2873 4075 3063 4130 Deum
3107 4071 3449 4130 nullatenus
3493 4072 3841 4130 inhabitare

2176 4163 2292 4219 nisi
2325 4161 2616 4238 templum
2637 4179 2838 4227 suum,
2867 4161 3163 4236 templum
3187 4177 3331 4218 vero
3361 4161 3491 4234 ejus
3530 4177 3660 4218 non
3710 4175 3839 4218 esse

2176 4252 2295 4308 nisi
2318 4251 2595 4310 membra
2621 4251 2831 4310 Christi
2851 4251 3084 4308 dicente
3105 4250 3317 4308 eodem
3333 4249 3620 4325 Apostolo
3652 4266 3669 4306 :
3702 4251 3841 4308 Nes-

2095 4340 2139 4395 D
2178 4342 2308 4398 citis
2333 4341 2617 4414 quoniam
2646 4356 2902 4411 corpora
2933 4346 3132 4400 vestra
3151 4340 3415 4398 membra
3440 4339 3675 4397 Christi
3693 4345 3836 4396 sunt

2181 4429 2376 4503 (Ibid,
2411 4429 2516 4502 15).
2542 4431 2661 4486 Hoc
2690 4428 2910 4486 clamat
2955 4429 3196 4502 veritas,
3250 4427 3366 4486 hoc
3395 4427 3690 4504 praedicat
3721 4429 3838 4502 pien

2177 4522 2288 4591 tas,
2314 4519 2502 4574 Deum
2527 4533 2651 4575 non
2681 4515 2954 4574 habitare
2984 4518 3100 4574 nisi
3132 4518 3190 4574 in
3242 4516 3468 4592 templo
3498 4533 3611 4574 suo
3636 4534 3650 4586 ;
3685 4521 3832 4574 temo

2173 4607 2343 4682 plum
2395 4607 2525 4680 ejus
2576 4622 2701 4664 non
2755 4622 2883 4664 esse
2936 4606 3051 4664 nisi
3078 4610 3321 4664 sanctos
3353 4621 3516 4663 suos.
3538 4605 3690 4662 Hinc
3720 4615 3833 4660 An-

2171 4696 2447 4768 gustinus
2470 4695 2532 4753 in
2567 4694 2722 4754 libro
2753 4694 2832 4752 ad
2859 4695 3208 4754 Dardanum
3249 4694 3325 4752 de
3373 4694 3691 4754 Praesentia
3721 4689 3828 4750 Dei

2169 4785 2387 4858 (Eipst.
2421 4789 2486 4842 57
2517 4785 2600 4844 ad
2625 4785 2986 4843 Dardanum
3009 4789 3146 4842 ante
3175 4783 3492 4857 medium).

2242 4911 2481 4982 [Verum
2514 4910 2658 4968 illud
2689 4913 2780 4968 est
2815 4909 3004 4969 multo
3049 4910 3409 4976 mirabilius.
3458 4908 3632 4984 quod
3686 4925 3832 4967 cum

2172 5003 2327 5057 Deus
2355 4999 2582 5073 ubique
2609 5000 2684 5057 sit
2707 5004 2884 5069 totus,
2910 5015 3037 5059 non
3084 5005 3289 5058 tamen
3314 5000 3380 5059 in
3409 4998 3702 5058 omnibus
3729 4999 3835 5058 ha-

2164 5089 2316 5147 bitat
2338 5105 2351 5145 :
2375 5103 2500 5145 non
2518 5088 2683 5146 enim
2707 5088 2992 5146 omnibus
3017 5089 3135 5147 dici
3152 5093 3372 5163 potest,
3385 5087 3553 5163 quod
3574 5088 3661 5145 ait
3672 5094 3833 5162 Apo-

2165 5178 2373 5247 stolus,
2401 5177 2494 5235 vel
2510 5178 2818 5251 quodjam
2847 5178 3016 5251 dixit,
3043 5179 3138 5236 vel
3154 5179 3334 5238 etiam
3363 5177 3514 5238 illud
3537 5179 3832 5237 :Nescitis

2161 5271 2306 5342 quia
2335 5269 2621 5340 templum
2649 5268 2762 5326 Dei
2785 5270 2943 5339 estis,
2969 5275 3026 5327 et
3053 5269 3318 5339 Spiritus
3342 5269 3455 5326 Dei
3477 5267 3714 5326 habitat
3766 5270 3828 5324 in

2160 5359 2322 5416 vobis
2341 5361 2370 5414 ?
2397 5357 2562 5415 Unde
2582 5360 2641 5415 et
2667 5373 2700 5414 e
2725 5357 3026 5415 contrario
3045 5355 3121 5415 de
3145 5356 3518 5430 quibusdam
3547 5356 3719 5415 idem
3740 5356 3828 5413 di-

2159 5448 2237 5506 cit
2259 5465 2274 5505 :
2295 5448 2572 5520 Quisquis
2586 5452 2785 5505 autem
2799 5447 3098 5519 Spiritum
3115 5448 3343 5508 Christi
3355 5463 3477 5506 non
3499 5448 3708 5517 habet,
3725 5447 3822 5504 hic

2159 5553 2282 5596 non
2334 5543 2421 5594 est
2473 5539 2602 5607 eius
2623 5538 2813 5609 (Rom.
2870 5538 3014 5608 vm‘).
3045 5537 3188 5603 Quis
3216 5553 3397 5610 porro
3431 5536 3661 5596 audeat
3685 5535 3817 5610 opi-

2156 5626 2288 5687 nari
2313 5626 2429 5686 nisi
2455 5625 2736 5701 quisquis
2788 5626 3369 5700 inseparme
3419 5627 3663 5701 penitus
3691 5625 3813 5687 m-
