4128 6200
247 167 378 224 128ὕ

1185 167 1276 222 DE
1316 163 1982 228 PREDISTINATIONE
2019 165 2303 224 CONTRA
2339 170 2387 228 Ι.
2428 169 2723 227 SCOTUM.

3523 175 3662 232 1286

241 291 440 348 nitatis
465 289 720 361 ignorat,
738 291 905 364 quod
919 292 982 348 in
1003 291 1206 365 aliquo
1224 292 1498 350 habitare
1519 294 1707 366 possit
1730 293 1897 348 Pater
1931 293 1980 347 Α
2012 295 2506 366 quemadmodum
2533 295 2857 366 praesentia
2877 299 2932 352 et
2949 294 3242 352 habitatio
3267 295 3381 352 Dei
3405 311 3526 352 non
3575 304 3661 354 est

242 385 296 436 et
324 379 503 434 Filius
532 379 594 436 in
618 395 741 452 quo
767 396 890 437 non
918 381 1144 438 habitet
1187 381 1438 455 Spiritus
1477 388 1746 448 sanctus,
1792 385 1896 438 aut

236 469 296 524 in
329 467 534 541 aliquo
568 469 815 542 Spiritus
837 476 1078 528 sanctus
1108 471 1170 526 in
1198 487 1322 544 quo
1351 487 1474 530 non
1526 477 1582 528 et
1613 472 1787 528 Pater
1841 474 1897 526 et

236 557 416 614 Filius
437 558 464 613 ?
498 557 663 614 Unde
694 557 1012 616 fatendum
1043 563 1129 618 est
1158 559 1382 633 ubique
1408 577 1542 617 esse
1572 564 1760 618 Deum
1789 575 1898 633 per

233 645 564 703 divinitatis
593 648 997 719 praesentiam,
1033 648 1139 704 sed
1167 665 1292 706 non
1322 649 1546 723 ubique
1576 665 1683 723 per
1729 646 1897 705 habi-

235 735 481 791 ta‘ionis
499 737 692 806 gratia
718 754 776 792 ι).
799 738 817 788 l
838 741 1039 810 ropter
1056 737 1214 795 hanc
1231 739 1392 796 enim
1409 738 1843 796 habitationem
1879 755 1891 806 ;

235 821 337 878 ubi
362 823 574 895 procul
597 823 784 882 dubio
802 825 993 894 gratia
1013 825 1348 884 dilectionis
1370 827 1501 898 ejus
1525 826 1893 896 agnoscitur,

233 927 356 968 non
386 911 682 969 diximus:
718 916 884 970 Pater
914 921 1114 971 noster
1141 915 1244 988 qui
1271 932 1334 972 es
1385 915 1607 988 ubique
1652 915 1810 987 (cum
1839 919 1895 972 et

231 1000 347 1058 hoc
371 1017 584 1058 verum
611 1003 705 1074 sit)
731 1021 743 1067 ;
803 1002 910 1058 sed
961 1004 1150 1060 Pater
1175 1010 1394 1068 noster,
1424 1006 1529 1076 qui
1554 1020 1613 1062 es
1642 1005 1705 1060 in
1731 1005 1894 1061 caelis

231 1091 474 1160 (Matth,
507 1109 580 1161 γι,
612 1092 666 1163 9)
702 1109 714 1146 :
751 1095 815 1146 ut
841 1092 1132 1165 templum
1153 1094 1281 1166 ejus
1310 1094 1510 1166 potius
1534 1095 1596 1149 in
1625 1092 1894 1150 oratione

227 1195 804 1251 commemoramus,
838 1182 1006 1254 quod
1030 1188 1086 1240 et
1111 1199 1224 1240 nos
1252 1184 1364 1257 ipsi
1394 1200 1528 1241 esse
1575 1183 1891 1254 debemus,

229 1273 288 1324 et
317 1269 379 1324 in
407 1273 705 1341 quantum
728 1287 961 1338 sumus,
991 1271 1054 1328 in
1082 1275 1315 1328 tantum
1344 1271 1424 1328 ad
1451 1273 1584 1343 ejus
1647 1271 1894 1327 societa—

229 1364 352 1415 tem
377 1362 434 1414 et
461 1357 806 1430 adoptionis
835 1359 1127 1417 familiam
1174 1361 1564 1433 pertinemus.
1632 1361 1688 1416 Si
1732 1361 1892 1418 enim

227 1446 490 1520 populus
516 1447 619 1504 Dei
649 1447 924 1504 nondum
952 1447 1144 1506 factus
1167 1447 1416 1522 aequalis
1447 1449 1676 1520 angelis
1739 1449 1891 1520 ejus:

227 1535 427 1593 adhuc
453 1538 514 1592 in
539 1537 655 1593 ista
683 1537 1162 1609 peregrinatione
1191 1537 1409 1594 dicitur
1439 1538 1734 1611 templum
1761 1539 1889 1610 ejus

228 1627 277 1698 (Ι
301 1627 438 1684 Cor.
473 1643 554 1691 ιιι,
591 1627 694 1698 16),
717 1632 949 1700 quanto
975 1627 1173 1697 magis
1201 1633 1289 1684 est
1320 1628 1616 1701 templum
1641 1629 1774 1699 ejus
1829 1628 1889 1684 in
1928 1649 1964 1704 η
2000 1629 2231 1686 milium
2261 1628 2638 1688 ﬂectionibus
2685 1647 2698 1684 :

225 1713 415 1784 cmlis,
453 1715 556 1771 ubi
585 1721 674 1772 est
694 1715 956 1788 populus
985 1715 1361 1788 angelorum,
1409 1716 1630 1790 quibus
1685 1731 1890 1786 aggre-

226 1805 414 1876 gandi
436 1810 492 1862 et
520 1806 876 1879 coaequandi
907 1823 1135 1873 sumus,
1162 1824 1326 1873 cum,
1353 1808 1521 1863 ﬁnita
1549 1807 1888 1880 peregrina-

223 1895 409 1958 tione,
447 1896 611 1968 quod
662 1896 1028 1968 promissum
1085 1901 1176 1954 est
1223 1896 1680 1969 sumpserimus.
1740 1899 1886 1953 Cum

227 1984 410 2053 igitur
436 1986 540 2057 qui
579 1985 802 2057 ubique
854 1990 963 2050 est,
1014 2002 1137 2043 non
1185 1986 1244 2042 in
1301 1986 1587 2044 omnibus
1638 1985 1882 2052 habitet,

221 2074 405 2130 etiam
429 2074 490 2130 in
518 2074 744 2147 quibus
776 2075 1029 2141 habitat,
1066 2091 1188 2131 non
1243 2075 1553 2148 aequaliter
1605 2075 1885 2146 habitat.)

220 2165 266 2233 εί-
289 2163 474 2235 (Idem
505 2164 671 2233 ibid.,
705 2163 888 2236 paulo
909 2166 1086 2237 post.)
1115 2164 1301 2237 [Sicut
1323 2169 1525 2221 autem
1551 2180 1661 2220 nec
1682 2163 1761 2220 ab
1783 2163 1884 2219 illo

221 2251 398 2309 abest
425 2251 488 2309 in
518 2269 642 2324 quo
668 2268 791 2308 non
816 2252 1066 2316 habitat,
1096 2258 1154 2308 et
1178 2257 1336 2309 totus
1369 2253 1556 2324 adest,
1601 2252 1884 2326 quamvis

220 2357 364 2398 eum
394 2341 490 2398 ille
520 2357 643 2398 non
663 2341 907 2409 habeat,
940 2342 1022 2398 ita
1043 2348 1098 2399 et
1121 2342 1215 2398 illc
1242 2343 1301 2398 in
1323 2359 1446 2415 quo
1471 2343 1706 2400 habitat
1730 2345 1884 2398 totus

221 2435 312 2489 est
341 2446 628 2503 praesens,
655 2430 940 2502 quamvis
968 2446 1092 2488 non
1151 2447 1226 2487 ex
1281 2437 1404 2488 toto
1454 2448 1594 2488 eum
1640 2431 1884 2504 capiat.)

224 2520 438 2588 (idem,
469 2520 638 2589 ibid,
670 2521 730 2575 in
758 2519 959 2576 medio
986 2520 1020 2591 :)

293 2608 695 2681 [Cumitaque
727 2607 1126 2679 proﬁcientes,
1172 2609 1232 2665 in
1278 2609 1500 2682 quibus
1554 2607 1882 2665 mortalitas

223 2697 476 2768 habitat,
497 2697 648 2754 dum
665 2697 740 2752 de
759 2696 856 2752 die
872 2697 934 2753 in
954 2696 1117 2754 diem
1135 2704 1525 2769 renovantur,
1541 2698 1737 2768 magis
1758 2713 1884 2753 ma-

227 2788 437 2859 gisque
460 2786 762 2858 justiﬁcet,
785 2787 1070 2843 exaudiat
1095 2793 1354 2856 orantes,
1387 2789 1639 2846 mundat
1693 2788 1880 2845 conti-

227 2881 436 2944 tentes,
469 2881 532 2932 ut
557 2876 840 2933 exhibeat
868 2876 980 2932 sibi
1002 2877 1294 2950 templum
1319 2877 1778 2936 immaculatum
1819 2879 1880 2934 in

231 2969 541 3034 aeternum,
571 2966 780 3058 merito
809 2965 1024 3022 dicitur
1052 2982 1176 3058 non
1206 2967 1480 3058 habitare
1512 2968 1572 3024 in
1615 2968 1696 3024 eis
1755 2969 1879 3042 qui,
1917 3002 1958 3058 ο
1989 2967 2227 3025 dicebat
2253 2967 2415 3023 idem
2445 2968 2742 3058 propheta
2767 2985 2780 3022 :
2988 2964 3206 3058 iniquis
3252 2981 3265 3020 :

231 3059 643 3121 cognoscentes
671 3056 877 3124 Deum,
917 3071 1040 3111 non
1091 3057 1245 3111 sicut
1285 3057 1472 3112 Deum
1511 3058 1882 3127 gloriﬁcave-

226 3147 400 3208 runt,
427 3143 520 3199 vel
545 3146 774 3212 gratias
821 3153 1070 3215 egerunt
1125 3145 1317 3216 (Rom.
1346 3163 1386 3215 1,
1415 3145 1501 3217 21)
1554 3163 1568 3202 :
1629 3146 1882 3204 colendo

227 3230 411 3300 enim,
443 3235 499 3287 et
529 3232 842 3288 serviendo
865 3238 1153 3290 creaturas
1182 3233 1382 3307 potius
1409 3250 1596 3306 quam
1641 3235 1882 3292 Creato-

225 3317 297 3389 ri,
327 3334 450 3374 non
477 3319 653 3375 unius
683 3320 806 3376 veri
836 3321 938 3378 Dei
959 3321 1250 3394 templum
1283 3337 1346 3377 se
1375 3337 1505 3377 esse
1543 3322 1879 3380 voluerunt.

228 3407 438 3478 (Idem,
470 3408 637 3477 ibid.,
671 3409 751 3466 ad
777 3409 1069 3481 medium)
1095 3428 1107 3466 :
1135 3410 1543 3477 Quamobrem
1579 3414 1752 3475 Deus,
1777 3412 1885 3485 qui

230 3495 452 3570 ubique
476 3511 741 3570 praesens
773 3502 862 3555 est
899 3503 953 3554 et
981 3499 1204 3571 ubique
1231 3503 1413 3566 totus,
1447 3515 1571 3556 non
1597 3500 1656 3556 in
1687 3501 1883 3557 omni-

227 3586 346 3643 bus
373 3586 624 3654 habitat,
649 3587 755 3644 sed
782 3588 844 3643 in
868 3588 951 3644 eis
973 3594 1210 3645 tantum
1237 3605 1390 3662 quos
1419 3588 1596 3646 efﬁcit
1614 3589 1888 3647 beatissi-

227 3689 396 3732 mum
430 3676 723 3750 templum
754 3693 955 3745 suum,
987 3677 1082 3734 vel
1108 3677 1458 3736 beatissima
1501 3679 1725 3752 templa
1754 3695 1886 3752 sua,

229 3780 442 3823 eruens
461 3781 558 3822 eos
579 3782 616 3823 a
634 3771 930 3835 potestate
959 3768 1363 3838 tenebrarum,
1415 3774 1468 3824 et
1516 3770 1888 3839 transferens

232 3856 295 3910 in
326 3870 578 3924 regnum
602 3856 751 3912 Filii
779 3857 1097 3913 charilatis
1123 3872 1242 3912 suae
1261 3856 1430 3929 quod
1473 3857 1678 3931 incipit
1708 3874 1745 3914 a
1801 3874 1889 3914 re-

230 3944 614 4012 generatione
643 3945 796 4016 (Col.
831 3962 871 4015 ι,
917 3945 1021 4017 13).
1055 3945 1303 4016 1-(ldem
1362 3947 1532 4014 ibid.,
1581 3962 1769 4019 prope
1824 3948 1891 4002 ﬁ-

228 4031 414 4103 nem).
438 4033 593 4089 Deus
621 4033 799 4103 igitur
829 4033 1054 4106 ubique
1083 4049 1354 4107 praesens
1393 4040 1500 4105 est,
1556 4038 1613 4090 et
1667 4034 1890 4108 ubique

231 4125 390 4178 totus
410 4138 694 4195 prtesens,
729 4139 840 4180 nec
867 4123 1092 4197 ubique
1122 4121 1424 4192 habitans,
1453 4123 1559 4180 sed
1578 4122 1640 4179 in
1665 4123 1889 4196 templo

232 4226 364 4278 suo,
390 4211 484 4266 cui
509 4227 616 4284 per
640 4211 894 4283 gratiam
938 4211 1238 4282 benignus
1294 4216 1382 4269 est
1435 4216 1493 4269 et
1548 4212 1890 4286 propitius]

230 4301 273 4370 ἦ·
302 4303 431 4357 Νοιι
450 4305 539 4358 est
561 4301 742 4372 igitur
770 4301 1104 4358 differentia
1127 4301 1282 4358 inter
1331 4301 1772 4374 praescientiam
1834 4306 1894 4360 et

231 4390 818 4462 praedestinationem
857 4397 1100 4464 sumpta
1154 4407 1274 4447 usu
1330 4391 1675 4458 locutionis,
1703 4391 1810 4448 sed
1855 4407 1892 4450 a

230 4483 489 4547 natura;
520 4481 663 4552 quia
681 4480 1031 4538 naturaliter
1060 4480 1222 4539 aliud
1240 4485 1328 4539 est
1375 4482 1673 4555 praescire,
1727 4478 1892 4538 aliud

231 4569 660 4642 praedestinare
721 4587 735 4626 :
791 4571 943 4627 sicut
999 4571 1163 4627 aliud
1211 4576 1300 4628 est
1346 4576 1706 4643 praesentem
1736 4587 1890 4644 esse,

231 4657 403 4714 aliud
439 4658 728 4716 habitare.
780 4659 958 4716 Multa
1012 4659 1237 4732 quippe
1288 4660 1708 4733 praesciuntur,
1755 4677 1893 4734 quas

230 4763 358 4804 non
381 4747 886 4821 praedestinantur
916 4766 930 4818 ;
964 4748 1116 4805 sicut
1143 4747 1332 4805 multa
1369 4752 1509 4805 sunt
1551 4751 1891 4822 praesentia,

230 4853 370 4905 quae
399 4853 525 4895 non
551 4843 690 4896 sunt
716 4838 1070 4897 habitantia.
1105 4843 1252 4897 Nam
1295 4853 1454 4910 saepe
1484 4838 1546 4894 in
1594 4839 1688 4894 his
1744 4838 1892 4896 locis

231 4930 290 4983 et
315 4943 458 4984 cum
486 4927 581 4984 his
603 4928 876 5001 personis
905 4927 1198 4985 adsumus
1225 4944 1330 5001 per
1367 4927 1771 5000 prtesentiam,
1832 4928 1892 4986 in

230 5014 458 5088 quibus
487 5021 546 5074 et
570 5031 712 5072 cum
735 5016 958 5089 quibus
983 5017 1322 5074 nullatenus
1347 5016 1696 5074 habitamus
1728 5035 1742 5087 ;
1784 5017 1894 5076 ha-

232 5103 422 5162 bitare
447 5105 675 5179 quippe
701 5122 826 5163 non
845 5106 1063 5164 dicitur
1081 5106 1244 5180 quis,
1276 5106 1393 5163 nisi
1422 5107 1484 5163 in
1503 5107 1690 5166 domo
1724 5125 1738 5165 :
1762 5124 1893 5168 esse

229 5209 376 5251 vero
405 5195 588 5251 etiam
618 5210 744 5252 non
773 5194 836 5252 in
865 5195 1050 5252 domo
1077 5213 1089 5252 :
1119 5195 1204 5254 ita
1229 5199 1286 5252 et
1312 5198 1467 5253 Deus
1498 5196 1725 5269 ubique
1761 5212 1898 5254 esse

232 5281 470 5352 dicitur,
503 5299 612 5357 per
632 5284 1129 5357 omnipotentiam
1160 5285 1508 5356 majestatis,
1540 5285 1644 5356 qui
1693 5288 1894 5342 tamen

233 5387 358 5428 non
388 5372 509 5429 nisi
537 5373 601 5429 in
631 5373 854 5446 templo
880 5378 938 5430 et
960 5374 1022 5430 in
1051 5374 1236 5432 domo
1259 5390 1370 5430 sua
1394 5373 1610 5429 dicitur
1631 5389 1763 5428 esse
1786 5388 1894 5446 per

234 5461 497 5533 gratiam
525 5462 932 5522 habitationis.

805 5570 1045 5612 JOANNES
1093 5569 1320 5611 SCOTUS.

308 5642 483 5715 (Cap.
510 5657 664 5713 xvu,
695 5657 865 5702 num.
899 5647 954 5710 ὅ,
987 5646 1129 5703 seet.
1163 5643 1242 5714 3.)
1271 5641 1616 5714 OProinde,
1665 5640 1890 5716 inquis,

2005 383 2126 440 nisi
2149 383 2213 439 in
2240 385 2330 442 his
2360 401 2492 457 quae
2517 385 2592 441 ab
2619 400 2682 440 eo
2699 385 2873 456 facta
2901 388 3062 451 sunt,
3091 382 3178 440 ita
3202 385 3329 454 ejus
3347 387 3662 455 praescien-

2006 472 2090 528 tia
2116 479 2170 530 et
2192 474 2644 544 praedestinatio
2673 490 2794 532 non
2820 473 2940 530 nisi
2976 488 3179 529 eorum
3211 487 3344 546 quce
3366 471 3497 543 ipse
3533 475 3664 544 fac-

2008 567 2178 618 turus
2199 569 2363 632 esset,
2397 563 2693 620 credenda
2722 568 2882 619 sunt.
2922 560 3014 617 Ac
3037 574 3150 632 per
3196 559 3327 632 hoc,
3382 561 3663 634 quemad-

2005 651 2242 709 modum
2257 653 2589 722 prxsentia
2617 654 2745 723 ejus
2769 654 2824 708 et
2844 649 3134 708 habitatio
3155 649 3216 706 in
3249 649 3362 721 his,
3385 665 3517 722 qux
3554 667 3663 708 nec

2003 740 2079 798 ab
2105 756 2169 796 eo
2198 747 2358 807 sunt,
2390 756 2498 798 nec
2526 756 2595 798 ea
2617 741 2792 812 facit,
2818 755 2850 797 e
2880 738 3178 796 contrario
3207 753 3328 796 esse
3348 737 3659 809 dicuntur,

2005 844 2138 886 cum
2160 831 2223 884 in
2254 831 2334 885 eis
2357 845 2476 885 non
2510 831 2662 898 sint;
2696 831 2782 887 ita
2812 826 3197 900 praescientia
3228 829 3355 900 ejus
3399 832 3454 885 et
3499 843 3665 898 prce—

2003 917 2320 974 destinatio
2350 933 2382 973 e
2409 917 2706 974 contrario
2733 918 3174 987 pronuntiatur
3219 915 3284 972 in
3330 916 3454 972 illis
3528 932 3660 990 qux

2004 1022 2123 1063 non
2145 1007 2312 1076 fecit,
2343 1021 2451 1064 nec
2488 1007 2758 1078 donavit,
2791 1007 2937 1079 quia
2957 1006 3116 1064 nihil
3130 1011 3292 1062 sunt.

2670 1164 2775 1205 (ἶοΗ
2782 1164 2975 1204 RECTIO
2984 1189 2995 1203 .

2073 1273 2108 1340 1'
2138 1272 2239 1329 Dei
2268 1273 2588 1347 praesentia
2607 1272 2829 1348 ubique
2859 1274 2921 1330 in
2943 1273 3126 1331 sacris
3155 1270 3408 1346 eloquiis
3438 1270 3655 1346 praedi-

2002 1367 2191 1432 catur,
2224 1363 2353 1433 ejus
2381 1362 2672 1420 habitatio
2702 1378 2826 1420 non
2854 1362 2968 1419 nisi
2997 1362 3059 1419 in
3082 1361 3306 1435 templo
3330 1361 3519 1436 ipsius
3573 1361 3660 1417 in-

2000 1451 2254 1508 venitur.
2291 1455 2598 1523 Nusquam
2643 1451 2803 1508 enim
2861 1451 3085 1526 ubique
3135 1453 3323 1507 Deum
3364 1451 3656 1522 habitare,

2003 1539 2152 1596 sicut
2180 1540 2404 1614 ubique
2427 1556 2559 1596 esse
2591 1539 2874 1614 reperies,
2903 1539 3021 1596 nisi
3051 1541 3114 1596 in
3164 1541 3280 1596 tuis
3328 1540 3533 1614 tuique
3588 1539 3661 1596 si-

2755 1627 2901 1686 Dicit
2932 1629 3094 1686 enim
3145 1628 3271 1701 ipse
3322 1629 3654 1688 Dominus:

2003 1720 2232 1776 Caelum
2263 1725 2317 1777 et
2351 1724 2576 1776 terram
2608 1733 2711 1790 ego
2741 1719 2957 1789 impleo
3015 1717 3252 1792 (Jerem.
3293 1733 3458 1787 χχιιι,
3515 1710 3606 1788 24)
3641 1733 3654 1772 :

1999 1811 2064 1864 Et
2087 1809 2382 1882 Propheta
2406 1808 2484 1864 ad
2516 1824 2655 1864 eum
2685 1826 2696 1863 :
2734 1806 2858 1875 Quo
2888 1807 2982 1863 ibo
3005 1823 3041 1864 a
3061 1808 3282 1878 spiritu
3313 1811 3436 1881 tuo,
3458 1808 3515 1863 et
3541 1820 3657 1879 quo

1997 1913 2033 1953 a
2053 1897 2216 1968 facie
2246 1903 2350 1955 tua
2377 1898 2613 1968 fugiam
2635 1900 2664 1952 Ρ
2690 1897 2760 1954 Si
2778 1896 3099 1953 ascendere
3131 1896 3190 1951 in
3224 1895 3456 1964 caelum,
3489 1900 3555 1950 tu
3586 1895 3657 1950 il-

2000 1989 2076 2044 lic
2101 2003 2158 2044 es
2178 2001 2199 2058 ,'
2225 1990 2280 2044 si
2307 1987 2661 2044 descendero
2683 1987 2746 2043 in
2777 1986 3105 2056 infernum,
3137 1985 3320 2057 ades;
3373 1985 3424 2040 si
3449 2000 3652 2054 sump-

1995 2092 2123 2134 sero
2145 2092 2381 2148 pennas
2404 2093 2564 2135 meas
2591 2076 2881 2149 diluculo,
2913 2083 2969 2151 et
2997 2073 3343 2133 habitavere
3373 2075 3435 2130 in
3458 2078 3654 2131 extre-

1994 2167 2102 2222 mis
2132 2167 2336 2228 maris,
2367 2169 2576 2222 etenim
2606 2166 2756 2221 illuc
2785 2179 2998 2221 manus
3030 2169 3136 2220 tua
3166 2163 3415 2220 deducet
3443 2177 3554 2231 me,
3592 2165 3646 2218 et

1996 2255 2213 2311 tenebit
2233 2271 2325 2311 me
2343 2255 2592 2312 dextera
2624 2259 2746 2310 tua.
2783 2254 2859 2309 Et
2880 2253 3030 2310 dixi.
3063 2253 3347 2308 Forsitan
3396 2251 3651 2308 tenebrx

1993 2345 2429 2401 conculcabunt
2460 2359 2570 2411 me,
2629 2348 2684 2400 et
2740 2359 2863 2399 nox
2918 2341 3285 2398 illuminatio
3310 2341 3375 2396 in
3420 2339 3648 2396 deliciis

1992 2434 2152 2489 meis.
2188 2433 2337 2500 Quia
2359 2433 2618 2489 tenebrx
2638 2448 2758 2488 non
2780 2431 3263 2488 obscurabuntur
3283 2445 3320 2487 a
3349 2437 3423 2498 te,
3453 2432 3508 2486 et
3527 2443 3650 2485 nox

1991 2524 2144 2579 sicut
2173 2523 2296 2579 dies
2325 2522 2778 2578 illuminabitur
2812 2538 2825 2576 :
2849 2522 3003 2578 sicut
3027 2520 3284 2578 tenebrae
3310 2521 3460 2590 ejus,
3491 2519 3577 2575 ita
3597 2520 3653 2574 et

1993 2613 2192 2669 lumen
2223 2615 2350 2682 ejus
2385 2614 2504 2679 (Ps.
2541 2627 2817 2678 cxxxvm,
2845 2617 2899 2678 7,
2931 2609 3040 2682 l2).
3093 2612 3221 2666 Non
3257 2624 3400 2678 ergo
3449 2624 3487 2664 a
3517 2623 3652 2664 con-

1999 2702 2191 2759 trario
2217 2701 2306 2774 (ut
2332 2700 2493 2758 fatue
2513 2700 2760 2774 desipis)
2777 2701 2932 2756 Deus
2953 2697 3149 2755 inesse
3170 2697 3386 2754 dicitur
3406 2695 3653 2770 ubique,

1992 2793 2136 2865 quia
2165 2807 2288 2848 non
2314 2806 2352 2848 a
2390 2791 2695 2848 contrario
2717 2789 2876 2847 dicta
2905 2793 3045 2845 sunt
3065 2805 3202 2862 quae
3225 2785 3649 2862 praemisimus,

1988 2880 2082 2937 vel
2110 2880 2188 2937 ab
2216 2880 2344 2952 ipso
2374 2879 2470 2936 vel
2498 2895 2534 2935 a
2562 2879 2868 2952 prophetis
2900 2877 3049 2950 ejus.
3081 2876 3374 2934 Veraciter
3388 2889 3652 2948 namque

3322 2964 3521 3020 Nolite
3541 2961 3653 3018 ini-

1991 3073 2104 3131 que
2133 3071 2328 3128 agere,
2361 3061 2416 3112 et
2441 3055 2921 3127 delinquentibus
2951 3069 2974 3110 .·
3000 3052 3204 3110 Nolite
3225 3052 3500 3110 exaltare
3522 3065 3651 3106 cor-

1992 3163 2074 3203 nu
2102 3159 2123 3216 ,'
2155 3147 2340 3202 nolite
2369 3145 2657 3201 extollere
2680 3145 2742 3199 in
2780 3144 2971 3199 altum
2994 3157 3182 3198 cornu
3215 3146 3473 3197 vestrum
3503 3151 3653 3212 ,‘no-

1992 3236 2095 3292 lite
2123 3235 2290 3307 loqui
2315 3234 2600 3291 adversus
2629 3234 2815 3289 Deum
2845 3231 3224 3302 iniquitatem
3257 3247 3269 3284 :
3294 3228 3437 3301 quia
3464 3240 3654 3300 neque

1990 3324 2065 3381 ab
2097 3324 2340 3391 oriente,
2369 3337 2556 3393 neque
2587 3323 2662 3378 ab
2701 3319 3021 3392 occidente,
3082 3333 3271 3391 neque
3321 3333 3360 3374 a
3408 3315 3655 3374 desertis

1991 3413 2288 3470 montibus
2345 3412 2470 3478 (Ps.
2494 3427 2679 3479 Lxmv,
2713 3415 2764 3478 5,
2798 3415 2851 3472 6,
2884 3416 2914 3465 7
2943 3412 3043 3481 ,8),
3101 3405 3462 3464 subauditur
3488 3409 3656 3476 patet

1994 3505 2090 3560 via
2115 3502 2397 3574 fugiendi
2426 3506 2482 3557 et
2511 3499 2752 3556 additur
2779 3514 2968 3571 quare
3003 3517 3016 3554 :
3049 3499 3334 3570 quoniam
3364 3495 3521 3553 Deus
3550 3495 3657 3566 ju-

1993 3592 2111 3649 dex
2131 3597 2235 3649 est.
2271 3594 2499 3664 Itaque,
2522 3605 2661 3645 cum
2692 3588 2902 3644 crebro
2930 3584 3268 3642 inveniatur
3309 3586 3496 3641 Deum
3553 3597 3660 3658 po-

1996 3679 2178 3738 tentia
2229 3677 2562 3750 majestatis
2617 3677 2841 3751 ubique
2888 3678 3267 3750 praesentem,
3336 3686 3658 3744 nunquam

1994 3773 2208 3842 praeter
2219 3767 2473 3824 domum
2492 3783 2666 3824 suam
2683 3765 2736 3822 ei
2750 3761 3167 3822 habitaculum
3177 3760 3487 3836 reperitur.
3510 3761 3663 3827 Qua-

1995 3857 2291 3928 mobrem,
2311 3855 2692 3912 sicutfalsum
2713 3858 2801 3910 est
2817 3851 2985 3926 quod
3001 3851 3170 3907 nisus
3185 3867 3248 3906 es
3267 3847 3568 3905 afﬁrmare
3585 3845 3660 3903 de

1996 3945 2313 4018 praesentia
2329 3949 2386 4000 et
2404 3943 2773 4001 habitatione
2799 3939 2918 4004 Dei,
2945 3940 3026 3996 ita
3048 3939 3173 3995 sine
3209 3937 3396 3994 dubio
3439 3936 3658 3993 falsum

1999 4039 2089 4092 est
2109 4033 2274 4109 quod
2295 4033 2554 4106 probare
2575 4030 2817 4087 molitus
2837 4045 2902 4086 es
2921 4027 2997 4086 de
3017 4025 3390 4102 praescientia
3411 4028 3467 4082 et
3513 4039 3662 4098 prae-

1997 4121 2395 4180 destinatione
2415 4137 2428 4177 :
2448 4119 2610 4178 unde
2628 4119 2850 4176 mirum
2866 4115 3040 4176 valde
3063 4121 3154 4176 est
3169 4114 3336 4192 quod
3356 4111 3527 4172 dicis.

2571 4261 2598 4304 Ι
2605 4259 2819 4303 OANNES
2861 4259 3086 4302 SCO’I‘US.

1922 4354 1966 4410 D
2075 4357 2242 4430 (Cap.
2282 4359 2368 4425 Π,
2397 4368 2568 4411 ιιιιιιι.
2593 4356 2646 4422 6,
2678 4356 2818 4410 sect.
2852 4355 2932 4422 3.)
2979 4356 3019 4405 Θ
3048 4351 3186 4408 Νοη
3215 4350 3545 4420 incongrue
3575 4352 3663 4404 ta-

2001 4461 2132 4504 men
2156 4445 2532 4503 xstimantur
2548 4457 2668 4501 esse
2693 4443 2757 4500 in
2779 4441 2872 4499 his
2900 4457 3032 4514 quae
3046 4440 3190 4498 vitio
3207 4445 3498 4496 creaturas
3527 4441 3663 4494 orta

1999 4542 2158 4604 sunt,
2193 4552 2328 4591 cum
2358 4549 2479 4590 non
2504 4534 2696 4589 solum
2722 4533 2914 4602 ipsam
2964 4534 3305 4587 creaturam
3362 4528 3665 4597 sapienter

2000 4625 2257 4690 ordinet,
2281 4624 2384 4680 sed
2411 4623 2590 4680 etiam
2618 4623 2826 4678 vitium
2859 4623 2988 4691 ejus
3011 4634 3152 4677 suas
3183 4619 3336 4689 leges
3379 4615 3664 4672 excedere

2001 4728 2124 4768 non
2147 4713 2331 4767 sinat.

2665 4811 2974 4855 CORRECTIO
2983 4837 2996 4852 .

2073 4928 2114 4997 1-
2143 4923 2460 4991 Quomodo
2491 4939 2615 4981 non
2643 4923 2974 4992 incongrue
3014 4918 3388 4977 aestimantur
3423 4933 3556 4976 esse
3599 4915 3664 4974 in

2000 5015 2120 5086 his,
2133 5014 2194 5070 id
2206 5018 2296 5070 est
2309 5013 2568 5088 peccatis
2583 5028 2720 5086 quae
2736 5009 2880 5068 vitio
2894 5014 3178 5067 creaturae
3193 5011 3324 5067 orta
3341 5012 3500 5078 sunt,
3524 5023 3665 5064 cum

1999 5107 2248 5180 peccata
2260 5103 2409 5160 nihil
2429 5103 2546 5161 sint
2564 5103 2593 5160 ?
2617 5099 3040 5176 autquomodo
3060 5099 3205 5158 vitio
3226 5102 3512 5158 creaturae
3534 5101 3666 5156 orta

2001 5195 2172 5265 dicis,
2195 5209 2336 5251 cum
2349 5192 2625 5267 superius
2645 5195 2982 5249 creaturam
2997 5205 3122 5248 non
3136 5205 3442 5264 peccasse,
3459 5203 3570 5245 nec
3591 5201 3666 5242 ex

2000 5289 2272 5342 creatura
2294 5285 2612 5356 peccatum
2628 5279 2945 5354 prodiisse,
2964 5276 3072 5336 sed
3092 5296 3166 5336 ex
3206 5277 3536 5345 voluntate,
3575 5272 3664 5329 lo-

2000 5373 2177 5446 quaci
2207 5371 2459 5429 falsitate
2478 5375 2837 5446 prosecutus
2856 5369 2938 5425 sis
2955 5369 2984 5425 τι
3006 5372 3168 5426 Patet
3191 5366 3371 5439 igitur
3391 5379 3515 5421 non
3535 5377 3666 5420 esse

1999 5477 2074 5519 ex
2088 5462 2335 5520 veritate
2355 5461 2524 5537 quod
2558 5461 2649 5518 ais
2672 5459 2850 5535 ;quia
2878 5459 3099 5518 veritas
3127 5472 3445 5532 nunquam
3474 5458 3562 5512 est
3586 5454 3665 5512 si-

2000 5551 2062 5608 bi
2082 5552 2197 5624 ipsi
2235 5551 2555 5621 contraria,
2594 5567 2912 5625 nunquam
2944 5565 3072 5606 sese
3110 5547 3247 5622 ipsa
3288 5545 3607 5620 impugnat
3646 5560 3661 5599 :

2003 5639 2170 5715 quod
2181 5642 2236 5698 te
2249 5639 2458 5700 fecisse
2474 5644 2532 5699 et
2546 5639 2742 5700 facere
2755 5640 2928 5698 toties
2953 5633 3484 5710 deprehendimus,
3501 5629 3666 5689 Chri-
