4128 6200
508 145 642 198 I287
1607 139 1661 194 S.
1704 137 1988 194 PUUDEN
2033 136 2080 193 II

2160 132 2489 193 RECENSIS
2529 134 2856 192 EPISCOPI.

3808 141 3943 194 1288

505 270 596 325 sto
621 266 898 340 propitio,
930 267 988 320 et
1012 263 1327 320 ostendere
1357 264 1552 337 parati
1578 279 1810 320 sumus.
1839 265 1972 320 lam
2020 277 2163 319 vero
2191 264 2238 318 A
2277 259 2432 321 Quid
2479 274 2623 330 ergo
2671 260 2894 317 mirum
2925 262 3016 316 est
3062 257 3113 314 si
3160 255 3425 312 hominis
3456 256 3752 329 animam,
3785 275 3943 332 quas

505 353 832 412 similitudo
854 352 1072 409 domus
1115 352 1484 426 amplissime
1542 351 2164 423 magniﬁcentissime-

502 459 621 518 que
649 443 956 516 dispositae
980 442 1299 515 cujuslibet
1318 443 1506 517 patris
1532 443 1861 500 multarum
1914 441 2165 499 familia-

500 549 637 589 rum
668 530 1001 588 ordinantis
1023 532 1085 588 in
1101 547 1173 588 ea
1197 531 1367 589 aliter
1381 531 1536 588 ﬁlios
1558 548 1724 604 suos,
1746 531 1917 588 aliter
1937 546 2161 601 servos,

502 621 670 678 aliter
699 636 899 684 sanos,
931 620 1100 677 aliter
1128 620 1335 694 inopia
1358 625 1446 690 (ut
1475 621 1587 693 ais)
1608 621 1906 678 malarum
1931 618 2161 692 cupidi-

500 712 715 779 tatum,
747 724 902 782 quas
934 708 1393 783 intemperantia
1422 726 1543 765 suae
1564 709 1832 766 libidinis
1855 710 2163 766 traxerunt

501 798 817 868 cruciatos,
840 798 1122 855 dentibus
1154 798 1820 870 stridentes,;vermibus
1847 801 2158 863 scatentes,

499 887 750 944 diversis
792 888 1072 961 perennis
1122 887 1370 944 tristitiaa
1428 887 1746 958 generibus
1793 887 2158 955 laborantes,

499 992 622 1050 qua
654 976 892 1032 conaris
918 982 1184 1034 astruere
1215 993 1338 1033 non
1368 993 1507 1033 eum
1537 981 1695 1033 recte
1725 974 2010 1032 aestimari
2051 973 2161 1029 du-

497 1066 808 1122 rissimum
840 1067 1180 1139 punitorem
1212 1066 1317 1139 qui
1340 1066 1623 1129 laudatur
1646 1064 2014 1138 justissimus
2063 1077 2159 1118 or-

497 1153 754 1224 dinator,
792 1156 1189 1212 nihilominus
1219 1155 1449 1212 veritati
1496 1154 1828 1227 judicantis
1886 1169 2011 1211 non
2064 1168 2162 1208 us-

497 1260 864 1318 quequaque
891 1250 1212 1319 repugnat,
1243 1245 1695 1319 nequejustitiaa
1721 1244 1879 1301 illius
1900 1244 2160 1315 rigorem

499 1334 844 1392 nullatenus
868 1336 1191 1407 encrvat,si
1207 1336 1285 1392 ad
1306 1335 1583 1392 intimum
1608 1335 1924 1392 cerebrum
1943 1334 2160 1391 veritas

497 1424 903 1497 exsculpatur.
938 1425 1091 1490 Quid
1122 1425 1283 1480 enim
1309 1425 1404 1480 ille
1436 1423 1838 1480 universitatis
1863 1422 2154 1491 conditor,

495 1512 807 1568 ordinator
838 1516 895 1568 et
914 1512 1124 1583 judex,
1154 1513 1219 1568 in
1244 1513 1360 1568 hac
1391 1512 1796 1568 universitatis
1826 1511 2157 1584 pulchritu-

494 1598 822 1655 dinealiud
847 1615 1025 1670 agere
1045 1603 1201 1656 recte
1231 1599 1468 1668 dicitur,
1486 1615 1676 1673 quam
1697 1598 1851 1655 ﬁlios
1880 1598 2157 1669 colligere
2189 1619 2229 1679 Β

493 1703 602 1761 per
622 1688 899 1757 gratiam,
925 1694 982 1744 et
1005 1689 1226 1762 impios
1244 1688 1341 1743 vel
1360 1688 1693 1745 deserendo
1712 1687 1809 1745 vel
1823 1687 2156 1760 judicando

493 1776 788 1833 damnare
818 1793 926 1849 per
948 1778 1246 1848 justitiam
1265 1781 1295 1833 ‘?
1321 1777 1608 1851 Nunquid
1638 1782 1695 1835 et
1721 1776 1819 1834 ille
1838 1793 2023 1850 quem
2052 1793 2158 1850 pa-

493 1869 644 1921 trem
661 1866 990 1922 multarum
1006 1867 1371 1924 familiarum
1386 1884 1496 1941 per
1515 1867 1970 1925 similitudinem
1991 1867 2156 1924 adhi-

491 1954 733 2026 bueras,
765 1971 887 2011 non
915 1960 1149 2028 poterat
1172 1956 1408 2012 miseris
1436 1957 1499 2013 in
1524 1958 1708 2014 domo
1735 1973 1845 2013 sua
1875 1956 2156 2013 constitu-

492 2043 564 2100 tis
589 2060 935 2101 succurrere
964 2045 1013 2101 si
1046 2045 1239 2115 vellet,
1272 2063 1498 2121 eosque
1530 2064 1567 2103 a
1592 2047 1833 2103 miseria
1852 2045 2105 2103 liberare
2125 2046 2154 2100 ?

493 2133 668 2198 Quod
697 2134 842 2206 quia
870 2135 1097 2191 minine
1126 2134 1283 2204 fecit,
1319 2137 1468 2209 quid
1496 2136 1661 2193 aliud
1693 2136 1952 2192 sensisse
1981 2134 2152 2191 intel-

489 2219 768 2290 ligendus
815 2228 922 2294 est,
956 2239 1145 2296 quam
1193 2240 1296 2280 eos
1326 2225 1524 2294 dignm
1570 2224 1824 2280 miserias
1854 2223 2148 2291 addictos,

491 2325 808 2382 nunquam
850 2310 1069 2367 debere
1120 2311 1279 2368 afﬁci
1310 2312 1595 2381 dignitate
1615 2313 1642 2367 ‘I
1667 2312 1773 2385 qui
1811 2327 1953 2381 ergo
1984 2326 2087 2367 eos
2115 2327 2151 2367 a

488 2397 731 2454 miseria
760 2398 970 2467 noluit,
997 2416 1137 2455 cum
1162 2401 1399 2473 poterit,
1421 2400 1694 2468 liberare,
1716 2399 2003 2456 nimirum
2020 2398 2148 2471 ipse

491 2502 593 2542 eos
623 2486 957 2559 damnavit,
988 2490 1093 2561 qui
1120 2506 1157 2545 a
1184 2489 1431 2546 miseria
1455 2505 1770 2562 nunquam
1801 2486 2148 2545 liberandos

484 2574 799 2647 judicavit.
836 2577 950 2635 Sed
980 2578 1127 2650 quid
1157 2594 1401 2635 necesse
1450 2584 1507 2635 et
1533 2595 1644 2634 nos
1675 2579 1736 2634 in
1779 2578 1873 2633 his
1897 2577 2145 2633 ulterius

486 2664 733 2733 hazrere,
751 2682 891 2723 cum
911 2668 1103 2722 Deum
1123 2668 1426 2723 vindicem
1448 2667 1822 2740 ultoremque
1842 2664 2145 2722 malorum

487 2755 783 2824 omnium,
815 2758 874 2811 et
896 2756 1050 2813 ratio
1075 2760 1134 2812 et
1159 2756 1503 2825 auctoritas,
1537 2772 1610 2812 ex
1633 2756 1726 2812 his
1766 2771 1902 2828 quae
1928 2770 2147 2828 praece-

486 2842 769 2900 dentibus
818 2844 1158 2901 actionibus
1203 2845 1456 2902 disserta
1500 2850 1557 2902 et
1594 2847 1954 2919 pertractata
1984 2847 2144 2912 sunt,

484 2931 712 2990 affatim
743 2934 1161 3007 persuaserit?
1187 2933 1351 3007 quia,
1376 2935 1527 2991 sicut
1544 2934 1758 2990 beatus
1778 2931 2145 3003 Augustinus

486 3022 589 3094 ait,
620 3024 787 3096 quod
836 3027 893 3080 et
936 3028 1000 3080 tu
1044 3023 1181 3080 licet
1209 3024 1272 3079 in
1303 3024 1670 3081 contrarium
1700 3021 1955 3096 posuisti
1986 3022 2141 3093 (cap.

489 3111 572 3179 l7,
602 3129 771 3169 num.
804 3119 860 3184 7,
892 3117 1034 3169 sect.
1066 3114 1140 3184 6).

552 3203 922 3273 Augustinus
954 3203 1063 3274 (De
1091 3216 1233 3259 vera
1261 3202 1588 3272 Religione,
1627 3215 1678 3255 c.
1706 3204 1854 3269 23.):
1888 3199 2140 3263 [Animae

481 3290 700 3347 vitium
730 3307 855 3347 non
883 3295 1101 3347 natura
1130 3291 1182 3360 ej
1194 3305 1286 3355 us,
1314 3289 1421 3344 sed
1449 3293 1657 3345 contra
1683 3293 1963 3346 naturam
2006 3289 2138 3360 ejus

481 3384 590 3450 est,
619 3379 888 3452 nihilque
944 3378 1109 3434 aliud
1156 3380 1245 3433 est
1290 3392 1479 3450 quam
1511 3381 1823 3449 peccatum
1870 3382 1927 3434 et
1956 3393 2140 3451 poena

479 3466 747 3540 peccati;
782 3467 943 3522 unde
968 3465 1314 3535 intelligitur
1343 3464 1573 3520 nullam
1609 3470 1910 3534 naturam,
1938 3465 2056 3533 vel,
2088 3467 2137 3522 si

478 3553 694 3611 melius
722 3553 804 3609 ita
835 3553 1070 3625 dicitur,
1092 3553 1322 3609 nullam
1348 3553 1750 3612 substantiam
1781 3557 1904 3611 sive
1935 3571 2137 3611 essen-

477 3642 623 3699 tiam
654 3641 886 3703 malum
936 3657 1064 3697 esse
1090 3660 1103 3711 ;
1134 3657 1331 3715 neque
1385 3642 1460 3698 de
1512 3643 1773 3715 peccatis
1815 3643 2135 3717 poenisque

478 3732 607 3804 ejus
633 3731 851 3789 animae
883 3730 1159 3800 efﬁcitur,
1190 3736 1256 3788 ut
1302 3731 1658 3789 universitas
1704 3732 1827 3789 ulla
1856 3732 2136 3789 deformi-

475 3825 595 3879 tate
642 3826 934 3896 turpetur,
966 3821 1110 3895 quia
1138 3821 1445 3879 rationalis
1494 3821 1847 3890 substantia,
1887 3839 2023 3895 quae
2055 3821 2134 3879 ab

473 3911 638 3970 omni
669 3915 920 3987 peccato
966 3911 1200 3968 munda
1229 3914 1344 3982 est,
1374 3911 1493 3968 Deo
1525 3911 1818 3984 subjecta,
1853 3910 2133 3983 subjectis

473 4000 588 4058 sibi
612 4000 838 4057 cmteris
865 3998 1231 4058 dominatur.
1262 4001 1346 4056 Ea
1375 4015 1517 4056 vero
1548 4016 1684 4073 quae
1732 4000 2017 4073 peccavit,
2050 3997 2133 4056 ibi

471 4088 752 4146 ordinata
779 4091 869 4145 est
896 4088 1002 4144 ubi
1030 4104 1159 4145 esse
1190 4087 1337 4145 tales
1368 4088 1540 4145 decet
1567 4093 1652 4160 ut,
1676 4092 1794 4145 Deo
1825 4088 2131 4144 conditore

471 4180 650 4249 atque
680 4179 906 4234 rectore
935 4176 1359 4248 universitatis,
1392 4176 1614 4233 decora
1644 4177 1761 4233 sint
1798 4177 2004 4233 omnia
2030 4195 2043 4245 ;
2076 4181 2132 4232 et

469 4269 562 4322 est
581 4262 974 4339 pulchritudo
1017 4266 1315 4322 universae
1345 4269 1654 4333 creaturae,
1676 4281 1785 4338 per
1834 4265 1967 4321 haec
2017 4266 2129 4322 tria

467 4355 894 4430 inculpabilis;
950 4354 1340 4413 damnatione
1387 4360 1796 4429 peccatorum,
1846 4355 2127 4412 exercita-

462 4445 627 4503 tione
652 4446 977 4519 justorum,
1006 4444 1369 4519 perfectione
1396 4443 1759 4515 beatorum.]

535 4538 578 4607 σι-
606 4535 751 4593 Vide
803 4534 952 4610 quid
1002 4534 1182 4606 dicat,
1227 4532 1395 4607 quod
1439 4532 1721 4607 quamvis
1763 4533 2125 4606 peccatrices

464 4626 684 4684 animae
713 4625 1066 4700 puniantur,
1099 4640 1309 4681 earum
1339 4627 1542 4681 tamen
1571 4622 1883 4697 punitione
1934 4623 2127 4681 nulla-

462 4719 638 4774 tenus
684 4715 1042 4774 universitas
1070 4713 1192 4770 ulla
1221 4712 1599 4771 deformitate
1648 4716 1918 4787 turpetur
1951 4733 1964 4770 :
1991 4713 2121 4770 nul-

460 4803 586 4861 lam
610 4805 839 4878 quippe
867 4802 1298 4878 turpitudinem
1324 4802 1555 4875 justitia
1573 4801 1807 4873 ingerit,
1831 4819 1967 4876 quae
1993 4803 2123 4877 pul-

460 4892 757 4950 cherrima
786 4910 919 4950 esse
962 4893 1353 4951 convincitur.
1387 4892 1595 4950 Omnis
1648 4892 1851 4966 itaque
1890 4896 1947 4950 et
1971 4893 2121 4950 ordo

460 4984 518 5038 et
539 4980 771 5053 justitia
800 4982 902 5039 Dei
943 4981 1199 5056 pulchra
1247 4985 1403 5039 sunt.
1436 4983 1521 5039 Ac
1546 4996 1655 5056 per
1698 4982 1837 5050 hoc,
1858 4981 2116 5038 ubicun-

456 5085 599 5145 que,
626 5073 683 5128 et
720 5070 782 5127 in
811 5070 1278 5146 quibuscunque
1326 5076 1484 5141 sunt,
1512 5086 1637 5128 non
1660 5068 2114 5144 turpitudinem,

456 5160 567 5219 sed
589 5159 1427 5236 pulchritudinem'ingerunt.
1462 5159 1627 5218 Unde
1651 5163 1707 5216 et
1725 5158 1887 5214 idem
1907 5157 2118 5217 doctor

453 5249 518 5307 in
547 5249 763 5308 eodem
789 5248 944 5308 libro
974 5250 1049 5324 (c.
1083 5250 1193 5324 41).

524 5339 805 5410 [Defectu,
837 5339 1051 5413 inquit,
1075 5355 1186 5396 suo
1224 5339 1286 5397 in
1316 5336 1792 5412 pulchritudines
1825 5336 2110 5410 corrupti-

448 5425 623 5497 biles,
650 5427 714 5485 id
742 5432 831 5487 est
856 5442 1178 5502 poenarum
1204 5426 1479 5484 ordinem
1518 5423 1965 5498 praecipitatur;
1998 5441 2109 5483 nec

2274 348 2623 421 ubicunque
2652 348 2744 417 sit,
2773 352 2830 404 et
2871 347 3318 421 qualiscunque
3349 342 3441 414 sit,
3473 345 3642 401 omni
3690 363 3945 421 corpore

2273 441 2361 492 est
2390 435 2621 505 melior,
2652 436 2852 493 dicam
2898 435 3148 510 pulchre
3196 432 3483 501 ordinari,
3516 438 3573 490 et
3615 433 3692 490 de
3745 438 3943 508 pcenis

2273 525 2402 598 ejus
2448 524 2596 582 alias
2644 524 3122 598 pulchritudines
3173 523 3322 594 ﬁeri,
3356 537 3494 577 cum
3546 522 3631 578 ibi
3677 539 3809 581 non
3849 526 3944 591 sit,

2271 613 2521 687 quando
2552 613 2775 671 misera
2802 618 2915 684 est,
2947 613 3054 671 ubi
3083 627 3213 669 esse
3241 611 3452 668 beatos
3480 610 3673 676 decet,
3707 612 3824 669 sed
3864 614 3942 671 ibi

2272 702 2347 758 sit
2376 703 2482 759 ubi
2511 718 2644 759 esse
2674 702 2926 759 miseros
2959 701 3177 773 decet.)

2340 793 2383 861 -ι-
2412 792 2662 848 Attende
2693 791 2860 864 quod
2885 791 3155 863 animam
3197 788 3590 861 peccatricem
3638 791 3700 846 in
3736 807 3942 865 poena.

2268 896 2405 936 rum
2454 880 2730 937 ordinem
2776 879 3137 953 praecipitari
3176 878 3409 946 dixerit,
3458 883 3516 934 et
3543 879 3630 935 ibi
3660 896 3794 937 esse
3837 881 3942 938 ubi

2269 968 2451 1025 talem
2483 984 2612 1024 esse
2642 968 2874 1037 deceat,
2892 968 3105 1043 procul
3130 966 3317 1023 dubio
3347 967 3409 1021 in
3438 966 3570 1023 loco
3592 984 3939 1040 poenarum,

2268 1057 2331 1113 id
2361 1061 2451 1114 est
2472 1062 2713 1115 tartaro.
2744 1058 2873 1115 Noli
2902 1074 3047 1130 ergo
3081 1057 3317 1113 dicere:
3349 1058 3544 1114 Nulla
3580 1060 3941 1117 universita-

2271 1145 2346 1201 tis
2374 1152 2550 1215 parte
2569 1146 2826 1216 punitur
2849 1147 3089 1217 impius,
3112 1145 3217 1201 sed
3234 1159 3346 1201 sua
3359 1146 3613 1215 propria
3632 1146 3943 1215 impietate

2270 1235 2334 1290 in
2362 1235 2571 1304 seipse,
2604 1240 2671 1290 ut
2692 1235 3007 1306 prmdictte
3035 1239 3380 1290 sanctorum
3407 1233 3661 1290 Patrum
3680 1241 3939 1291 senten-

2272 1324 2368 1379 tiae
2399 1324 2748 1394 testantur,]
2776 1323 2923 1397 quia
2953 1323 3238 1379 veraciter
3267 1321 3703 1379 animadversas
3748 1327 3941 1396 atque

2270 1410 2564 1468 discussae
2593 1412 2709 1468 hoc
2750 1412 2948 1468 dicere
2996 1410 3471 1484 comprobantur
3513 1410 3683 1484 quod
3709 1414 3939 1469 veritas

2267 1500 2468 1570 habet,
2504 1517 2628 1558 non
2659 1500 2829 1574 quod
2874 1500 3102 1558 falsitas
3155 1500 3417 1557 adhibet.
3452 1502 3745 1571 Legerant
3771 1501 3940 1558 enim

2268 1588 2343 1646 de
2375 1590 2629 1647 Domino
2660 1590 2889 1647 dictum
2923 1607 2936 1646 :
2965 1592 3133 1662 Ignis
3159 1592 3223 1646 in
3250 1595 3564 1660 conspectu
3590 1592 3722 1659 ejus
3754 1606 3937 1647 exar-

2266 1678 2479 1748 descet,
2511 1684 2566 1734 et
2614 1679 3014 1748 inﬂammabit
3071 1680 3131 1735 in
3174 1679 3433 1735 circuitu
3482 1678 3761 1735 inimicos
3810 1682 3934 1749 ejus

2265 1766 2385 1839 (Ps.
2419 1783 2563 1837 XLIX,
2596 1769 2671 1839 3).
2707 1770 2775 1824 Et
2820 1784 3064 1824 rursum
3111 1768 3345 1823 dicente
3388 1767 3521 1840 ipso
3555 1785 3569 1822 :
3602 1768 3778 1838 Ignis
3802 1784 3931 1825 suc-

2265 1874 2473 1915 census
2500 1866 2582 1915 est
2614 1860 2680 1915 in
2706 1860 2922 1929 furore
2948 1876 3076 1916 meo
3100 1875 3120 1914 .·
3152 1865 3206 1916 et
3234 1859 3468 1916 ardebit
3497 1875 3690 1931 usque
3735 1860 3823 1916 ad
3848 1862 3933 1915 in-

2259 1948 2428 2018 ferni
2445 1948 2788 2017 novissima,
2818 1949 3244 2021 devorabitque
3273 1954 3495 2005 terram
3537 1964 3678 2004 cum
3717 1951 3932 2021 germi-

2262 2053 2339 2094 ne
2367 2054 2495 2109 suo,
2526 2045 2582 2096 et
2626 2040 2916 2096 montium
2945 2040 3349 2110 fundamenta
3404 2039 3737 2096 comburet.
3784 2041 3930 2097 Con-

2259 2129 2520 2199 gregabo
2549 2144 2731 2200 super
2752 2145 2847 2187 eos
2866 2132 3055 2201 mala,
3079 2136 3135 2187 et
3157 2131 3409 2201 sagittas
3437 2145 3600 2187 meas
3623 2131 3927 2201 complebo

2259 2217 2323 2273 in
2354 2219 2433 2274 eis
2463 2218 2651 2290 (Deut.
2682 2235 2847 2286 χχχιι,
2896 2223 2989 2288 22,
3022 2219 3114 2290 23)
3142 2235 3154 2273 :
3192 2223 3334 2275 Item
3364 2235 3377 2273 :
3409 2219 3645 2275 Levabo
3695 2220 3784 2276 ad
3827 2236 3928 2277 ca-

2262 2307 2385 2362 lum
2414 2322 2659 2364 manum
2705 2323 2915 2377 meam,
2950 2314 3005 2365 et
3033 2309 3271 2364 dicam:
3306 2308 3448 2365 Vivo
3509 2323 3616 2379 ego
3666 2326 3731 2365 in
3762 2316 3929 2367 ater-

2257 2412 2401 2452 num
2421 2409 2447 2469 ,°
2485 2398 2539 2453 si
2583 2412 2821 2466 acuero,
2873 2403 2940 2454 ut
2975 2398 3216 2468 fulgur,
3269 2397 3544 2468 gladium
3589 2415 3814 2471 meum,
3869 2406 3925 2456 et

2257 2486 2590 2555 arripuerit
2609 2486 2912 2556 judicium
2939 2501 3156 2542 manus
3177 2501 3326 2553 mea,
3350 2487 3598 2543 reddam
3628 2488 3923 2553 ultionem

2257 2574 2521 2631 hostibus
2560 2577 2726 2648 meis,
2769 2581 2826 2632 et
2858 2576 2949 2632 his
3001 2578 3108 2647 qui
3134 2576 3387 2633 oderunt
3429 2592 3523 2634 me
3562 2576 3918 2634 retribuam.

2254 2664 2570 2720 Inebriabo
2591 2666 2844 2736 sagittas
2873 2679 3035 2722 meas
3064 2666 3382 2739 sanguine,
3405 2672 3457 2723 et
3486 2665 3723 2737 gladius
3747 2681 3922 2723 meus

2254 2752 2563 2808 devorabit
2584 2768 2797 2811 carnes
2820 2753 2995 2826 (Ibid.
3023 2757 3114 2822 40,
3146 2756 3238 2823 41,
3268 2753 3381 2826 42).

2326 2842 2555 2897 Interea
2580 2842 2712 2914 [al.,
2740 2841 3081 2918 intermitte]
3111 2858 3340 2916 quasso,
3368 2842 3760 2900 acrimoniam
3791 2848 3927 2901 tuae

2253 2930 2649 2987 vivacissimae
2701 2931 3150 3004 disputationis,
3196 2937 3261 2989 ut
3297 2932 3555 3003 digneris
3596 2932 3921 2990 advertam

2251 3019 2400 3093 quid
2429 3035 2504 3076 ex
2532 3019 2734 3076 verbis
2787 3020 2937 3076 tanti
2982 3021 3168 3078 Patris
3209 3022 3500 3095 posueris.
3533 3024 3615 3079 Ea
3640 3038 3812 3091 vero,
3840 3023 3922 3079 in-

2250 3107 2531 3181 quientis,
2575 3124 2712 3182 quae
2755 3110 3043 3182 peccavit,
3075 3110 3162 3167 ibi
3192 3110 3467 3168 ordinata
3493 3114 3584 3168 est
3630 3110 3743 3167 ubi
3791 3128 3915 3168 esse

2249 3196 2396 3254 tales
2426 3198 2613 3254 decet.
2640 3200 2766 3254 Duo
2795 3198 2893 3255 hic
2925 3199 3031 3271 (De
3055 3214 3199 3257 vera
3227 3201 3421 3272 relig.,
3446 3216 3498 3256 c.
3524 3204 3618 3268 23)
3640 3199 3756 3257 tibi
3774 3216 3914 3258 con-

2248 3287 2431 3343 traria
2483 3286 2706 3360 posuit.
2759 3287 3168 3346 Substantiam
3218 3289 3586 3363 peccavisse,
3626 3290 3806 3363 quod
3854 3297 3912 3346 tu

2246 3391 2472 3446 negas;
2505 3379 2562 3432 et
2609 3375 2693 3432 ibi
2721 3381 3072 3449 peccantem
3116 3377 3515 3436 substantiam
3563 3378 3911 3436 ordinatam

2246 3481 2376 3521 esse
2418 3465 2526 3522 ubi
2576 3481 2705 3523 esse
2753 3466 2902 3523 tales
2957 3466 3148 3525 decet.
3178 3471 3501 3542 Nunquam
3549 3469 3721 3525 enim
3764 3468 3910 3543 quid

2246 3553 2477 3626 absque
2505 3554 3036 3627 praedestinatione
3066 3555 3396 3620 ordinatur,
3427 3572 3628 3630 neque
3679 3556 3910 3630 absque

2244 3643 2454 3700 ordine
2484 3643 2713 3718 aliquid
2737 3644 3201 3718 praedestinatur
3229 3662 3242 3701 :
3275 3645 3577 3718 quidquid
3605 3646 3815 3720 itaque
3837 3645 3907 3702 de

2241 3732 2772 3805 praedestinatione
2806 3733 3041 3802 dicitur,
3073 3737 3267 3791 totum
3307 3733 3475 3792 haud
3521 3734 3698 3791 aliter
3723 3750 3908 3809 quam

2242 3820 2317 3877 de
2348 3820 2724 3878 ordinatione
2754 3821 3063 3879 verissime
3082 3821 3466 3897 praedicatur,
3492 3822 3725 3880 dicente
3743 3828 3909 3896 Apo-

2243 3909 2394 3967 stolo
2420 3927 2433 3965 :
2459 3911 2599 3979 Qum
2627 3918 2823 3969 autem
2854 3917 2994 3968 sunt
3024 3927 3063 3969 a
3093 3913 3213 3969 Deo
3243 3912 3529 3970 ordinata
3553 3918 3692 3969 sunt
3718 3912 3903 3984 (Rom.

2241 4015 2360 4056 xm.
2397 4003 2471 4070 1),
2504 4016 2574 4056 ac
2604 4000 2654 4056 si
2682 3999 2814 4056 aliis
2844 3999 3046 4057 verbis
3071 4000 3293 4057 diceret
3325 4018 3339 4055 :
3372 4016 3410 4058 a
3439 4003 3562 4058 Deo
3606 4001 3903 4058 destinata

2241 4093 2421 4164 atque
2451 4085 2754 4164 disposita
2780 4094 2938 4158 sunt,
2971 4106 3043 4148 ea
3067 4090 3362 4147 duntaxat
3402 4090 3769 4148 discretione
3792 4106 3904 4147 ser-

2237 4184 2402 4249 vata,
2433 4195 2620 4252 quam
2652 4195 2837 4253 supra
2864 4196 2902 4237 a
2929 4179 3131 4237 verbis
3187 4180 3503 4252 Augustini
3559 4182 3899 4255 posuimus,

2239 4272 2306 4325 ut
2352 4267 2651 4325 ordinatio
2699 4268 2890 4342 ipsius
2932 4269 3021 4327 rei
3067 4268 3332 4340 effectus,
3386 4269 3713 4329 destinatio
3761 4284 3900 4327 vero

2237 4357 2403 4432 prior
2429 4356 2586 4413 illius
2616 4358 2679 4413 in
2709 4358 2976 4415 consiliis
2998 4358 3313 4432 dispositio
3338 4358 3664 4431 habeatur,
3683 4374 3901 4434 praeor-

2237 4439 2475 4504 dinatio'
2497 4451 2698 4505 autem
2723 4446 2878 4504 nihil
2922 4447 3089 4506 aliud
3134 4464 3321 4522 quam
3348 4448 3801 4522 praedestinatio
3823 4453 3901 4506 te-

2235 4541 2467 4595 neatur.
2501 4540 2899 4611 Nequaquam
2929 4537 3112 4609 igitur
3137 4537 3736 4612 praedestinationem
3788 4539 3899 4595 im-

2233 4626 2473 4700 piorum
2503 4625 2790 4698 deneges,
2816 4642 2971 4701 quos
2995 4625 3082 4684 ibi
3101 4626 3436 4695 ordinatos,
3463 4627 3527 4684 id
3555 4632 3642 4685 est
3660 4627 3898 4700 positos

2235 4730 2305 4773 ac
2329 4715 2557 4773 locatos
2576 4715 2726 4788 legis
2756 4716 2976 4790 (neque
2994 4714 3340 4773 nullatenus
3369 4716 3609 4789 abnuis)
3631 4714 3739 4771 ubi
3763 4730 3897 4773 esse

2232 4804 2490 4862 miseros
2539 4804 2728 4875 decet,
2760 4804 2866 4861 ubi
2907 4803 3254 4862 nullatenus
3310 4805 3762 4877 ordinarentur,
3786 4804 3899 4862 nisi

2230 4893 2554 4951 ordinandi
2583 4894 2994 4967 praedestinati
3025 4893 3300 4952 fuissent.
3328 4895 3430 4952 His
3456 4894 3757 4952 omnibus
3782 4894 3897 4952 col-

2227 4978 2432 5051 ligitur
2458 4982 2858 5041 vanissimam
2883 4998 3018 5041 esse
3047 4982 3520 5057 disputationem
3549 4988 3751 5053 tuam,
3782 4998 3897 5059 qua

2226 5069 2431 5125 niteris
2459 5071 2773 5129 ostendere
2822 5071 3056 5130 nullam
3081 5087 3330 5146 poenam
3359 5071 3565 5146 impiis
3621 5072 3891 5145 irrogari,

2227 5157 2344 5216 nisi
2408 5160 2670 5234 propriae
2742 5161 3070 5237 impietatis
3143 5161 3596 5221 conscientiam.
3680 5165 3893 5222 Conse-

2224 5246 2427 5323 queris
2460 5266 2473 5305 :

2802 5357 3041 5399 JOANNES
3081 5357 3307 5400 SCOTUS.

2294 5429 2464 5504 (Cap.
2486 5433 2754 5495 t7,num.
2783 5434 2839 5503 8,
2862 5434 3002 5488 sect.
3024 5431 3098 5504 7).
3123 5436 3163 5487 Θ
3188 5433 3259 5489 Ut
3273 5430 3426 5489 enim
3444 5431 3749 5490 Deusnon
3770 5433 3884 5488 ideo

447 5516 739 5574 miremur
752 5517 921 5590 quod
949 5516 1147 5574 adhuc
1163 5513 1637 5589 pulchritudines
1668 5512 1938 5586 nomino,
1957 5515 2106 5573 nihil
2217 5517 2365 5588 fecit
2382 5520 2565 5577 solem
2591 5526 2657 5576 ut
2684 5521 2814 5592 ejus
2854 5521 3046 5579 radiis
3070 5521 3348 5578 ordinate
3381 5536 3515 5580 eum
3544 5523 3883 5594 aspicienti:

448 5604 611 5664 enim
638 5609 728 5665 est
755 5604 1101 5664 ordinatum
1129 5602 1299 5677 quod
1342 5617 1466 5662 non
1497 5602 1572 5662 sit
1613 5600 1954 5677 pulchrum,
1986 5609 2099 5664 etc.

2220 5608 2533 5668 oculorum
2547 5609 2707 5668 visus
2722 5610 3342 5683 refringatur,eosgue
3352 5611 3416 5668 in
3432 5611 3696 5669 tenebris
3705 5625 3872 5681 νερει-
