2080 3093
132 78 200 105 1289

602 75 646 102 DE
666 70 998 102 PREDESTINATIONE
1017 71 1154 99 CONTRA
1173 71 1199 101 J.
1219 72 1373 102 SCOTUM.

1776 77 1845 106 1290

130 139 224 167 cutiat
241 136 332 172 {quod
344 137 482 171 profecto
493 143 552 163 non
565 136 693 170 ipse,sed
705 137 770 171 ipsa
785 136 960 164 inordinata
974 134 999 161 Α
1018 133 1254 170 combureretur,
1270 135 1323 163 sed
1338 135 1495 171 iniquitate
1512 143 1569 163 sua
1592 137 1790 172 torqueretur.
1818 139 1847 168 Si

130 183 202 211 visio
214 181 332 217 efﬁcit),
346 188 442 216 neque
457 183 490 208 ut
502 181 664 215 patientem
676 182 831 209 oculorum
845 179 962 216 gravis-

127 228 236 255 simam
251 226 419 261 passionem
431 227 589 260 torqueat;
598 233 664 253 cum
678 226 727 253 illi
741 226 772 253 in
784 233 839 254 sua
850 225 962 260 passio-

128 280 167 301 ne
181 272 260 300 nihil
275 273 394 300 tantum
410 272 514 298 noceat
525 273 671 306 quantum
687 271 829 306 splendor
843 270 960 302 solaris,

130 318 201 345 dum
217 317 283 351 ipsa
305 316 443 350 passione
467 323 527 343 non
549 316 734 343 extrinsecus
759 318 901 343 naturam
915 322 961 343 re—

131 370 199 390 rum
215 361 383 395 contingat,
399 359 451 387 sed
465 360 645 387 intrinsecus
671 360 774 396 aliqua
796 359 962 394 corporalis

131 404 271 433 sanitatis
287 404 482 438 corruptione
492 403 639 432 dolentem
654 406 810 440 torqueat:
822 404 864 431 sic
878 403 963 431 nimi-

131 457 199 477 rum
214 449 293 484 ignis
303 449 358 476 ille
370 451 509 483 aeternus,
520 447 571 484 qui
582 451 768 484 prmparatus
782 450 826 475 est
840 446 962 475 diabolo

132 496 161 522 et
184 493 300 528 angelis
316 493 381 528 ejus
398 493 517 527 (Matth.
533 500 603 523 xxv,
620 494 674 528 41),
698 494 783 520 nullo
811 492 897 520 modo
923 491 963 519 ad

133 539 188 567 hoc
204 541 333 566 creatus.
344 538 516 565 Praesertim
532 537 558 564 si
570 541 711 573 quartum
722 538 828 565 mundi
839 538 963 565 elemen-

132 586 195 610 tum
209 583 256 615 sit,
272 582 459 617 probabilius
474 581 608 609 creditur
623 582 663 610 ad
672 582 876 610 universitatis
891 581 963 609 inte-

131 628 282 663 gritatem,
300 634 389 663 quam
404 627 482 654 Deus
499 626 674 661 faciendam
695 627 836 661 praevidit
860 625 962 654 condi-

133 675 191 705 tus,
208 679 298 707 quam
313 671 353 699 ad
367 671 514 699 urendum
536 674 715 705 apostatam,
733 672 783 700 cui
791 679 847 700 sua
861 678 962 706 super-

134 717 183 744 ὀίω
197 717 355 751 suffecerat
371 716 413 744 ad
427 718 618 744 tormentum.

465 777 625 797 CORRECTIO.

1017 179 1098 206 enim
1113 187 1183 208 cum
1196 181 1324 209 aathereo
1339 188 1464 217 corpore
1480 181 1622 217 peccavit,
1637 182 1761 218 quando
1776 191 1847 212 eon-

1018 224 1063 250 tra
1083 224 1243 252 Auctorem
1266 224 1384 259 tumuit,
1401 224 1476 261 quid
1500 232 1598 253 causae
1620 224 1731 261 fuitut,
1747 233 1783 255 eo
1796 235 1847 256 su-

1017 267 1109 302 blato,
1124 268 1149 296 ei
1172 268 1254 297 aliud
1278 269 1439 297 adderetur
1454 269 1486 297 in
1500 277 1563 306 quo
1579 270 1710 306 torqueri
1723 273 1848 308 posset?

1017 312 1091 340 Cum
1104 313 1211 341 rationi
1226 315 1316 350 atque
1329 314 1450 350 justitiaa
1472 314 1546 342 illud
1561 314 1663 351 potius
1678 323 1847 351 congruere

1016 357 1154 385 videatur
1167 361 1199 386 ut
1214 358 1244 386 in
1259 367 1320 395 quo
1335 361 1513 396 peccaverat
1523 359 1554 387 in
1565 360 1633 396 ipso
1647 361 1846 391 cruciaretur:

1017 403 1045 430 et
1060 409 1121 430 non
1136 403 1217 430 aliud
1240 404 1266 432 ei
1289 404 1329 432 ad
1344 406 1527 433 tormentum
1547 405 1747 441 copularetur,
1763 407 1848 444 quod

1016 453 1210 482 nequaquam
1233 447 1299 483 ejus
1320 448 1485 485 iniquitatis
1498 449 1647 485 particeps
1663 449 1781 478 fuerat?
1795 452 1849 479 Ex-

1017 498 1085 526 pers
1100 490 1202 528 itaque
1217 492 1282 527 ejus
1307 493 1467 529 impietatis
1487 502 1596 530 corpus
1620 502 1683 531 qua
1695 495 1809 531 justitia
1820 495 1848 524 ei

1018 535 1057 563 ad
1082 536 1270 572 puniendum
1294 537 1432 566 additum
1454 538 1543 566 fuerit
1566 547 1627 567 non
1641 539 1748 574 video;
1766 548 1846 577 cum,

1018 578 1095 607 sicut
1106 579 1190 614 dicis,
1198 580 1263 616 jam
1276 581 1401 610 haberet
1411 590 1447 609 ex
1460 582 1527 618 ipsa
1539 582 1586 610 sui
1597 583 1767 612 conditione
1778 592 1848 612 cum

1017 631 1078 659 quo
1090 626 1118 652 et
1132 624 1162 652 in
1178 633 1240 660 quo
1256 626 1429 661 superbisse
1445 627 1595 655 credatur.
1613 628 1684 660 Quae
1711 637 1759 656 res
1773 637 1848 665 quo-

1017 667 1099 696 niam
1123 668 1346 698 abstrusissima
1368 673 1397 699 et
1421 671 1684 708 scrupulosissima
1706 675 1795 709 atque
1809 673 1849 701 ad

1017 712 1236 741 absolvendum
1250 714 1426 743 difﬁcillima
1447 715 1521 743 mihi
1537 716 1664 751 videtur,
1679 717 1719 745 ad
1742 720 1849 746 caetera

1018 756 1047 784 in
1064 756 1188 784 nomine
1202 760 1230 785 et
1252 758 1402 793 adjutorio
1425 760 1542 787 Domini
1567 763 1765 789 transeamus.
1790 763 1848 790 Nec

169 818 186 852 1-
199 818 477 854 Quomodocunque
502 827 533 846 se
554 818 666 846 habeat
686 818 854 846 combustio
882 818 960 853 ignis

1021 801 1260 837 prietereundum
1278 802 1361 838 quod
1374 811 1485 840 corpus
1501 804 1633 832 hominis
1648 805 1685 832 de
1698 808 1776 833 terra
1791 806 1849 834 fae-

134 863 235 891 aeterni
247 871 316 897 erga
325 862 481 890 diabolum
491 865 519 891 et
530 863 653 897 angelos
665 863 728 898 ejus
736 863 788 899 qui
800 863 901 899 utique
910 871 962 890 na-

135 910 202 936 tura
218 908 337 943 spiritus
353 916 371 935 a
388 909 445 935 Deo
461 910 530 935 sunt
546 907 668 942 conditi,
686 907 829 943 quoniam
853 907 961 942 apertis

133 952 251 987 judiciis
277 953 433 987 Scriptum;
460 959 548 979 sacrm
576 952 603 979 id
627 952 748 979 minimi-
766 952 903 985 lillfilllllt,
921 952 961 979 eis

137 998 460 1032 tutumj)r:n;,v‘11';.tturii,
473 998 499 1023 et
511 997 539 1023 in
553 1004 586 1023 eo
601 996 765 1032 torquenti-Iv
777 1006 781 1021 ς
795 1000 883 1031 atque
895 1004 959 1023 rru—

140 1041 259 1068 ziamlns
272 1040 428 1067 manifeste
443 1040 605 1071 <lcelurunt,
617 1041 644 1067 in
662 1049 750 1076 quem
765 1049 814 1066 eo:
831 1049 906 1076 prm-
923 1040 962 1076 pi-

139 1085 245 1111 tantlos
260 1085 314 1112 sui:
330 1084 450 1112 nomine
467 1086 570 1120 capitis
586 1093 690 1112 mrum
704 1087 708 1111 ξ
720 1086 843 1111 ominare
858 1085 893 1110 τςῖ
906 1084 961 1112 Jul)

139 1132 270 1163 tehi‘ttltt‘,
286 1130 327 1156 (li-
345 1138 402 1156 -n:.:
419 1131 455 1157 Et
473 1130 638 1157 ridentibus
664 1131 776 1157 cunctis
790 1130 961 1164 pros-ipim-

139 1175 220 1202 bitur
233 1175 299 1210 (Job
313 1183 358 1206 XL.
370 1175 415 1210 28)
433 1184 438 1202 :
455 1183 516 1203 non
533 1177 634 1203 tamen
656 1175 832 1208 ignoramus
854 1173 961 1201 identi-

137 1219 207 1247 dem
235 1219 391 1255 quondam
408 1219 518 1247 dixisse
535 1220 702 1255 Origenem,
719 1221 747 1247 et
762 1227 830 1247 eum
841 1226 896 1255 pro
916 1218 963 1246 his

136 1272 207 1291 cum
219 1264 332 1291 caeteris
349 1272 471 1292 suarum
485 1264 641 1292 hiereseon
657 1263 883 1291 damnabilibus
895 1271 962 1291 sen-

137 1308 176 1336 sis
191 1308 282 1337 fuisse
297 1308 457 1344 dejectum.
473 1310 684 1337 Verumtamen
699 1308 782 1344 quod
798 1307 938 1344 adjungis
955 1315 961 1334 :

419 1370 541 1390 .IOANNES
563 1370 675 1390 SCOTUS.

172 1415 251 1450 (Cap.
267 1417 308 1449 t7,
323 1423 406 1443 num.
425 1418 451 1448 9,
468 1417 539 1443 sect.
554 1418 592 1451 7.)
609 1418 628 1442 Θ
643 1415 733 1448 Huic,
749 1413 900 1450 inquiens,
914 1421 963 1441 ra-

137 1459 211 1486 tioni
231 1459 355 1487 additur
373 1460 462 1495 quod,
474 1467 541 1486 cum
557 1460 588 1486 in
608 1459 736 1487 wtlzereo
755 1465 880 1492 corpore
896 1457 963 1492 pri-

137 1511 216 1530 mum
229 1511 247 1530 (ι
255 1506 311 1530 Deo
322 1506 440 1531 creatus
450 1504 498 1537 sit,
508 1511 539 1530 in
551 1510 607 1538 quo
620 1502 698 1530 nihil
708 1504 774 1536 pati
783 1503 891 1536 potuit,
901 1509 964 1529 cor-

133 1556 191 1582 pus
206 1549 268 1583 ejus
286 1549 456 1579 ac'lhereum,
464 1551 624 1584 postquam
635 1547 774 1581 superbia
782 1547 934 1580 intumuit,
945 1554 963 1574 a

135 1593 272 1626 supernis
295 1593 413 1620 sedibus
428 1592 564 1620 videlicet
577 1591 711 1619 zthereis
725 1591 756 1618 in
772 1591 853 1618 hunc
866 1598 964 1618 aerem

136 1636 315 1664 liumiditate
331 1644 475 1667 crassum,
490 1636 619 1670 caligine
635 1635 830 1668 tenebrosum,
845 1637 964 1669 pertur-

137 1681 306 1708 bationibus
319 1680 490 1715 passibilem
504 1680 642 1707 detrusus
656 1682 708 1713 est,
724 1683 756 1707 ut
777 1680 803 1707 ei
815 1680 884 1707 inde
899 1687 964 1707 cor-

130 1733 191 1760 pus
206 1725 320 1752 meritis
331 1725 392 1752 suis
403 1725 584 1759 condignum
600 1724 663 1759 ipso
678 1725 797 1752 nolente
812 1724 965 1758 copulare-

137 1774 198 1802 tur,
209 1777 246 1797 ac
258 1777 315 1804 per
329 1769 385 1797 hoc
397 1769 429 1797 in
442 1776 474 1797 eo
489 1769 649 1805 iniquitate
658 1776 713 1797 sua
729 1771 927 1804 torqueretur.

468 1830 630 1851 CORRECTIO.

172 1873 191 1906 -ζ-
206 1873 278 1899 Tum
295 1873 364 1899 sunt
378 1871 415 1899 ad
432 1871 646 1907 explicandum
666 1870 809 1904 difﬁcilia,
824 1873 856 1899 ut
884 1870 964 1899 unde

136 1916 258 1953 probari
282 1916 402 1944 valeant
423 1916 545 1944 minime
560 1916 735 1952 reperiatur.
752 1915 838 1944 Nulla
852 1916 965 1952 quippe

136 1962 380 1997 propheticarum
396 1961 690 1997 apostolicarumque
705 1961 868 1989 litterarum
879 1961 965 1996 pagi-

135 2013 177 2034 na
201 2013 310 2041 corpus
333 2005 379 2033 vel
400 2005 561 2033 asthereum
586 2005 634 2033 vel
646 2013 766 2033 aereum
783 2004 822 2032 ab
840 2006 966 2032 Auctore

135 2052 270 2078 creatum
294 2050 392 2085 refert,
417 2050 470 2078 sed
491 2052 608 2078 tantum
633 2050 771 2086 spiritum
794 2048 967 2085 simpliciter

136 2095 260 2129 factum,
276 2097 344 2131 post
368 2094 589 2131 superbissima:
609 2093 769 2130 impietatis
794 2093 933 2130 typhum,
949 2102 967 2122 a

136 2139 307 2167 caelestibus
321 2139 542 2175 proturbatum,
551 2139 638 2175 juxta
651 2138 746 2167 beatri
757 2137 834 2166 Petri
848 2140 967 2175 aposto-

134 2184 156 2212 li
173 2184 349 2212 sententiam
363 2193 370 2212 :
387 2186 419 2212 In
434 2191 552 2212 carcere
566 2184 657 2220 hujus
672 2184 748 2212 aeris
764 2185 894 2218 trusum,
916 2182 966 2212 illo

136 2228 202 2263 igni
214 2229 244 2256 in
258 2229 306 2257 die
318 2229 422 2265 judicii
438 2229 647 2264 cruciandum,
664 2236 734 2257 cum
747 2228 889 2256 omnibus
906 2236 967 2256 sum

139 2273 336 2301 contumaciae
348 2273 547 2310 complicibus
560 2273 707 2301 reservari
722 2274 767 2308 (II
780 2274 863 2301 Petr.
879 2273 909 2307 1i,
929 2274 947 2301 4
961 2281 967 2306 ;

137 2326 181 2350 iu,
193 2318 230 2353 7).
243 2318 275 2345 In
283 2325 344 2354 quo
358 2319 430 2352 duo,
440 2320 549 2356 praeter
563 2317 631 2351 alia,
641 2325 734 2354 quam
750 2317 882 2345 maxime
894 2317 970 2345 mihi

136 2362 319 2391 admiranda
333 2364 489 2391 videntur:
501 2362 639 2390 videlicet
649 2362 674 2389 si
686 2370 795 2398 corpus
807 2362 970 2391 aethereum

136 2407 163 2435 ei
179 2407 277 2443 primo
291 2408 405 2436 factum
421 2410 475 2444 est,
491 2409 519 2436 et
534 2408 625 2436 aether
641 2407 748 2435 dicitur
758 2407 804 2435 vel
819 2407 906 2442 ignis,
923 2416 971 2444 vel

136 2454 215 2480 certe
242 2452 329 2480 sedes
348 2453 436 2488 ignis,
454 2460 507 2480 cur
532 2460 594 2480 non
618 2452 707 2488 igneo
731 2459 856 2488 corpore
871 2452 970 2488 magis

136 2505 230 2533 quam
245 2497 276 2524 in
298 2505 386 2525 aereo
401 2504 509 2533 poenas
536 2497 598 2533 pati
612 2496 752 2533 potuerit,
769 2504 850 2533 cum,
864 2504 971 2525 secun-

135 2540 211 2569 dum
222 2541 429 2578 opinationem
438 2544 532 2575 tuam,
540 2541 619 2577 ignis
629 2542 677 2570 ille
689 2543 832 2578 quartum
843 2541 973 2570 elemen-

136 2587 202 2613 tum
217 2586 325 2614 mundi
340 2586 386 2620 sit,
404 2593 458 2614 nec
488 2585 575 2615 fuerit
590 2594 715 2614 necesse
730 2588 763 2614 ut
778 2586 818 2615 ad
831 2586 973 2615 inferiora

135 2629 186 2658 illo
201 2630 264 2666 igni
275 2630 456 2659 cruciandus
471 2631 698 2667 propelleretur,
709 2631 739 2659 in
754 2639 816 2667 quo
827 2631 891 2667 ipse
902 2638 972 2659 con-

136 2675 267 2711 stitutus,
277 2677 305 2704 et
320 2684 338 2704 a
352 2683 414 2712 quo
424 2683 534 2712 corpus
546 2676 672 2710 habens,
687 2675 904 2711 competentius
914 2675 972 2703 ini-

136 2719 169 2747 bi
183 2719 316 2756 torqueri
326 2720 465 2756 potuerit,
479 2728 573 2756 quam
584 2720 664 2755 inde,
679 2720 718 2748 ab
733 2719 801 2754 ipso
811 2718 856 2747 vel
866 2719 897 2746 in
906 2719 972 2755 ipso

137 2765 330 2800 cruciandus,
343 2765 401 2793 alio
416 2765 628 2802 transportari;
641 2767 669 2793 et
678 2763 762 2800 quod
777 2771 898 2792 aereum
909 2772 973 2793 eor-

137 2816 199 2846 pus
213 2808 240 2837 ei
256 2809 433 2846 copulatum
447 2809 533 2844 dicis,
547 2811 580 2838 ut
594 2809 626 2838 in
640 2816 676 2838 eo
690 2816 752 2838 non
765 2808 830 2845 jam
849 2808 888 2838 ab
903 2807 973 2844 igne

370 2857 493 2885 PATROL.
515 2854 581 2883 CXV

1017 848 1092 879 tum,
1110 846 1243 874 animam
1257 847 1400 875 divinitus
1415 848 1604 884 inspiratam,
1619 848 1758 884 legamus
1775 859 1782 878 :
1799 858 1850 878 an-

1018 890 1100 925 gelos
1120 899 1201 923 vero,
1220 891 1279 919 sive
1302 892 1368 919 caeli
1384 892 1502 928 prioris,
1521 893 1582 920 sive
1607 893 1682 921 lucis
1698 895 1848 930 primarius

1018 936 1176 969 \'OC.’Ll)L!lO,
1188 936 1344 972 Scripturzr
1361 938 1516 969 (lemnscos,
1528 938 1586 964 t'ulo
1597 938 1762 966 delicatum
1774 941 1849 967 acci-

1017 987 1097 1015 pere,
1124 989 1176 1007 seu
1202 989 1384 1017 quocunque
1408 982 1465 1009 alio
1492 982 1582 1010 modo
1605 983 1652 1010 \‘cl
1676 984 1781 1011 melius
1800 985 1847 1012 vel

1018 1025 1148 1060 apertius
1164 1033 1269 1052 cor'zm
1285 1026 1415 1053 coxitlitin
1441 1027 1539 1054 decori
1559 1028 1662 1063 possit,
1679 1030 1716 1056 ab
1735 1029 1846 1056 univcr-

1020 1070 1111 1097 sitatis
1128 1070 1297 1098 conditione
1315 1071 1341 1098 in
1361 1072 1439 1098 erlis
1456 1072 1659 1107 superioribus
1675 1073 1751 1101 facit:
1763 1084 1768 1097 ι
1782 1082 1847 1101 om-

1018 1115 1107 1142 nibus
1120 1114 1240 1142 Patrum
1253 1117 1348 1143 sensis
1365 1116 1393 1143 in
1409 1118 1465 1143 hoc
1476 1118 1706 1145 concinentibus
1721 1119 1848 1145 certissi-

1017 1167 1103 1187 mum
1114 1161 1258 1188 tenemus.
1277 1162 1340 1188 Non
1355 1161 1385 1188 in
1401 1161 1519 1196 aethere,
1537 1164 1567 1190 ut
1587 1162 1733 1198 sumnia<,
1749 1163 1801 1191 sed
1815 1163 1846 1191 in

1018 1204 1109 1240 cretis,
1123 1204 1155 1232 id
1169 1207 1214 1233 est
1228 1213 1320 1241 supra
1333 1205 1390 1233 hoc
1404 1206 1517 1234 visibile
1532 1206 1758 1235 ﬁrmamentum
1771 1207 1848 1235 side-

1017 1248 1101 1277 ribus
1111 1249 1304 1286 adornatum,
1315 1250 1503 1286 constitutos,
1513 1253 1541 1279 et
1551 1251 1688 1280 Auctoris
1702 1252 1846 1280 laudibus

1014 1293 1125 1329 jugiter
1153 1294 1333 1328 insistentes,
1363 1295 1489 1332 ejusque
1520 1296 1615 1331 jussis
1650 1296 1848 1332 irrefragabili

1017 1337 1190 1366 obedientia
1202 1338 1403 1375 obsequentes
1415 1348 1421 1373 ;
1434 1340 1497 1376 qui,
1509 1348 1579 1368 cum
1590 1348 1708 1378 semper
1722 1340 1781 1370 sint
1791 1341 1850 1378 spi-
1896 1376 1899 1378 γ

1017 1382 1101 1416 ritus,
1116 1382 1241 1419 quando
1253 1385 1357 1411 tamen
1372 1383 1546 1412 hominibus
1561 1386 1594 1412 ut
1606 1387 1774 1422 appareant
1782 1385 1850 1414 mit-

1019 1428 1131 1461 tuntur,
1143 1435 1271 1463 corpora
1283 1428 1331 1455 vel
1341 1436 1377 1455 ex
1392 1428 1501 1456 aethere
1512 1429 1560 1457 vel
1575 1437 1611 1457 ex
1625 1430 1683 1458 hoc
1698 1429 1849 1466 pinguiori

1018 1479 1096 1504 aere,
1113 1471 1295 1507 quibuscum
1310 1471 1393 1508 loqui
1408 1474 1437 1500 et
1451 1473 1588 1501 convesci
1603 1476 1715 1509 queant
1729 1474 1848 1510 terrige-

1018 1515 1075 1550 nis,
1089 1523 1242 1544 assumere
1258 1516 1432 1544 nullatenus
1447 1517 1632 1546 dubitantur.

1055 1559 1127 1588 Hinc
1151 1560 1335 1595 Augustinus
1359 1561 1400 1595 (in
1424 1561 1501 1589 libro
1517 1562 1554 1590 de
1576 1563 1705 1591 Civitate
1718 1564 1775 1591 Dei
1785 1566 1846 1600 vin,

1019 1612 1085 1641 cap.
1102 1605 1148 1640 22)
1165 1614 1171 1632 :
1188 1605 1275 1640 [Quia
1296 1606 1386 1641 igitur
1407 1606 1480 1634 nihil
1502 1606 1628 1635 istorum
1651 1609 1781 1644 quatuor
1795 1608 1847 1636 eli-

1019 1649 1152 1684 gendum
1172 1652 1226 1683 est,
1241 1657 1278 1677 ne
1303 1650 1333 1677 in
1357 1650 1491 1686 quolibet
1520 1659 1626 1679 eorum
1640 1651 1678 1679 de
1703 1652 1760 1680 diis
1784 1655 1848 1681 tam

1018 1694 1097 1722 male
1112 1694 1255 1722 sentiatur
1268 1703 1275 1727 ;
1290 1697 1381 1723 restat
1397 1698 1427 1723 ut
1450 1695 1532 1724 nullo
1555 1696 1647 1725 modo
1662 1697 1847 1727 credendum

1019 1738 1057 1766 sit
1066 1738 1149 1775 quod
1158 1738 1300 1775 Apuleius
1321 1740 1502 1776 persuadere
1512 1741 1624 1774 nititur,
1637 1744 1665 1770 et
1675 1742 1848 1779 quicunque

1019 1783 1068 1812 alii
1082 1786 1151 1812 sunt
1173 1784 1308 1820 ejusdem
1331 1786 1484 1813 sententiae
1509 1785 1768 1823 pliilosophi:ita,
1784 1796 1848 1816 esse

1019 1828 1136 1857 medios
1151 1828 1306 1857 daemones
1321 1829 1397 1858 inter
1412 1830 1484 1858 deos
1499 1832 1528 1859 et
1541 1831 1680 1860 homines
1701 1834 1849 1869 tanquam

1020 1872 1219 1901 internuntios
1233 1875 1261 1901 et
1273 1874 1458 1910 interpretes,
1475 1875 1527 1911 qui
1541 1875 1610 1903 hinc
1624 1876 1720 1904 ferant
1735 1877 1850 1912 petitio-

1019 1925 1073 1945 nes
1085 1919 1214 1952 nostras,
1231 1917 1301 1945 inde
1316 1919 1446 1946 referant
1466 1919 1593 1946 deorum
1608 1921 1781 1955 suppetias;
1796 1921 1849 1949 sed

1020 1969 1084 1989 esse
1096 1961 1217 1997 spiritus
1231 1961 1361 1989 nocendi
1376 1961 1601 1997 cupidissimos,
1611 1970 1629 1990 a
1641 1963 1754 1997 justitia
1765 1964 1849 1999 peni-

1020 2007 1068 2033 tus
1091 2005 1214 2038 alienos,
1231 2005 1373 2040 superbia
1388 2005 1529 2038 tumidos,
1547 2006 1710 2034 invidentia
1730 2007 1847 2042 lividos,

1021 2048 1139 2077 fallacia
1154 2048 1289 2083 callidos,
1303 2048 1355 2085 qui
1369 2049 1400 2077 in
1415 2049 1473 2077 hoc
1483 2050 1607 2086 quidem
1622 2059 1689 2079 aere
1699 2051 1849 2085 habitant,

1021 2093 1103 2130 quia,
1114 2093 1151 2121 de
1163 2093 1228 2121 coeli
1239 2093 1401 2130 superioris
1416 2093 1598 2123 sublimitate
1611 2095 1728 2131 dejecti,
1742 2097 1849 2125 merito

1021 2138 1243 2174 irregressibilis
1258 2138 1504 2174 transgressionis
1518 2139 1550 2167 in
1564 2139 1623 2168 hoc
1643 2140 1699 2168 sibi
1715 2149 1849 2177 congruo

1023 2183 1104 2212 velut
1115 2191 1234 2212 carcere
1244 2183 1445 2220 praedamnati
1460 2184 1551 2220 sunt.]

1057 2229 1079 2264 -ι-
1094 2228 1247 2265 Philippus
1262 2229 1293 2256 in
1308 2228 1497 2265 Expositione
1512 2229 1593 2257 beati
1606 2229 1661 2258 Job
1678 2232 1716 2264 (c.
1731 2232 1776 2265 24,
1793 2231 1850 2260 sub

1022 2272 1188 2309 medium):
1204 2274 1268 2301 Non
1288 2273 1437 2301 immerito
1458 2276 1558 2302 autem
1581 2273 1639 2302 hoc
1651 2274 1718 2302 loco
1741 2275 1779 2303 de
1803 2275 1851 2303 his

1022 2317 1129 2346 beatus
1142 2317 1197 2345 Job
1212 2317 1253 2345 ait
1268 2326 1275 2344 :
1292 2317 1375 2346 Sicut
1391 2318 1423 2346 in
1438 2318 1486 2347 die
1500 2318 1699 2347 condiderunt
1714 2320 1771 2347 sibi
1785 2320 1851 2356 (Job
1872 2339 1875 2341 -

1024 2369 1101 2397 XXIV,
1126 2363 1181 2395 t6),
1206 2361 1341 2397 quando,
1371 2362 1572 2398 persuadente
1601 2363 1700 2391 adhuc
1727 2364 1853 2392 archan-

1025 2405 1091 2442 gelo
1113 2405 1245 2442 reliquis,
1270 2405 1308 2433 de
1334 2406 1446 2442 quibus
1471 2406 1602 2435 dicitur:
1625 2408 1731 2436 Traxit
1753 2416 1852 2438 secum

1026 2453 1144 2479 tertiam
1157 2453 1275 2485 partem
1300 2451 1459 2479 stellarum
1482 2454 1589 2480 contra
1602 2453 1707 2488 Deum,
1723 2454 1755 2482 in
1770 2455 1852 2483 caelis

1023 2496 1110 2532 facta
1134 2497 1177 2523 est
1202 2495 1384 2530 conspiratio
1409 2496 1580 2524 rebellionis
1607 2497 1709 2533 (Apoc.
1735 2507 1787 2535 ιιι,
1812 2500 1851 2535 4).

1026 2539 1260 2569 Collocutionem
1286 2547 1342 2574 ego
1372 2539 1487 2568 aestimo
1514 2541 1658 2570 mobilem
1686 2544 1853 2579 quamdam

1025 2584 1212 2613 voluntatem
1237 2584 1330 2612 fuisse
1351 2592 1556 2613 consensuum
1581 2587 1680 2623 potius
1697 2596 1790 2624 quam
1805 2596 1853 2615 so-

1027 2637 1102 2658 nora
1126 2629 1285 2666 colloquia,
1315 2630 1462 2666 quoniam
1489 2630 1610 2667 spiritus
1641 2635 1710 2659 sunt
1738 2634 1766 2659 et
1791 2639 1853 2660 non

1027 2682 1155 2711 corpora
1170 2674 1315 2703 membris
1331 2675 1509 2712 composita.
1527 2677 1609 2704 Unde
1627 2677 1690 2703 ﬁeri
1712 2679 1811 2712 potest
1823 2679 1857 2706 ut

1028 2719 1141 2748 similes
1158 2722 1258 2748 motus
1272 2727 1326 2756 per
1351 2720 1547 2750 subtilitatem
1572 2723 1686 2749 natura:
1702 2730 1765 2750 suae
1779 2721 1811 2750 in
1824 2730 1856 2751 se

1027 2765 1243 2800 perspexerint,
1265 2764 1364 2793 ethoc
1388 2765 1502 2794 dictum
1527 2766 1564 2793 sit
1582 2766 1777 2803 colloquium.
1791 2767 1858 2796 Non

1029 2807 1109 2836 enim
1133 2808 1301 2845 quidquam
1324 2809 1485 2839 aﬁ’ectuum
1517 2818 1641 2839 suorum
1667 2811 1707 2839 ab
1729 2808 1859 2840 inviam

1587 2856 1618 2882 41
