4128 6200
518 136 647 203 tW

1622 134 1679 190 8.
1711 132 2085 192 PRUDENTII
2112 126 2495 189 TRBCENSIS
2533 126 2843 185 EPISGOPI

3803 126 3945 185 092

514 259 698 328 latere
726 259 968 331 spiritus
1015 260 1262 331 pessum
1289 273 1304 325 ;
1337 254 1638 328 simplices
1666 255 1827 316 enim
1854 259 2157 315 creaturis,
2201 252 2250 313 Α
2280 248 2456 311 etiam
2489 264 2741 319 corpora
2773 250 2903 317 [al.,
2934 245 3312 317 incorporea]
3336 245 3581 307 ﬂamma
3616 243 3944 307 crucietur.

474 396 478 401 ,
514 347 748 409 nullum
778 345 1067 407 habentes
1109 344 1287 418 quasi
1311 343 1693 405 obstaculum
1725 343 2167 416 corpulentum.

515 434 850 508 perspicuas
892 433 1006 497 sibi
1057 437 1217 496 sunt.
1255 432 1417 493 Unde
1468 432 1726 491 arbitror
1769 432 1935 505 quod
1964 430 2171 499 lingua

514 522 637 590 illa,
656 538 792 596 qum
809 525 897 585 est
915 522 1002 581 eis
1021 521 1359 588 secundum
1377 521 1738 579 conditionis
1754 537 1876 581 suae
1896 518 2167 587 modum,

512 610 691 683 longe
733 611 1061 683 dissimilis,
1107 616 1288 684 atque
1326 609 1741 684 insuspieabili
1790 608 2170 670 distinctione

514 701 643 761 sine
658 716 808 759 sono
830 701 1014 770 vocis,
1035 716 1171 774 quae
1187 700 1253 757 ﬁt
1275 699 1585 758 verberato
1602 715 1757 767 aere,
1777 699 1940 771 quod
1965 697 2171 756 volunt

512 789 668 853 illico
699 789 1030 859 enuntient,
1053 805 1163 847 nec
1194 789 1269 847 sit
1292 805 1539 847 necesse
1563 789 1651 846 eis
1682 789 1952 849 humano
2004 801 2171 845 more

511 878 846 945 brevissimi
870 878 1081 941 saltem
1105 877 1391 952 temporis
1414 878 1606 950 spatio
1628 876 1934 949 loquelam
1959 892 1995 935 ο.
2017 873 2173 943 cogi-

514 966 738 1027 tatione
793 966 1153 1027 discernere.
1180 970 1221 1038 -ι-
1247 970 1524 1029 Attamen
1556 965 1723 1038 quod
1754 964 2019 1041 sequeris
2050 977 2172 1021 non

513 1059 716 1117 minus
739 1056 834 1115 vel
858 1056 1132 1119 mirabile
1163 1055 1258 1117 vel
1282 1055 1513 1121 fatuum
1537 1054 1840 1127 iudicatur
1872 1073 1885 1115 ;

1084 1195 1322 1238 JOANNBS
1377 1195 1602 1237 SCOTL’S.

585 1288 756 1365 (Cap.
784 1292 868 1357 t7,
896 1300 1066 1347 num.
1097 1287 1182 1361 10,
1207 1293 1352 1345 sect.
1380 1287 1457 1359 8.)
1491 1291 1529 1340 6
1560 1287 1716 1354 Sive,
1748 1284 2045 1363 inquiens,
2069 1286 2178 1342 ita-

517 1392 629 1455 que
659 1378 815 1449 ignis
863 1377 970 1434 ille
1017 1392 1335 1449 corporeus
1366 1377 1451 1451 (ut
1484 1376 1569 1434 ait
1616 1375 2009 1452 Augustinus)
2058 1376 2180 1430 sive

520 1464 932 1537 incorporeus,
951 1472 1015 1521 ut
1042 1466 1327 1537 Gregorio
1343 1466 1569 1535 placet,
1590 1480 1703 1536 pro
1723 1465 1819 1519 sui
1843 1464 1925 1537 (ut
1948 1463 2176 1534 opinor)

517 1554 901 1621 substititate,
917 1558 1244 1626 propterea
1266 1553 1729 1622 przrlestinatus
1758 1553 1850 1610 vel
1868 1567 2153 1623 praepara

521 1645 615 1697 tus
643 1642 872 1699 dicitur
894 1640 1156 1711 diabolo,
1180 1643 1461 1714 quoniam
1489 1643 1550 1698 in
1576 1657 1641 1698 eo
1664 1641 1866 1711 fuerat
1898 1640 2181 1697 ordinan-

521 1729 635 1790 dus
666 1744 799 1789 cum
826 1731 1097 1789 omnibus
1125 1730 1375 1788 malitia
1405 1729 1775 1787 consortibus
1819 1729 2178 1802 puniendus.

522 1819 597 1877 Et
621 1819 1118 1893 quemadmodum
1148 1819 1302 1876 idem
1332 1820 1487 1890 ignis
1520 1819 1704 1877 bonus
1726 1821 2020 1891 profecto,
2042 1836 2182 1893 quo—

520 1907 763 1976 niam,a
787 1906 936 1965 bono
961 1909 1188 1979 factus,
1210 1924 1331 1965 non
1361 1908 1549 1965 aliam
1581 1907 1651 1964 ob
1681 1924 1921 1965 causam
1955 1911 2179 1965 malum

522 1996 785 2066 dicatur,
814 1995 938 2056 nisi
962 1995 1123 2071 quod
1151 1996 1214 2053 in
1245 2012 1308 2056 co
1338 1997 1490 2055 mali
1518 1997 1961 2055 ordinatissime
1985 1998 2180 2068 dispo-

523 2090 795 2158 nantur;
821 2091 909 2144 ita
936 2088 1116 2146 etiam
1141 2102 1324 2161 pana
1349 2103 1468 2143 non
1500 2088 1829 2159 incongrue
1858 2089 2182 2158 asseritur;

524 2175 807 2248 quoniam
838 2174 993 2233 idem
1014 2175 1168 2232 mali
1192 2175 1257 2231 in
1287 2175 1486 2232 eodem
1516 2175 1865 2232 criminibus
1895 2178 2017 2232 suis
2048 2175 2182 2235 lib;-

524 2262 732 2320 dinose
778 2264 1101 2321 commissis
1152 2263 1446 2321 laboriose
1487 2262 2026 2338 mis‘erabiliterque
2051 2280 2185 2320 cru-

526 2352 786 2413 ciantur.
815 2351 952 2425 Non
1001 2367 1141 2425 ergo
1185 2352 1291 2411 ille
1339 2353 1498 2423 ignis
1527 2358 1611 2408 est
1654 2367 1857 2427 plena,
1890 2367 2079 2426 neque
2106 2353 2188 2410 ad

526 2453 655 2498 eam
681 2446 1066 2519 preparatus
1089 2440 1183 2497 vel
1202 2441 1672 2511 pra’destinatus
1696 2459 1708 2511 ;
1732 2441 1835 2497 sed
1853 2443 1958 2514 qui
1977 2441 2184 2515 fuerat

520 2528 1010 2600 prwdestinatus,
1032 2534 1097 2586 ut
1125 2535 1178 2587 et
1208 2531 1689 2593 iri-universitate
1714 2530 1977 2588 omnium
2014 2531 2185 2589 bono-

524 2633 682 2688 rum,
714 2616 879 2676 sedes
901 2619 1107 2689 factus
1137 2623 1221 2676 est
1252 2620 1591 2692 impiorum.

1205 2741 1533 2787 CORRECTIO.

597 2836 638 2905 -ι-
673 2833 868 2892 Primo
889 2830 1021 2893 haec
1049 2835 1156 2891 tua
1179 2832 1476 2897 sententia
1503 2833 1563 2899 in
1592 2849 1667 2893 eo
1694 2833 1968 2897 falsitatis
1991 2833 2189 2903 argui-

526 2926 641 2992 tur,
671 2921 841 2997 quod
868 2922 1071 2995 ignem
1101 2921 1272 2983 illum
1314 2922 1394 2981 ab
1437 2923 1775 2994 Augustino
1803 2938 2182 2998 corporeum,
2215 2957 2256 3011 ο

526 3028 564 3069 a
595 3011 878 3083 Gregorio
908 3011 1333 3087 incorporeum
1363 3012 1480 3070 dici
1509 3013 1831 3082 mentitur;
1858 3028 2002 3073 nam
2033 3016 2180 3071 uter-

525 3117 648 3177 que
667 3116 808 3167 eum
827 3099 1060 3174 absque
1080 3101 1550 3167 contradictione
1565 3117 1924 3173 corporeum
1945 3101 2186 3163 conﬁte-

526 3195 641 3249 tur.
674 3193 759 3262 Et,
788 3190 937 3264 quia
967 3205 1152 3265 super
1176 3190 1510 3262 Augustino
1562 3193 1628 3246 tu
1677 3189 1804 3262 ipse
1848 3189 2051 3255 fassus
2077 3194 2184 3257 est,

526 3277 717 3354 ipsius
738 3278 1098 3341 sententiam
1115 3293 1342 3351 ponere
1361 3293 1486 3337 non
1510 3278 1929 3339 necessarium
1953 3278 2188 3350 judica-

525 3367 729 3426 vimus
755 3385 769 3436 ;
800 3382 985 3444 super
1014 3366 1410 3427 mstimatione
1439 3369 1643 3427 autem
1673 3366 1957 3438 Gregorii,
1988 3382 2063 3429 ne
2091 3366 2188 3427 cui

527 3455 590 3517 in
618 3453 874 3515 dubium
906 3452 1123 3526 veniat,
1157 3453 1392 3517 tametsi
1436 3452 1621 3527 paulo
1651 3454 1926 3528 superius
1952 3459 2186 3517 senten-

527 3541 676 3601 tiam
701 3540 859 3597 illius
888 3540 965 3597 de
991 3539 1209 3599 eodem
1250 3540 1389 3612 igne
1416 3556 1490 3605 ex
1534 3540 1701 3599 libris
1742 3542 2059 3605 Moralibus
2085 3560 2190 3618 po-

528 3628 853 3701 suerimus,
883 3643 1006 3705 qua
1028 3643 1167 3691 eum
1197 3644 1555 3704 corporeum
1586 3630 1821 3696 fatetur,
1848 3647 1971 3695 non
1995 3632 2108 3691 abs
2126 3649 2190 3689 re

529 3722 731 3783 tamen
748 3717 980 3777 videtur
997 3716 1243 3783 sialiam
1259 3719 1391 3791 ejus
1408 3720 1764 3781 sententiam
1782 3735 1855 3779 ex
1869 3720 1986 3785 alio
1998 3721 2188 3795 ipsius

529 3823 711 3881 opere
754 3805 834 3871 ad
879 3806 1153 3871 medium
1196 3806 1591 3869 deducamus.
1641 3812 1812 3880 Nam,
1845 3809 1997 3879 sicut
2039 3810 2192 3877 liber

526 3895 686 3957 illius
705 3897 809 3972 qui
830 3895 1215 3968 Dialogorum
1237 3901 1608 3972 prmnotatur
1627 3898 1822 3968 refert,
1839 3901 2042 3963 Petrus
2063 3901 2192 3967 Dia-

529 4001 747 4057 conus,
765 4002 909 4053 eum
932 3984 1008 4045 de
1037 3991 1374 4045 memorato
1399 3987 1522 4061 igni
1545 3987 1699 4051 inter
1719 3988 1835 4048 alia
1857 3987 2189 4059 sciscitans,

527 4075 616 4137 ita
633 4075 888 4133 adorsus
909 4078 1027 4133 est:
1055 4077 1120 4135 Et
1135 4075 1280 4155 quia
1298 4076 1527 4141 ratione
1547 4076 1917 4139 credendum
1938 4078 2193 4151 estquia

529 4179 659 4225 rem
687 4163 1107 4238 incorpoream
1137 4168 1336 4225 tenere
1360 4165 1516 4237 ignis
1536 4182 1861 4239 corporeus
1877 4168 2075 4240 possit
2092 4168 2190 4226 ‘t—

533 4253 863 4313 Gnncoaius
911 4253 1174 4328 (Dialog.
1209 4252 1313 4315 lib.
1363 4270 1440 4324 iv,
1473 4270 1610 4327 cap.
1659 4256 1797 4327 29):
1830 4255 1891 4314 Si
1937 4255 2187 4315 viventis

530 4340 794 4397 hominis
840 4341 1233 4414 incorporeus
1280 4342 1523 4415 spiritus
1555 4346 1786 4404 tenetur
1821 4344 1884 4411 in
1912 4360 2184 4419 corpore,

532 4444 642 4488 cur
679 4445 805 4487 non
847 4434 987 4507 post
1012 4434 1293 4498 mortem,
1322 4446 1463 4495 cum
1492 4431 1887 4505 incorporeus
1915 4434 1988 4493 sit
2014 4434 2189 4507 spiri-

532 4522 651 4593 tus,
681 4519 863 4581 etiam
907 4535 1199 4594 corporeo
1226 4520 1366 4591 igne
1420 4522 1738 4583 teneatur?
1762 4554 1827 4565 —-
1851 4523 2093 4585 Psraus.
2125 4526 2192 4581 In

409 4676 427 4692 .
530 4607 765 4668 vivente
793 4608 1062 4687 quolibet
1095 4609 1318 4670 idcirco
1349 4610 1745 4685 incorporeus
1768 4611 2013 4686 spiritus
2038 4618 2194 4681 tene-

530 4700 628 4757 tur
649 4698 714 4757 in
745 4713 1017 4773 corpore,
1047 4699 1194 4772 quia
1220 4698 1486 4759 viviﬁcat
1505 4714 1744 4774 corpus.
1760 4732 1831 4743 —
1852 4704 2189 4765 GREGORIUS.

531 4785 590 4843 Si
617 4786 1010 4863 incorporeus
1041 4788 1304 4863 spiritus,
1336 4791 1518 4856 Petra,
1551 4789 1615 4846 in
1642 4790 1759 4849 hoc
1785 4791 1971 4849 teneri
1998 4796 2195 4866 potest

532 4874 703 4951 quod
728 4875 1011 4949 viviﬁcat,
1031 4892 1219 4951 quare
1241 4892 1367 4935 non
1389 4877 1704 4953 pmnaliter
1733 4883 1792 4943 et
1814 4879 1899 4941 ibi
1924 4885 2194 4947 teneatur

531 4959 641 5018 ubi
658 4962 1073 5024 mortiﬁcatur.
1090 4965 1294 5031 Teucri
1318 4969 1523 5033 autem
1553 4982 1661 5042 per
1684 4967 1889 5042 ignem
1918 4969 2192 5044 spiritum

532 5047 811 5124 dicimus,
849 5055 910 5111 ut
954 5052 1018 5111 in
1064 5057 1363 5115 tormento
1400 5055 1671 5127 ignoscat
1715 5057 1980 5117 videndo
2011 5062 2190 5132 atque

533 5137 844 5198 sentiendo
873 5141 1007 5219 [al.,
1037 5146 1103 5200 ut
1122 5142 1185 5201 in
1212 5148 1507 5209 tormento
1533 5144 1693 5218 ignis
1720 5145 1983 5207 videndo
2009 5151 2190 5220 atque

531 5226 845 5291 sentiendo
867 5231 1193 5307 puniatur].
1228 5237 1433 5306 Ignem
1464 5249 1732 5309 namque
1767 5250 1839 5293 eo
1864 5233 1999 5310 ipso
2037 5236 2188 5309 pati-

531 5321 628 5377 tur
656 5318 826 5397 quod
849 5318 1033 5394 videt,
1066 5325 1125 5383 et
1151 5322 1296 5399 quia
1325 5324 1580 5389 cremari
1606 5338 1671 5387 se
1698 5323 1931 5398 aspicit,
1963 5339 2192 5389 crema-

530 5422 657 5477 tur:
681 5408 890 5483 sicque
920 5410 986 5469 ﬁt
1006 5415 1069 5470 ut
1098 5427 1194 5469 res
1222 5426 1514 5485 corporea
1531 5411 1952 5484 incorporeum
1979 5419 2191 5472 exurat

528 5490 679 5555 dum
710 5512 782 5555 ex
810 5497 938 5570 igni
967 5498 1182 5558 visibili
1211 5499 1393 5561 ardor
1421 5514 1493 5559 ac
1521 5496 1695 5569 dolor
1721 5500 2039 5561 invisibilis
2070 5507 2186 5567 tra-

525 5580 707 5645 hitur.
744 5589 815 5653 Ut
839 5602 949 5660 per
976 5586 1179 5660 ignem
1205 5601 1564 5663 corporeum
1612 5604 1787 5659 isses
1827 5590 2183 5668 inanima

2281 336 2569 404 Quamvis
2621 335 2897 404 colligere
2954 335 3125 395 (lictis
3171 332 3537 401 Evangelicis
3604 348 3947 404 possumus

2279 425 2423 497 quia
2461 424 2809 483 incendium
2866 424 3069 481 anima
3116 438 3241 485 non
3292 421 3488 483 solum
3520 420 3789 477 videndo
3842 422 3947 476 sed

2280 514 2460 573 etiam
2508 512 2869 585 experiendo
2917 512 3199 585 patiatur.
3234 510 3500 573 Veritatis
3540 510 3767 567 etenim
3800 526 3946 566 voce

2280 600 2449 657 dives
2482 608 2755 659 mortuus
2806 601 2863 658 in
2894 601 3129 659 inferno
3179 599 3393 661 dicitur
3442 597 3738 671 sepultus,
3772 599 3943 671 cujus

2280 691 2485 753 anima
2528 690 2672 766 quia
2720 690 2780 749 in
2835 690 2973 759 igne
3028 695 3313 758 teneatur,
3346 688 3616 749 insinuat
3658 704 3783 745 vox
3817 689 3942 760 ίαι..

2282 780 2446 851 voce]
2500 779 2722 849 divitis,
2768 780 2872 853 qui
2932 779 3236 841 Abraham
3278 778 3637 850 deprecatur
3684 776 3937 833 dicens:

2281 870 2452 927 Mitte
2474 869 2792 933 Lazarmu,
2815 875 2877 925 ut
2903 870 3162 939 iutingat
3193 874 3520 927 extremum
3552 867 3736 937 digiti
3763 868 3862 921 sui
3886 869 3942 921 in

2282 968 2522 1027 aquam,
2555 962 2609 1013 et
2642 957 2959 1027 refrigeret
2995 958 3262 1028 linguam
3291 963 3505 1022 meam,
3536 957 3680 1027 quia
3705 956 3943 1011 crucior

2284 1047 2347 1107 in
2380 1046 2494 1105 hac
2538 1047 2784 1116 [lauuna
2818 1047 2986 1117 (Luc.
3020 1062 3135 1113 xvr,
3165 1048 3276 1109 2i).
3315 1046 3465 1102 Dum
3499 1060 3641 1114 ergo
3671 1051 3943 1117 peccato-

2284 1152 2412 1195 rcm
2440 1134 2683 1196 divitem
2709 1134 3068 1195 damnatum
3093 1135 3311 1195 Veritas
3336 1134 3396 1192 in
3422 1134 3625 1205 ignem
3646 1134 3941 1209 perhibet,

2284 1223 2424 1297 quis
2478 1224 2720 1297 sapiens
2780 1224 3179 1296 reproborum
3210 1224 3449 1285 animas
3482 1223 3655 1280 teneri
3680 1224 3742 1285 in
3772 1223 3938 1293 igni-

2285 1312 2401 1373 bus
2428 1314 2646 1382 neget?
2681 1344 2749 1352 —
2785 1316 3021 1371 Perses.
3055 1316 3198 1374 Ecce
3244 1313 3474 1372 ratione
3507 1328 3577 1370 ac
3600 1311 3945 1373 testimonio

2288 1418 2357 1457 ac
2387 1400 2792 1457 credulitatem
2816 1401 3072 1462 ﬂectitur
3091 1402 3366 1469 animus;
3387 1400 3494 1457 sed
3523 1400 3818 1461 dimissus
3848 1399 3947 1457 ite~

2288 1507 2423 1547 rum
2456 1489 2534 1546 ad
2584 1492 2844 1559 rigorem
2875 1490 3045 1547 redit.
3090 1490 3405 1559 Quomodo
3436 1491 3596 1546 enim
3626 1507 3723 1546 res
3750 1491 3945 1546 incor-

2209 1603 2253 1659 Β
2289 1595 2474 1653 porca
2503 1595 2538 1636 a
2566 1597 2629 1634 re
2683 1595 2968 1652 corperea
3002 1578 3182 1635 teneri
3231 1585 3409 1657 atque
3457 1579 3641 1655 afﬂigi
3686 1581 3823 1651 [al.,
3853 1597 3946 1636 res

2291 1683 2579 1743 corporea
2626 1684 2752 1723 rem
2785 1667 3204 1741 incorpoream
3236 1672 3432 1727 teneat
3450 1672 3632 1744 atque
3660 1667 3947 1740 afﬂigere]

2292 1756 2504 1833 possit,
2536 1756 2767 1827 ignoro.
2801 1789 2868 1797 —
2899 1758 3251 1813 Gnnconws.
3286 1756 3406 1822 Dic,
3439 1774 3652 1829 quaeso
3691 1762 3775 1827 te,
3808 1774 3947 1832 apo-

2291 1849 2473 1902 statas
2514 1845 2756 1921 spiritus
2798 1862 2833 1902 ο.
2878 1845 3099 1902 caelesti
3144 1844 3330 1916 gloria
3361 1845 3654 1902 deductos
3680 1846 3821 1919 [al.,
3853 1847 3949 1901 de-

2286 1934 2499 2008 jectos]
2528 1949 2657 1989 esse
2688 1951 3008 2010 corporeos
3048 1951 3127 1990 an
3158 1934 3542 2009 incorporeas
3574 1935 3952 2009 suspicaris?

2291 2054 2363 2065 —-
2390 2024 2626 2079 PETRL‘S.
2664 2023 2805 2089 Quis
2836 2040 3052 2081 sanum
3085 2025 3327 2099 sapiens
3358 2040 3493 2080 esse
3545 2024 3801 2097 spiritus
3830 2042 3952 2081 cor-

2292 2127 2508 2186 poreos
2534 2110 2794 2170 dixerit?
2822 2144 2887 2153 ι-
2918 2114 3253 2175 Gnsconlus,
3278 2112 3577 2169 Gebennas
3600 2113 3813 2185 ignem
3833 2130 3951 2169 esse

2294 2203 2715 2285 incorporeum
2762 2219 2838 2258 an
2889 2219 3246 2285 corporeum
3295 2202 3495 2260 fateris
3523 2203 3551 2260 ‘l
3600 2235 3672 2244 —
3716 2206 3948 2263 PETIL‘S.

2295 2294 2498 2365 Ignem
2532 2293 2821 2364 gehennae
2871 2309 3225 2371 corporeum
3257 2309 3386 2353 esse
3433 2310 3559 2349 non
3591 2293 3868 2365 ambigo,
3897 2294 3954 2349 in

2294 2399 2416 2458 quo
2460 2388 2688 2438 certum
2747 2386 2836 2438 est
2883 2397 3134 2457 corpora
3185 2381 3457 2438 cruciari.
3490 2414 3559 2422 —
3601 2385 3951 2439 GREGORIL’S.

2301 2474 2465 2526 Certe
2496 2468 2770 2545 reprobis
2819 2471 3042 2526 Veritas
3069 2470 3128 2526 in
3160 2470 3279 2527 ﬁne
3329 2470 3563 2527 dictura
3591 2476 3719 2527 est:
3758 2474 3853 2528 Ite
3896 2474 3953 2527 in

2295 2562 2490 2633 ignem
2520 2566 2835 2633 (eternum,
2859 2561 2965 2635 qui
2982 2565 3238 2637 paratus
3267 2567 3349 2616 est
3371 2560 3611 2618 diabolo
3635 2568 3688 2618 et
3712 2561 3956 2633 angelis

2294 2651 2422 2719 ejus
2451 2649 2689 2716 (Matth.
2738 2665 2882 2714 xxv,
2910 2647 3021 2720 41).
3058 2648 3114 2706 Si
3157 2649 3335 2720 igitur
3390 2649 3665 2706 diabolus
3692 2650 3958 2722 ejusque

2294 2737 2513 2806 angeli,
2547 2754 2686 2793 cum
2718 2737 2836 2793 sint
2881 2736 3239 2811 incorporei,
3291 2754 3578 2812 corporeo
3616 2743 3759 2794 sunt
3817 2738 3958 2808 igne

2293 2824 2621 2890 cruciandi,
2650 2824 2802 2898 quid
2832 2825 3055 2882 mirum
3086 2826 3134 2882 si
3163 2827 3406 2894 animus,
3425 2833 3478 2882 et
3498 2831 3838 2899 antequam
3866 2843 3961 2882 re-

2295 2914 2517 2988 cipiant
2541 2929 2816 2987 corpora,
2843 2923 3101 2987 possunt
3127 2931 3417 2989 corporea
3446 2913 3656 2970 sentire
3688 2920 3959 2971 tormen-

2297 3003 2401 3060 ta?
2429 3006 2667 3067 Pernvs,
2699 3008 2861 3060 Patet
2905 3005 3058 3063 ratio
3089 3020 3199 3061 nec
3240 3005 3418 3061 deiciet
3464 3019 3713 3060 animus
3743 3005 3826 3062 de
3851 3005 3956 3061 hac

2296 3091 2542 3147 ulterius
2570 3091 2902 3164 qumstione
2926 3092 3249 3166 dubitare.]

2367 3183 2409 3251 ιι-
2434 3184 2576 3236 Ecce
2595 3180 2745 3236 dum
2773 3180 2930 3251 ignis
2948 3180 3107 3237 illius
3132 3182 3402 3255 corporei
3427 3181 3787 3240 testimonia
3805 3189 3955 3239 certa

2295 3270 2715 3345 proponimus,
2755 3271 2831 3326 ad
2864 3271 3072 3333 omnis
3101 3286 3258 3344 pene
3285 3288 3423 3345 quas
3467 3272 3530 3328 in
3569 3272 3835 3345 praefata
3863 3278 3953 3329 tua

2297 3360 2590 3416 sententia
2619 3374 2931 3432 posueras,
2963 3361 3278 3434 responsio
3308 3376 3483 3417 verax
3507 3360 3757 3421 reddita
3800 3378 3951 3419 com-

2297 3450 2618 3523 probatur;
2645 3463 2791 3506 nam
2823 3450 3171 3507 auctoritate
3217 3450 3364 3507 tanti
3409 3450 3683 3509 doctoris
3710 3467 3840 3508 non
3870 3468 3951 3509 so-

2296 3540 2424 3596 lum
2453 3539 2609 3610 ignis
2639 3538 2734 3595 ille
2760 3554 3087 3612 corporeus
3115 3544 3511 3609 asseveratur,
3537 3556 3754 3597 verum
3786 3543 3952 3597 etiam

2299 3634 2355 3685 et
2395 3628 2632 3683 animas
2678 3627 2996 3689 hominum
3044 3633 3102 3687 et
3145 3633 3451 3701 apostatas
3504 3629 3762 3701 spiritus
3805 3631 3868 3685 in
3895 3644 3953 3685 eo

2298 3716 2652 3781 sensibiliter
2681 3716 2936 3779 cruciari
2966 3717 3357 3791 probabiliter
3395 3717 3683 3789 docetur;
3710 3736 3828 3777 nec
3856 3718 3954 3774 mi-

2297 3823 2416 3867 nus
2446 3806 2623 3867 nobis
2652 3805 2799 3867 illud
2842 3806 3169 3865 clarissime
3200 3807 3410 3879 illuxit,
3444 3808 3608 3871 unde
3636 3814 3849 3867 nostra
3877 3810 3955 3864 in

2298 3894 2551 3955 ﬁrmitas
2580 3894 2961 3969 aliquatenus
3008 3895 3348 3968 haesitabat,
3388 3896 3611 3957 scilicet
3637 3896 3714 3957 de
3750 3912 3957 3970 oorpo-

2298 3983 2467 4047 t‘ibus
2495 3983 2814 4059 spirituum
2842 3984 3319 4047 immundorum.
3352 3985 3464 4045 Iste
3494 3986 3730 4061 quippe
3755 3985 3954 4043 doctor

2299 4073 2716 4137 sanctissimus
2743 4078 2801 4132 et
2828 4073 3264 4135 eruditissimus
3283 4089 3408 4133 non
3436 4090 3736 4149 corporea
3754 4075 3840 4130 eis
3858 4072 3955 4131 ad-

2300 4163 2443 4233 dita.
2475 4178 2600 4224 non
2646 4178 2751 4221 eos
2793 4163 2856 4225 in
2903 4163 3259 4238 corporibus
3310 4164 3706 4239 quibuslibet,
3733 4164 3843 4220 sed
3897 4164 3953 4219 in

2300 4249 2449 4326 ipsis
2477 4249 2702 4325 quibus
2754 4255 3033 4311 constant
3079 4251 3449 4326 incorporeis
3496 4252 3810 4325 spiritibus
3838 4252 3954 4326 pati

2300 4343 2597 4399 tormenta
2624 4338 2956 4401 denuntiat.
2986 4343 3115 4398 Non
3142 4355 3285 4415 ergo
3315 4346 3632 4416 propterea
3655 4340 3953 4415 praedesti-

2299 4432 2478 4489 natus
2492 4428 2584 4485 vel
2598 4434 2972 4504 praeparatus
2992 4429 3209 4491 dicitur
3233 4430 3479 4491 diabolo
3503 4433 3806 4505 quoniam
3827 4436 3953 4490 tan-

2299 4516 2615 4579 tummodo
2644 4518 2706 4579 in
2732 4534 2802 4574 eo
2832 4518 3028 4580 fuerat
3056 4520 3453 4591 ordinandus,
3485 4521 3595 4579 sed
3620 4523 3770 4596 quia
3798 4522 3865 4579 in
3885 4537 3952 4578 eo

2299 4606 2395 4664 vel
2434 4607 2717 4679 videndo,
2747 4607 2843 4666 vel
2889 4610 3276 4685 experiendo,
3326 4612 3419 4669 vel
3468 4615 3722 4685 utroque
3763 4611 3954 4667 modo

2299 4695 2493 4755 fuerat
2519 4696 2897 4757 cruciandus.
2925 4701 3042 4759 Nec
3069 4699 3206 4759 ideo
3227 4699 3425 4759 malus
3453 4700 3646 4759 dictus
3671 4704 3756 4756 est
3775 4698 3956 4773 quod

2300 4786 2362 4844 in
2380 4802 2450 4849 eo
2468 4787 2613 4849 mali
2630 4786 3072 4847 ordinatissime
3097 4788 3519 4865 disponantur,
3532 4789 3641 4849 sed
3663 4789 3813 4864 quia
3832 4806 3956 4851 om-

2301 4878 2395 4935 nis
2422 4894 2606 4953 poena
2636 4877 2797 4940 mala
2825 4894 2864 4939 a
2891 4878 3257 4953 patientibus
3288 4882 3655 4941 aestimatur:
3690 4880 3798 4955 qui
3822 4881 3952 4938 ideo

2299 4968 2478 5028 etiam
2506 4984 2689 5043 paena
2713 4968 3188 5042 torquendorum
3234 4972 3780 5042 congruentissima
3808 4987 3954 5033 nun-

2299 5061 2572 5132 cupatur,
2620 5058 2911 5133 quoniam
2939 5058 3003 5119 in
3030 5074 3102 5121 eo
3131 5060 3299 5129 mali,
3332 5078 3455 5121 non
3499 5061 3701 5123 solum
3731 5062 3949 5127 anima.

2299 5145 2408 5204 sed
2435 5147 2615 5207 etiam
2645 5164 2899 5223 corpore
2934 5149 3291 5209 sensibiliter
3338 5152 3787 5224 torquebuntur
3817 5172 3833 5211 :
3866 5154 3951 5211 Est

2297 5234 2476 5307 igitur
2504 5234 2602 5297 ille
2630 5236 2785 5307 ignis
2812 5253 3015 5311 poena,
3056 5238 3135 5297 ad
3181 5238 3298 5298 hoc
3327 5244 3735 5313 prasparatus,
3768 5240 3948 5298 factus

2297 5328 2356 5383 et
2379 5325 2859 5400 prcedestinatus,
2882 5327 3037 5389 utin
3064 5343 3139 5387 eo
3166 5344 3292 5389 non
3310 5329 3676 5393 conscientia
3697 5334 3942 5391 tantum.

2296 5431 2509 5476 verum
2537 5416 2716 5479 etiam
2747 5432 2966 5479 sensus
3016 5422 3075 5479 et
3108 5420 3473 5492 experientia
3513 5420 3946 5479 comburantur

2296 5521 2510 5567 omnes
2539 5506 2765 5579 iniqui;
2799 5523 2909 5565 nec
2957 5513 3025 5567 ut
3071 5510 3245 5569 sedes
3273 5510 3347 5569 sit
3373 5510 3728 5584 impiorum,
3762 5509 3869 5567 sed
3892 5510 3941 5561 ut

2298 5609 2501 5671 emas.
2521 5596 2842 5670 cruciatus,
2866 5600 3252 5669 tormentum.
3280 5598 3750 5673 combustieuue
3776 5599 3944 5663 sitra-
