4128 6200
270 170 407 229 1293

1199 180 1286 235 DE
1323 177 1999 247 PREDES’I‘INA’I‘IONI
2036 176 2318 235 CONTRA
2357 180 2408 235 J.
2458 178 2752 238 SCOTUM

3556 185 3696 242 1294

262 292 805 366 proborum.Cujus
822 296 904 353 rei
931 297 1268 370 copiosiora
1283 298 1724 361 documentain
1749 305 1919 359 sexta
1947 301 1998 355 A
2023 303 2370 360 sanctorum
2412 319 2605 377 usque
2652 303 2735 362 ad
2776 303 3250 375 ﬁrmamentum,
3306 304 3512 379 ibique
3564 310 3696 367 tam

266 380 501 439 decima
531 382 765 441 actione
803 387 1238 456 congessimus.
1268 390 1492 448 Deinde
1519 408 1645 450 non
1677 390 1916 462 minori,

264 469 390 528 imo
441 471 718 532 inaudita
766 475 1061 534 hactenus
1108 478 1346 538 insania
1398 479 1475 537 de
1532 481 1747 542 eodem
1794 480 1919 551 igni

266 559 578 621 subnectis
613 580 627 621 :

836 668 1077 711 JOANNES
1127 673 1333 715 SCOTUS
1342 700 1355 714 .

338 740 504 811 (Cap.
544 740 624 801 l7.
655 756 822 798 num.
854 742 938 812 ll,
973 748 1120 801 sect.
1151 748 1227 818 8).
1273 752 1313 801 Θ
1351 750 1426 808 In
1454 765 1593 821 quo.
1617 750 1921 823 inquiens,

260 829 481 900 procul
532 828 710 886 dubio
756 846 877 888 non
919 833 1115 891 minus
1154 835 1515 895 habitabant
1545 839 1704 896 beati
1743 853 1924 911 quam

262 916 485 973 miseri.
513 917 635 976 Sed
655 919 812 974 sicut
840 935 965 976 una
991 923 1310 997 eademque
1342 927 1455 984 tua:
1481 928 1645 984 sanis
1665 928 1749 997 (ut
1765 927 1924 985 dixi-

263 1007 419 1077 mus)
472 1007 660 1065 oculis
712 1011 1008 1078 convenit,
1053 1012 1299 1083 impedit
1356 1016 1713 1086 dolentibus,
1771 1032 1927 1074 unus

264 1095 539 1170 idemque
551 1096 713 1153 cibus
734 1099 828 1157 vel
837 1104 1017 1169 potus
1033 1102 1314 1171 faucibus
1334 1104 1749 1176 Magnentium
1766 1122 1929 1163 ama-

264 1199 392 1251 rus,
436 1186 694 1244 sanitate
720 1186 1061 1258 fruentium
1106 1190 1342 1262 dulcis;
1387 1194 1510 1252 illis
1553 1196 1774 1265 quippe
1800 1210 1927 1253 sua:

264 1274 483 1331 salutis
510 1274 707 1343 placet
730 1276 968 1347 integra
995 1279 1359 1349 laetitian'stis
1379 1297 1503 1342 sum
1521 1285 1926 1354 corruptionis

263 1362 543 1433 displicet
583 1365 839 1433 parnalis
882 1369 1176 1441 tristitia;
1214 1386 1336 1427 una
1375 1372 1697 1445 eademque
1740 1388 1777 1432 η
1806 1388 1927 1445 qua

264 1456 574 1511 natantem
589 1453 1114 1517 elevat,cadentem
1128 1459 1684 1529 suﬁ‘ocatﬂuorum
1702 1466 1767 1521 in
1781 1464 1928 1521 aula

262 1541 461 1610 regali
470 1556 589 1597 uno
600 1543 919 1615 eodemque
929 1545 1058 1601 loco
1064 1549 1582 1619 positorum,unus
1594 1550 1925 1621 febricitat,

2028 388 2276 461 angelos
2288 396 2550 462 sanctos,
2563 408 2753 467 quam
2767 397 3118 452 sanctorum
3132 392 3396 464 animas,
3410 398 3470 452 et
3487 393 3695 469 ipsum

2031 477 2358 538 Dominum
2383 486 2665 541 nostrum
2692 484 2896 543 Iesum
2924 482 3226 541 Christum
3253 498 3504 560 corpore
3531 499 3698 544 com-

2031 568 2254 626 morari
2303 587 2317 628 :
2363 586 2504 629 cum
2548 570 2824 631 consulta
2865 571 3094 631 Veritas
3139 575 3322 646 atque
3364 574 3694 632 auctoritas

2032 656 2339 715 catholicae
2387 657 2527 717 ﬁdei
2562 658 2729 718 aliud
2770 659 3087 737 praedicet;
3117 675 3314 737 neque
3362 662 3695 737 quisquam

2032 743 2572 806 ecclesiasticorum
2604 752 2780 807 tantae
2807 749 3066 807 vesaniae
3099 753 3363 808 assertor
3400 753 3506 809 aut
3553 767 3698 811 con-

2035 837 2357 892 sentaneus
2405 836 2645 911 uspiam
2693 836 3035 897 inveniatur
3082 836 3176 895 vel
3221 838 3472 897 inveniri
3513 855 3695 914 posse

2034 921 2347 993 credatur;
2379 926 2527 999 quin
2555 926 2755 999 potius
2786 941 2859 984 ex
2883 942 2977 997 ea,
3011 924 3108 985 cui
3127 924 3263 984 totis
3290 925 3524 987 viribus
3547 927 3699 986 inni-

2037 1011 2191 1082 teris,
2214 1012 2466 1071 lectione
2488 1013 2822 1073 damnabili
2842 1015 3118 1074 hausisse
3139 1018 3196 1073 et
3216 1015 3517 1075 vomuisse
3537 1017 3697 1076 virus

2033 1097 2376 1159 lethiferum
2392 1102 2832 1176 comprobaris.

2106 1193 2257 1249 Nam
2287 1189 2381 1248 ille
2406 1195 2539 1249 luus
2559 1191 2825 1267 Capella,
2847 1191 3110 1267 exceptis
3134 1191 3289 1264 aliis,
3310 1192 3407 1252 vel
3433 1193 3698 1253 maxime

2037 1282 2092 1336 te
2130 1278 2191 1335 in
2230 1279 2391 1337 hunc
2428 1278 2845 1354 labyrinthum
2873 1280 3181 1339 induxisse
3209 1282 3487 1353 creditur,
3521 1284 3696 1359 cujus

2035 1367 2409 1426 meditationi
2449 1370 2646 1441 magis
2685 1387 2870 1445 quam
2913 1369 3148 1430 veritati
3184 1370 3544 1446 evangelicae
3574 1373 3701 1431 ani-

2036 1472 2209 1513 mum
2239 1457 2527 1531 appulisti
2559 1476 2571 1514 :
2603 1458 2755 1525 Quin
2785 1460 2966 1518 etiam
2993 1477 3132 1518 cum
3151 1460 3379 1533 legeres
3399 1460 3563 1519 beati
3585 1466 3702 1520 Au-

2037 1543 2256 1618 gustini
2278 1545 2492 1621 libros,
2514 1563 2668 1622 quos
2688 1548 2775 1607 De
2793 1547 3049 1606 Civitate
3069 1551 3172 1607 Dei
3190 1548 3483 1607 adversus
3510 1566 3699 1626 paga-

262 1629 1558 1701 altergaudet.Gaudentiomniatotiusaula
1573 1646 1931 1699 ornamenta
1964 1654 2009 1709 Β
2035 1649 2255 1691 norum
2284 1632 2704 1692 fallacissimas
2733 1634 3213 1711 falsissimasque
3243 1636 3561 1711 opiniones
3592 1638 3701 1695 mi-

259 1717 700 1778 delectabititer
734 1721 998 1793 placent.
1038 1724 1432 1785 laudabiliter
1457 1734 1778 1798 apparent,
1822 1730 1925 1787 ho-

261 1809 624 1867 norabiliter
674 1812 1081 1883 concordant;
1131 1815 1511 1884 febricitanti
1567 1833 1704 1875 uero
1761 1820 1929 1877 intra

260 1898 519 1968 seipsum
547 1896 971 1973 doloribusque
1016 1903 1139 1958 suis
1190 1904 1451 1976 ardenti,
1502 1908 1772 1964 omnium
1797 1923 1931 1979 qua?

258 1986 629 2044 extrinsecus
655 1989 838 2058 videt,
860 1991 1019 2048 nihil
1047 2007 1169 2048 esse
1201 1993 1482 2062 delectat,
1514 1995 1669 2052 nihil
1721 1996 1931 2054 lauda-

262 2073 398 2142 bile,
417 2077 558 2146 quia
586 2078 786 2136 omnia
813 2079 1164 2152 vituperat;
1191 2083 1348 2141 nihil
1369 2085 1763 2155 consentiens,
1786 2087 1930 2156 quia

260 2164 527 2221 omnium
546 2165 831 2225 abhorret
848 2182 871 2224 .'
886 2169 1130 2241 merito;
1159 2171 1305 2241 quid
1335 2173 1490 2230 enim
1522 2172 1811 2232 bonorum
1835 2175 1934 2231 illi

260 2268 383 2309 non
412 2262 669 2322 noceret,
728 2256 969 2328 quando
998 2258 1053 2317 ei
1079 2266 1294 2317 auctor
1331 2262 1594 2320 omnium
1641 2260 1926 2321 bonorum

258 2342 505 2413 placere
545 2359 666 2403 non
706 2349 1003 2414 poterat?
1029 2353 1137 2402 aut
1176 2346 1279 2404 ubi
1308 2350 1499 2407 ultum
1549 2350 1766 2410 bonum
1809 2367 1929 2412 nan

262 2430 514 2498 nocebit,
548 2433 649 2487 cui
666 2448 893 2490 summo
925 2433 1073 2490 bono
1092 2436 1226 2505 frui
1251 2453 1370 2495 non
1390 2440 1678 2509 placuit?

925 2539 1229 2583 εοιιιεοτιο
1240 2570 1252 2585 .

334 2610 376 2680 δε
404 2609 447 2667 Ο
492 2608 797 2669 insaniam
844 2610 1182 2672 inauditam
1217 2614 1230 2672 l
1272 2615 1315 2669 Ο
1343 2615 1693 2675 vecordiam
1739 2617 1928 2677 detes-

264 2696 547 2755 tandam!
582 2699 625 2758 0
654 2698 1084 2759 hebetudinem
1114 2703 1589 2763 exhorrendaml
1624 2708 1666 2763 Ο
1696 2706 1925 2764 subtili-

264 2788 446 2844 tatem
490 2787 657 2847 omni
700 2787 1021 2847 obtusione
1070 2790 1374 2849 duriorem
1407 2793 1421 2849 I
1457 2795 1500 2850 Ο
1541 2793 1927 2854 virulentiam

265 2874 432 2930 omni
445 2875 896 2935 abominatione
918 2879 1329 2937 extricandam
1357 2881 1368 2937 ι
1403 2882 1554 2950 Quid
1582 2888 1669 2940 est
1692 2884 1749 2955 (ο
1765 2901 1924 2941 mor-

506 2965 950 3064 superbissime)
983 2968 1150 3040 quod
1181 2985 1369 3027 ausus
1411 2987 1487 3064 es
1520 2977 1686 3064 tanta
1710 2976 1923 3064 impu-
1963 3008 2005 3064 ο

268 3049 473 3109 dentia
498 3052 832 3113 declamare
852 3055 880 3111 ?
912 3060 1139 3129 Ignem,
1156 3074 1339 3131 quem
1362 3059 1585 3117 Veritas
1606 3059 1853 3120 diabolo
1867 3065 1927 3119 et

262 3140 491 3211 angelis
511 3142 642 3216 ejus
665 3143 803 3201 dicit
832 3144 912 3203 ab
935 3144 1102 3206 initio
1131 3152 1691 3220 praeparatummon
1723 3150 1925 3209 minus

261 3228 497 3287 miseris
526 3247 714 3306 quam
736 3232 927 3291 beatis
955 3234 1387 3294 habitationem
1408 3237 1729 3295 attribuis?
1760 3239 1924 3297 Certe

258 3318 321 3377 in
365 3320 595 3391 judicio
636 3322 826 3395 judex
870 3324 1143 3381 omnium
1192 3324 1492 3385 dicturum
1543 3343 1606 3385 se
1651 3328 1925 3402 reprobis

260 3412 621 3482 protestetur
652 3427 665 3468 :
696 3412 787 3469 [te
806 3412 868 3468 in
899 3414 1094 3484 ignem
1128 3419 1417 3472 wternum
1438 3417 1545 3488 qui
1558 3423 1819 3488 paratus
1840 3424 1924 3476 est

261 3497 499 3555 diabolo
524 3505 578 3558 et
608 3502 842 3571 angelis
864 3504 993 3572 ejus
1016 3502 1260 3573 (Matth.
1289 3520 1431 3575 xxv,
1458 3504 1569 3577 41).
1593 3507 1630 3570 ,J
1638 3505 1783 3563 ustis
1814 3522 1922 3564 au-

260 3589 382 3645 tem
411 3604 424 3643 :
462 3588 662 3647 Venite
687 3588 980 3648 benedicti
996 3592 1204 3648 Patris
1226 3594 1652 3666 mei,percipite
1671 3610 1923 3667 regnum

260 3674 420 3747 quod
437 3676 598 3733 vobis
619 3683 910 3750 paratum
935 3685 1017 3736 est
1048 3679 1124 3736 ab
1155 3681 1386 3752 origine
1417 3683 1629 3739 mundi
1655 3682 1831 3754 (Ibid.
1866 3699 1920 3742 υ.

259 3765 370 3832 34).
412 3765 542 3820 Istis
570 3780 825 3837 regnum
862 3771 1142 3840 paratum
1181 3768 1343 3839 dicit,
1374 3784 1498 3825 non
1526 3771 1770 3842 ignem;
1802 3770 1924 3844 glo-

257 3854 561 3921 riam,non
590 3869 861 3928 pmnam.
889 3855 1006 3912 Illis
1029 3861 1232 3914 autem
1260 3857 1464 3928 ignem
1497 3860 1924 3934 aeternum,qui

256 3947 507 4016 paratus
533 3942 608 4001 sit
634 3943 875 4002 diabolo
925 3948 979 4003 et
1028 3944 1257 4015 angelis
1305 3945 1469 4017 ejus;
1498 3963 1767 4020 pinnam,
1797 3964 1921 4007 non

257 4031 531 4106 gloriam.
566 4033 733 4091 Unde
761 4038 818 4091 et
846 4032 964 4091 illic
1002 4033 1220 4091 dicitur
1248 4050 1262 4089 :
1293 4034 1373 4091 Et
1405 4034 1577 4092 ibunt
1599 4036 1665 4093 lii
1692 4036 1753 4093 in
1777 4052 1920 4110 sup-

246 4122 504 4193 plicium
533 4128 843 4193 almum,
865 4124 1024 4194 justi
1058 4126 1261 4181 autem
1296 4124 1360 4179 in
1406 4125 1590 4183 vitam
1633 4131 1919 4183 teternam

256 4211 461 4284 (Ibid,
507 4213 618 4284 46).
666 4212 818 4276 Quid
863 4218 951 4269 est
1000 4213 1137 4284 hoc,
1187 4229 1226 4268 ο
1268 4212 1601 4270 miserrime
1644 4214 1918 4273 omnium

254 4303 492 4360 terreno
518 4301 765 4375 pulvere
794 4306 1249 4376 compactorum
1279 4303 1308 4360 ?
1333 4302 1562 4360 Veritas
1594 4304 1751 4362 sicut
1789 4320 1917 4363 me.-

255 4389 390 4461 rita,
435 4390 520 4449 ita
558 4395 616 4448 et
659 4390 794 4448 loca
822 4391 1009 4464 partis
1052 4391 1363 4466 utriusque
1406 4390 1729 4462 discernit;
1769 4398 1828 4451 et
1856 4396 1920 4450 tu

256 4494 451 4536 unum
475 4480 878 4553 eamdemque
907 4479 1111 4552 ignem
1126 4481 1303 4551 justis
1327 4484 1389 4538 et
1415 4482 1655 4554 injustis
1681 4482 1918 4541 habita-

255 4566 486 4625 tionem
528 4566 899 4639 dogmatizas
928 4569 955 4624 Ἰ
989 4572 1211 4643 Nempe
1261 4571 1525 4644 aperitur
1560 4571 1709 4644 quid
1746 4572 1916 4642 velis,

253 4656 425 4731 quod
452 4659 730 4731 quamvis
764 4674 887 4717 non
914 4662 1117 4732 aperte
1156 4660 1454 4732 posueris,
1495 4660 1689 4718 elucet
1718 4665 1921 4720 tamen

254 4747 406 4819 quid
434 4752 635 4806 mente
663 4747 1030 4822 conceperis,
1053 4747 1151 4806 vel
1170 4747 1320 4821 quid
1347 4748 1519 4806 dictis
1547 4748 1921 4816 talibus,etsi

255 4851 559 4909 perverse,
589 4838 843 4895 suadere
872 4837 1151 4896 volueris.
1194 4837 1429 4896 Memini
1477 4837 1776 4912 siquidem
1822 4855 1920 4898 me

254 4924 420 4995 olim,
450 4926 619 5000 quod
648 4927 832 4985 etiam
863 4927 1097 5001 passim
1135 4927 1265 5000 jam
1309 4944 1519 4986 rumor
1560 4929 1835 5003 aspersit,
1865 4931 1920 4986 te

250 5014 393 5088 ipso
401 5020 683 5076 narrante
695 5016 1129 5091 audisse,quod
1141 5017 1296 5076 ultra
1310 5017 1421 5075 hoc
1431 5018 1663 5077 visibile
1676 5018 1917 5089 calum,

251 5105 423 5178 quod
450 5105 904 5165 ﬁrmamentum
938 5108 1243 5181 Scriptura
1273 5112 1610 5182 nuncupat,
1629 5110 1920 5183 quodque

251 5195 581 5268 Apostolus
610 5196 890 5254 velamen
917 5196 1293 5255 tabernaculi
1320 5197 1515 5270 (ch.,
1535 5215 1612 5271 v1,
1641 5198 1922 5273 19),quod

252 5289 386 5342 erat
413 5300 762 5359 oppansum
785 5289 926 5342 ante
948 5285 1287 5356 oraculum,
1308 5285 1751 5360 interpretatur,
1771 5287 1922 5347 nihil

253 5388 410 5443 esse,
441 5380 499 5434 et
525 5373 682 5433 infra
720 5379 942 5433 terram
990 5373 1386 5433 nihilominus
1423 5374 1572 5432 nihil
1614 5390 1782 5445 esse;
1816 5374 1923 5433 sed

251 5461 318 5519 in
347 5462 467 5521 hac
493 5463 675 5537 quasi
703 5462 892 5522 domo
910 5462 1045 5521 cmli
1064 5466 1124 5521 et
1148 5465 1317 5519 terrae
1338 5461 1605 5520 ambitus
1632 5462 1923 5524 contineri

253 5550 484 5620 omnia,
524 5568 778 5626 esseque
825 5569 1009 5626 quem
1050 5551 1352 5607 infernum
1393 5551 1650 5610 dicimus
1697 5568 1734 5611 a
1763 5556 1922 5610 terra

255 5654 459 5713 usque
485 5641 567 5702 ad
592 5641 827 5715 lunam,
847 5646 905 5703 et
931 5640 1153 5703 deinde
1169 5639 1521 5715 paradisum
1541 5638 1638 5701 vel
1660 5656 1917 5714 regnum

2036 1721 2209 1779 rabili
2237 1722 2544 1783 afﬂuentia
2573 1723 2839 1798 digessit,
2861 1724 3141 1783 invenisti
3162 1741 3302 1783 eum
3328 1726 3608 1800 posuisse
3629 1742 3700 1785 ac

2036 1812 2400 1869 destruxisse
2448 1811 2734 1886 quaedam
2781 1828 2851 1871 ex
2894 1808 3063 1872 libris
3105 1815 3410 1887 Varronis,
3455 1815 3698 1890 quibus,

2037 1900 2327 1973 quoniam
2371 1900 2623 1976 Capellae
2663 1905 2765 1958 tuo
2795 1918 3064 1959 consona
3086 1902 3473 1969 videbantur,
3499 1902 3700 1976 potius

2038 1988 2317 2046 assentiri
2347 2006 2534 2064 quam
2584 1991 2828 2048 veridici
2874 1992 3193 2065 Augustini
3237 1991 3699 2063 allegationibus

2037 2076 2221 2134 fidem
2248 2078 2532 2135 adhibere
2558 2078 2847 2150 delegisti.
3442 2119 3445 2123 ‹

2111 2164 2283 2223 Ponit
2312 2168 2473 2223 enim
2511 2167 2595 2224 ita
2625 2184 2699 2225 ex
2739 2167 2940 2225 verbis
2985 2167 3142 2225 illius
3191 2169 3564 2240 Augustinus
3593 2169 3700 2238 (De

2041 2255 2216 2313 Civil.
2247 2257 2375 2327 Dei,
2406 2256 2510 2313 lib.
2541 2273 2642 2327 vu,
2676 2273 2727 2315 c.
2776 2259 2830 2329 6)
2865 2276 2877 2314 :
2912 2257 3084 2330 [Dicit
3113 2273 3256 2332 ergo
3294 2257 3457 2316 idem
3486 2258 3698 2331 Varro,

2037 2345 2237 2402 adhuc
2266 2346 2340 2403 de
2367 2347 2624 2404 naturali
2651 2347 2953 2419 theologia
2981 2346 3385 2423 praeloquens,
3416 2351 3605 2406 Deum
3635 2364 3699 2405 se

2037 2434 2308 2493 arbitrari
2337 2452 2465 2493 esse
2492 2437 2764 2493 animam
2792 2428 3027 2507 mundi,
3055 2453 3240 2512 quem
3270 2437 3454 2496 Graeci
3481 2442 3701 2497 vocant

2037 2543 2249 2598 κοσμον,
2302 2529 2358 2581 et
2395 2526 2556 2583 hunc
2596 2527 2802 2601 ipsum
2831 2525 3133 2583 mundum
3164 2543 3293 2585 esse
3326 2529 3552 2598 Deum;
3594 2527 3701 2585 sed

2038 2614 2192 2671 sicut
2219 2614 2527 2671 hominem
2559 2615 2915 2690 sapientem,
2965 2631 3105 2673 cum
3135 2615 3209 2673 sit
3236 2631 3310 2673 ex
3342 2630 3594 2690 corpore
3641 2620 3700 2673 et

2035 2703 2262 2770 animo,
2289 2707 2492 2760 tamen
2526 2704 2604 2761 ab
2635 2704 2841 2762 animo
2872 2704 2990 2761 dici
3029 2704 3387 2779 sapientem,
3414 2704 3497 2762 ita
3525 2719 3701 2762 mun-

2034 2790 2182 2848 dum
2228 2794 2414 2849 Deum
2462 2793 2581 2850 dici
2626 2792 2706 2850 ab
2746 2792 2951 2850 animo
2995 2809 3133 2850 cum
3165 2794 3244 2850 sit
3289 2809 3364 2851 ex
3408 2791 3613 2850 animo
3642 2796 3700 2850 et

2035 2896 2303 2953 corpore.
2336 2882 2435 2937 Hic
2467 2881 2700 2937 videtur
2727 2880 3187 2954 quodammodo
3214 2897 3405 2938 unum
3428 2881 3698 2938 conﬁteri

2034 2971 2242 3025 Deum.
2275 2969 2388 3025 Sed
2430 2975 2495 3025 ut
2538 2967 2740 3041 plures
2787 2969 2966 3025 etiam
3013 2969 3375 3038 introducat,
3422 2968 3699 3040 adjungit

2034 3056 2333 3115 mundum
2363 3056 2543 3112 dividi
2570 3056 2633 3113 in
2664 3056 2818 3114 duas
2838 3061 3040 3131 partes
3066 3073 3080 3114 :
3104 3056 3323 3113 coelum
3349 3061 3406 3113 et
3434 3061 3693 3127 terram;

2033 3152 2091 3203 et
2120 3147 2341 3203 coelum
2370 3145 2648 3202 bifariam
2678 3147 2742 3203 in
2784 3147 3008 3203 aethera
3034 3149 3091 3203 et
3115 3160 3274 3211 aera,
3296 3149 3520 3203 terram
3549 3161 3694 3204 vero

2032 3235 2094 3293 in
2137 3249 2363 3310 aquam
2410 3238 2466 3291 ct
2517 3234 2809 3304 humum;
2850 3250 2883 3291 e
2925 3234 3147 3308 quibus
3201 3249 3515 3291 summum
3563 3250 3694 3293 esse

2034 3325 2275 3396 aethera,
2308 3324 2643 3381 secundum
2674 3336 2833 3387 aera,
2878 3326 3109 3382 tertiam
3141 3340 3389 3399 aquam,
3417 3323 3695 3382 inﬁmam

2032 3418 2285 3483 terram;
2327 3428 2482 3487 quas
2534 3428 2746 3469 omnes
2789 3416 3015 3495 partes‘
3039 3418 3299 3487 quatuor
3346 3412 3691 3471 animarum

2032 3518 2162 3562 esse
2201 3502 2452 3576 plenas;
2483 3502 2544 3559 in
2592 3503 2810 3561 mthere
2857 3506 2917 3562 et
2954 3516 3095 3561 aere
3139 3502 3596 3574 immortalium,
3626 3501 3691 3561 in

2031 3608 2193 3666 aqua
2215 3597 2276 3650 et
2301 3597 2460 3651 terra
2497 3591 2869 3651 mortalium.
2910 3592 3001 3651 Ab
3042 3606 3287 3652 summo
3323 3596 3528 3651 autem
3573 3592 3688 3653 cir-

2030 3682 2194 3738 cuitu
2217 3680 2349 3739 cmli
2369 3681 2449 3740 ad
2469 3679 2764 3739 circinum
2782 3680 2960 3752 luna,
2982 3681 3274 3739 enthea-eas
3293 3680 3533 3741 animae
3552 3695 3688 3740 esse

2030 3774 2190 3827 astra
2213 3770 2329 3827 hac
2357 3769 2580 3839 stellas,
2611 3785 2837 3843 eosque
2866 3768 3136 3828 ccelestes
3164 3769 3313 3828 deos
3350 3785 3476 3828 non
3501 3769 3688 3829 modo

2027 3858 2273 3929 intelligi
2315 3874 2469 3926 esse,
2517 3857 2625 3916 sed
2656 3858 2839 3916 etiam
2882 3856 3111 3916 videri:
3142 3857 3300 3915 inter
3340 3857 3500 3916 lunae
3545 3871 3688 3919 vero

2029 3962 2269 4019 gyrum,
2331 3936 2406 4005 οἵ
2441 3945 2790 4003 nimborum
2848 3959 2920 4003 ac
2971 3949 3287 4003 ventorum
3343 3944 3684 4016 cacumina,

2028 4049 2238 4092 aereas
2261 4047 2395 4092 esse
2419 4033 2688 4101 animas;
2717 4032 2823 4090 sed
2853 4048 2959 4091 eas
2984 4032 3215 4102 animo,
3234 4046 3363 4092 non
3389 4030 3583 4091 oculis
3602 4032 3689 4093 vi-

2025 4123 2175 4180 deri.
2202 4124 2273 4179 Et
2290 4121 2490 4179 vocari
2514 4122 2753 4189 heroas,
2776 4124 2836 4180 et
2859 4121 3040 4187 lares,
3067 4126 3125 4181 et
3154 4121 3413 4195 genios.)
3437 4123 3481 4193 ἰ’
3510 4121 3686 4190 Quod

2026 4228 2213 4286 quam
2233 4212 2309 4270 sit
2328 4211 2561 4269 veritati
2590 4211 2911 4269 adversum
2941 4211 3434 4271 auctoritatetam
3456 4211 3687 4272 divino-

2026 4318 2164 4359 rum
2191 4300 2589 4375 eloquiorum,
2607 4316 2795 4374 quam
2826 4301 3072 4358 Patrum
3097 4300 3687 4369 venerabiliumﬂar-

2029 4390 2225 4462 giente
2253 4390 2528 4457 Domino,
2554 4405 2667 4463 pro
2710 4392 2894 4462 captu
2916 4392 2976 4448 et
2997 4389 3226 4448 viribus
3254 4404 3684 4463 exsequamur.

2027 4480 2343 4554 Primoque
2371 4478 2809 4538 advertendum
2841 4478 2948 4536 ubi
2990 4479 3278 4537 Dominus
3315 4483 3375 4538 et
3413 4477 3688 4538 Salvator

2026 4574 2248 4639 noster,
2278 4585 2528 4642 corpore
2571 4568 2737 4641 quod
2766 4568 2999 4641 absque
3038 4571 3288 4643 peccato
3335 4566 3592 4640 sumpsit
3627 4570 3689 4625 et

2027 4658 2147 4730 egit
2172 4673 2248 4716 ex
2293 4657 2529 4729 Virgine
2568 4658 2941 4733 incorrupta,
2982 4656 3166 4730 degat
3196 4673 3209 4712 :
3242 4671 3388 4715 nam
3430 4669 3505 4713 eo
3540 4670 3687 4713 con-

2028 4745 2262 4819 gregari
2293 4749 2536 4803 sanctos
2566 4761 2779 4803 omnes
2804 4749 3057 4806 testatur
3082 4745 3212 4819 ipse
3249 4745 3313 4803 in
3339 4742 3684 4816 Evangelia,

2027 4836 2234 4895 dicens
2267 4836 2438 4899 illia
2479 4841 2649 4892 nocte
2685 4842 2863 4893 erunt
2895 4835 3014 4893 duo
3052 4836 3118 4892 in
3151 4836 3300 4894 lecto
3330 4848 3451 4892 uno
3475 4849 3500 4891 ,ο
3528 4848 3687 4891 unus

2027 4929 2382 4994 assumetur,
2406 4929 2464 4983 et
2484 4925 2644 4983 alter
2657 4926 3034 4997 relinquetur
3059 4943 3073 4995 ;
3105 4925 3225 4982 duo
3238 4926 3302 4984 in
3331 4939 3504 4998 agro,
3528 4938 3686 4983 unus

2027 5015 2614 5084 assumetur,etalter
2625 5014 3464 5087 relmqueturﬁespondentes
3475 5013 3689 5072 dicunt

2028 5106 2126 5166 illi
2151 5120 2175 5164 .'
2204 5105 2317 5163 Ubi
2331 5105 2574 5164 Domine
2598 5107 2627 5160 ?
2656 5103 2771 5172 Qui
2796 5103 2952 5160 dixit
2979 5103 3104 5160 illis
3127 5118 3152 5159 .’
3182 5104 3528 5176 Ubicunque
3550 5103 3688 5174 fue-

2028 5196 2110 5254 rit
2140 5210 2377 5267 corpus,
2413 5194 2566 5253 illuc
2595 5192 3128 5266 congregabantur
3168 5198 3225 5252 et
3265 5193 3488 5267 aquila
3517 5191 3683 5263 (Luc.

2027 5301 2176 5353 xvn,
2203 5287 2414 5355 34-37).
2455 5282 2630 5352 Quod
2658 5282 2892 5357 absque
2922 5281 3109 5345 dubio
3141 5297 3324 5359 super
3363 5278 3585 5337 cmlum
3613 5277 3690 5337 si-

2028 5374 2279 5435 dereum
2301 5389 2515 5436 omnes
2554 5370 2829 5434 catholici
2859 5376 2917 5431 et
2936 5371 3259 5434 orthodoxi
3281 5370 3564 5430 doctores
3599 5366 3690 5426 in-

2103 5554 2233 5618 Ouo
2260 5552 2444 5610 etiam
2467 5553 2716 5613 beatum
2742 5552 2992 5611 Paulum
3016 5554 3261 5624 raptum
3288 5552 3533 5607 sanctus
3552 5551 3693 5604 Am-

2032 5640 2272 5701 inaeum
2295 5639 2379 5713 (in
2406 5641 2475 5697 II
2495 5642 2576 5700 ad
2597 5643 2735 5701 Cor.
2759 5656 2859 5710 xu,
2878 5645 2939 5710 2)
2958 5638 3231 5712 intelligit
3250 5637 3458 5696 dicens
3480 5654 3496 5694 :
3518 5635 3694 5707 [Quia
