4160 6186
508 174 519 217 ί
551 176 689 237 1295

1627 174 1684 229 S.
1722 168 2094 229 PRUDENTII
2137 168 2525 228 TRECENSIS
2578 168 2892 226 EPISCOPI

3849 168 3987 225 im

546 303 707 363 ultra
726 301 934 360 omnia
951 298 1163 356 mundi
1184 298 1380 357 sidera
1398 301 1607 373 raptus
1628 295 2053 367 intelligitur,et
2068 293 2202 350 ideo
2234 297 2283 350 Α
2325 293 2555 363 angelis
2574 293 2919 351 sublevatus
2937 290 3321 365 legitur,quia
3335 291 3387 346 is
3404 289 3508 364 qui
3531 290 3765 347 fecerat
3790 294 3996 349 omnia

545 391 939 463 magniﬁcum
964 392 1021 446 et
1048 387 1320 445 mirabile
1341 392 1432 445 est
1449 388 1617 461 quod
1638 390 1860 443 narrat.
1894 383 2201 455 Signiﬁcat

502 499 509 505 '
545 482 707 540 enim
736 495 921 553 supra
936 478 1389 535 ﬁrmamentum
1418 478 1479 534 in
1507 478 1744 535 tertium
1784 489 2039 531 numero
2078 489 2199 529 coe-

542 569 672 628 lum
693 568 769 625 de
800 566 1167 642 spiritalibus
1197 566 1362 623 ccelis
1388 570 1629 639 raptum
1657 563 2097 636 semetipsum.]

614 679 659 748 -ι-
684 674 856 742 Quod
886 673 1062 730 nobis
1090 673 1409 747 Apostolus
1437 673 1647 747 aperit,
1678 671 1783 745 qui
1806 670 1885 727 ad
1916 668 2201 743 Ephesios

502 763 510 769 ’
541 765 807 839 loquitur
826 782 839 817 :
865 764 932 820 Ut
954 764 1132 829 Deus,
1154 764 1396 819 Domini
1409 764 1604 819 nostri
1614 763 1755 818 Jesu
1774 760 2001 818 Christi
2019 760 2208 816 Pater

546 855 866 923 claritatis,
888 853 986 910 det
1011 852 1174 909 vobis
1193 854 1474 923 spiritum
1495 852 1807 922 sapientia:
1827 856 1881 907 et
1902 850 2206 907 revelatio-

544 946 638 1002 nis
662 947 721 1002 in
751 944 1013 1015 agitione
1037 959 1059 999 :
1088 944 1461 999 illuminatos
1506 941 1725 999 habere
1759 940 1962 997 oculos
2007 938 2204 995 cordis

545 1034 731 1092 vestri
748 1034 828 1091 ad
847 1033 957 1089 hoc
981 1038 1048 1088 ut
1072 1032 1276 1089 sciatis
1297 1047 1429 1103 quae
1449 1036 1533 1088 est
1552 1046 1683 1100 spes
1706 1028 2031 1086 vocationis
2052 1029 2201 1098 ejus,

545 1138 678 1196 quas
707 1123 933 1179 divitiae
962 1121 1327 1178 hwreditatis
1352 1121 1565 1191 gloriae
1596 1122 1723 1190 ejus
1770 1120 1832 1175 in
1861 1117 2123 1189 sanctis;
2151 1121 2205 1172 et

547 1228 728 1287 quam
770 1212 1007 1270 excelsa
1034 1210 1387 1281 magnitudo
1429 1211 1557 1278 eius
1586 1210 1647 1264 in
1682 1224 1800 1277 vos,
1832 1208 1938 1279 qui
1967 1206 2207 1263 creditis

545 1301 880 1357 secundum
909 1300 1312 1370 operationem
1333 1298 1615 1368 potentia
1632 1296 2010 1367 fortitudinis
2054 1296 2203 1365 ejus,

498 1388 501 1389 ⁷
547 1406 729 1464 quam
749 1396 1028 1461 operatus
1048 1395 1132 1446 est
1155 1390 1217 1444 in
1237 1388 1796 1456 Christo,suscitans
1816 1387 1989 1442 illum
2006 1400 2043 1441 a
2056 1399 2208 1441 mor-

549 1482 687 1553 tuis,
718 1485 772 1537 et
796 1480 1113 1537 collocavit
1136 1479 1219 1535 ad
1250 1478 1559 1534 dexteram
1600 1476 1713 1531 sibi
1750 1476 1811 1531 in
1853 1474 2204 1541 coelestibus,

504 1562 509 1567 ’
547 1586 728 1640 super
775 1585 1006 1625 omnem
1049 1568 1485 1638 principatum,
1519 1571 1573 1623 et
1597 1569 1973 1636 potestatem,
2006 1567 2061 1620 et
2093 1563 2207 1618 vir-

2318 382 2605 439 nimirum
2633 398 2815 456 super
2844 380 3053 437 omnia
3079 395 3191 437 sua
3214 379 3430 436 virtute
3460 379 3823 452 ferebatur.]

2389 475 2457 529 Et
2483 472 2641 529 infra
2674 492 2686 530 :
2717 472 2811 545 [Ut
2838 470 3069 528 veniret
3093 468 3487 544 postmodum
3518 469 3627 543 qui
3657 485 3779 525 nec
3811 475 3998 527 trans.

2314 560 2472 617 latus
2498 577 2609 618 nec
2639 560 2988 626 subvectus,
3019 559 3240 616 caelum
3280 559 3612 615 aethereum
3638 574 3759 615 sua
3778 560 3993 617 virtute

2312 649 2701 723 penetraret.]

2383 739 2427 809 -ι-
2456 736 2633 805 Beda,
2665 738 2729 794 in
2768 737 3020 795 Homilia
3044 737 3121 794 de
3145 737 3360 795 eadem
3398 735 3724 793 festivitate
3763 742 3991 795 natura:

2311 826 2597 883 humanae
2617 842 2653 883 a
2677 828 2931 884 Domino
2956 832 3214 901 sumptae
3237 826 3490 898 gloriam
3518 826 3786 884 ﬁdeliter
3804 844 3992 885 enun-

2311 915 2472 972 tians
2517 917 2599 973 ait
2634 935 2659 973 τ
2710 916 2893 988 [Hanc
2933 931 3113 990 super
3141 931 3374 989 pennas
3410 920 3736 973 ventorum
3777 918 3990 997 evexit,

2313 1020 2453 1061 cum
2483 1010 2861 1079 assumptam
2910 1005 2986 1062 de
3033 1005 3200 1061 terris
3228 1021 3355 1062 non
3407 1003 3607 1061 solum
3640 1021 3832 1080 super
3863 1008 3994 1062 uni-

2313 1109 2488 1151 versa
2515 1095 2669 1150 aeris
2694 1095 2877 1166 hujus
2908 1095 3126 1167 spatia.
3160 1096 3270 1151 sed
3299 1094 3482 1151 etiam
3519 1110 3706 1168 super
3735 1111 3992 1152 omnem

2316 1183 2554 1239 aetheris
2571 1182 2945 1240 altitudinem
2958 1183 3297 1255 sustollens,
3311 1183 3371 1240 in
3385 1184 3494 1255 Maj
3503 1183 3698 1240 estatis
3708 1187 3993 1242 Paternze

2315 1271 2562 1329 dextera
2590 1272 2922 1329 collocavit.
2954 1274 2997 1344 -ι-
3025 1274 3093 1329 Et
3126 1272 3283 1329 infra
3323 1291 3338 1329 :
3380 1272 3553 1344 [Nam
3588 1276 3644 1329 et
3679 1274 3994 1346 septimus

2317 1361 2396 1419 ab
2423 1361 2617 1419 Adam
2656 1363 2865 1420 Enoch
2897 1361 3217 1419 translatus
3240 1362 3315 1419 de
3346 1361 3604 1427 mundo,
3635 1366 3693 1419 et
3719 1363 3900 1420 Elias
3930 1363 3994 1420 in

2317 1450 2536 1506 caelum
2569 1451 2914 1508 sublevatus
2936 1467 3180 1508 aereum
3207 1467 3535 1508 ascensura
3565 1466 3754 1525 super
3776 1467 3995 1510 omnes

2319 1539 2501 1596 ccelos
2528 1540 2782 1597 Domino
2813 1540 3222 1597 testimonium
3252 1541 3742 1614 praebuerunt.“-
3760 1541 3861 1598 His
3890 1558 3992 1597 ve-

501 1649 507 1730 ί
551 1628 755 1730 tutem,
779 1663 831 1715 et
862 1628 1348 1726 dominationem,
1375 1661 1431 1713 et
1461 1628 1631 1712 omne
1658 1668 1893 1722 nomen,
1924 1628 2085 1724 quod
2107 1666 2208 1707 no-
2235 1648 2279 1706 Β
2316 1628 2559 1730 “cibo”
2574 1628 3353 1730 ἕξᾲςιίὺξιεςιυθξθειίωοὺξίξ
3377 1630 3746 1730 Ρνωωξωξῑίν
3763 1630 3993 1688 nullius

548 1748 822 1804 minatur
859 1762 980 1803 non
1011 1746 1204 1802 solum
1234 1746 1299 1802 in
1348 1744 1457 1802 hoc
1486 1745 1701 1801 saeculo
1744 1742 1847 1799 scd
1892 1742 1955 1798 in
1992 1742 2207 1812 futuro

506 1842 511 1845 “
549 1836 791 1907 (Ep/tes.
823 1853 865 1907 ι,
899 1835 983 1905 17,
1021 1835 1106 1905 l8,
1142 1838 1231 1904 l9,
1262 1838 1350 1904 20,
1378 1834 1514 1907 21).]

621 1946 812 2011 Quam
852 1941 1121 2016 Apostoli
1168 1940 1525 1999 sententiam
1572 1942 1815 1996 sanctus
1858 1937 2211 1995 Ambrosius

553 2032 639 2089 ita
668 2031 954 2105 explanat
980 2030 1083 2102 (ad
1105 2030 1325 2100 Ephes.
1361 2046 1401 2099 ι,
1423 2032 1509 2099 19)
1543 2046 1556 2085 :
1595 2027 1971 2101 [Exemplum
1998 2026 2209 2083 salutis

552 2119 945 2190 credentium,
979 2121 1037 2175 et
1080 2116 1303 2189 gloriae,
1334 2116 1397 2172 in
1425 2116 1855 2173 resurrectione
1888 2116 2209 2174 Salvatoris

552 2208 876 2266 consistere
920 2206 1254 2281 proﬁtetur,
1293 2208 1360 2262 ut
1399 2221 1473 2262 ex
1503 2221 1577 2263 ea
1604 2208 1977 2276 cognoscant
2004 2202 2210 2260 ﬁdeles

549 2296 701 2370 quid
723 2296 810 2353 eis
834 2294 1210 2368 promissum
1245 2298 1351 2352 est.
1396 2294 1583 2353 Simili
1611 2295 1770 2351 enim
1802 2294 1986 2351 modo
2024 2291 2209 2349 extol-

547 2386 748 2443 lentur
774 2400 965 2457 supra
1002 2384 1188 2441 caelos
1225 2383 1409 2441 futuri
1429 2401 1565 2441 cum
1609 2384 1860 2448 Christo,
1893 2383 2043 2440 sicut
2083 2382 2211 2450 ipse

549 2474 692 2532 dicit
716 2491 732 2531 :
759 2475 1105 2543 Pater,volo
1131 2474 1329 2545 ut,ubi
1344 2490 1450 2546 ego
1466 2474 1723 2544 fuero,et
1744 2473 1807 2529 hi
1823 2488 2046 2529 mecum
2068 2472 2208 2541 sint,

552 2570 608 2623 et
654 2564 898 2622 videant
944 2565 1204 2635 gloriam
1252 2579 1443 2621 meam
1492 2564 1688 2633 (-Joan.
1731 2579 1874 2629 xvu,
1921 2562 2047 2633 24):
2096 2561 2211 2617 hoc

548 2654 1279 2730 propterincarnationem
1291 2653 1417 2709 Filii
1431 2652 1623 2708 Deizut
1636 2654 1811 2707 etiam
1827 2652 2009 2707 homo
2022 2649 2212 2706 factus

551 2760 733 2817 super
760 2758 973 2800 omnes
1003 2742 1187 2798 caelos
1219 2757 1348 2797 esse
1369 2740 1621 2810 dicatur,
1650 2744 1707 2795 et
1732 2755 1913 2811 super
1934 2743 2211 2795 cunctam

552 2836 909 2901 creaturam,
933 2831 1149 2888 sedens
1178 2830 1258 2888 ad
1284 2829 1592 2887 dexteram
1624 2828 1724 2885 Dei
1756 2830 1965 2899 (Apoc.
1993 2844 2073 2900 in,
2096 2829 2210 2901 2t),

548 2922 787 2981 habens
816 2937 1041 2979 nomen
1062 2921 1165 2978 Dei
1186 2936 1293 2994 per
1315 2924 1619 2988 naturam,
1651 2934 1774 2975 non
1804 2935 1915 2991 par
1936 2918 2210 2991 adoptio-

549 3028 715 3080 nem,
765 3015 834 3068 ut
878 3014 1252 3082 cognoscant
1299 3024 1427 3067 esse
1471 3008 1640 3066 illum
1690 3007 1899 3066 Filium
1951 3007 2054 3063 Dei
2106 3006 2212 3080 qui
2241 3003 2282 3059 C

549 3100 721 3158 illum
764 3098 1208 3157 cruciﬁxerunt.
1261 3101 1466 3156 Honor
1504 3097 1667 3154 enim
1709 3113 1893 3169 quem
1937 3095 2020 3152 illi
2049 3095 2215 3153 dedit

551 3189 727 3246 Pater
744 3204 853 3261 per
872 3188 1342 3260 generationem,
1356 3190 1500 3243 tunc
1529 3184 1945 3242 manifestatus
1965 3189 2058 3241 est
2071 3200 2211 3240 cum

549 3282 730 3336 natus
767 3278 954 3335 homo
983 3293 1200 3350 passus
1228 3280 1335 3343 est,
1370 3279 1427 3331 et
1452 3274 1610 3332 victa
1644 3277 1833 3330 morte
1865 3273 2209 3344 resurrexit,

552 3366 887 3425 ascendens
916 3365 1077 3422 unde
1109 3364 1502 3421 descenderat
1531 3379 1710 3435 super
1739 3378 1951 3419 omnes
1981 3362 2212 3433 caelos]

510 3530 515 3535 ρ
623 3494 668 3560 σι-
691 3494 837 3545 Item
856 3491 1018 3545 idem
1049 3488 1367 3560 Apostolus
1408 3488 1470 3543 in
1511 3486 1725 3543 eadem
1756 3486 2019 3559 Epistola
2051 3506 2064 3543 :
2101 3487 2217 3554 Qui

514 3603 520 3609 ο
551 3577 873 3646 descendit,
904 3578 1029 3646 ipse
1046 3581 1132 3631 est
1162 3576 1267 3647 qui
1289 3575 1557 3631 ascendit
1586 3590 1767 3643 super
1788 3590 1986 3631 omnes
2012 3576 2211 3640 ctelos,

551 3671 619 3720 ut
659 3666 931 3733 impleret
976 3664 1197 3719 omnia.
1232 3662 1403 3728 Quod
1428 3662 1640 3719 beatus
1678 3665 1840 3735 Papa
1889 3663 2210 3732 Gregorius

553 3753 732 3811 simili
759 3752 879 3809 ﬁde
911 3752 1247 3826 praedicans
1270 3751 1452 3809 etiam
1471 3751 1626 3808 intra
1647 3751 1971 3807 missarum
1995 3751 2211 3808 solem-

550 3843 674 3913 nia,
706 3842 804 3899 die
841 3844 1237 3905 Pentecostes,
1282 3841 1343 3897 in
1384 3840 1485 3897 Dei
1527 3841 1741 3897 laudes
1784 3840 2212 3897 devotissimus

546 3931 890 4005 persultans
919 3933 977 3987 et
1004 3929 1217 4005 cecinit
1247 3933 1304 3987 et
1336 3930 1679 3987 canendum
1710 3945 1906 4003 usque
1934 3929 1999 3986 in
2025 3929 2212 3986 ﬁnem

550 4021 754 4078 szeculi
804 4019 1139 4092 dereliquit.
1182 4019 1287 4077 Cui
1332 4036 1472 4076 cum
1509 4019 1762 4090 dignum
1793 4023 1849 4077 et
1874 4019 2127 4091 justum,
2156 4025 2213 4075 et

548 4125 815 4181 aequum,
848 4111 906 4164 et
935 4107 1195 4163 salutare
1224 4107 1445 4164 diceret
1484 4123 1596 4163 nos
1638 4110 1756 4163 Deo
1803 4106 1961 4163 Patri
1989 4108 2209 4177 gratias

548 4212 727 4268 agere
754 4211 862 4269 per
891 4196 1186 4253 Christum
1219 4196 1539 4253 Dominum
1566 4200 1863 4257 nostrum,
1897 4195 2210 4266 subjunxit

516 4286 631 4357 ~(in
667 4285 709 4338 Ι.
742 4286 1040 4354 Sacram,
1081 4284 1177 4339 die
1211 4285 1607 4354 Pentecostes)
1641 4302 1653 4339 :
1692 4283 1827 4349 [Qui
1872 4284 2205 4340 ascendens

548 4389 730 4447 super
744 4389 953 4431 omnes
979 4372 1181 4441 caelos,
1217 4372 1553 4443 sedensque
1578 4371 1657 4427 ad
1677 4371 1984 4429 dexteram
2012 4376 2202 4442 tuam,
2235 4357 2280 4410 D

544 4464 913 4537 promissum
942 4462 1225 4536 Spiritum
1253 4464 1529 4517 sanctum
1544 4459 1838 4516 hodierna
1853 4459 1948 4516 die
1968 4461 2030 4516 in
2050 4459 2205 4517 ﬁlios

543 4553 886 4627 adoptionis
912 4551 1163 4622 effudit]

512 4670 521 4675 ‘
614 4664 656 4732 ᾧ
684 4662 849 4719 Idem
897 4661 957 4716 in
1000 4657 1252 4715 Homilia
1282 4662 1369 4727 29,
1404 4656 1478 4713 de
1510 4655 1872 4714 Ascensione
1917 4656 2155 4714 Domini
2188 4675 2201 4713 :

542 4752 629 4822 {In
661 4751 868 4817 Veteri,
910 4749 1123 4822 inquit,
1170 4749 1545 4804 Testamento
1593 4746 1991 4817 cognovimus
2037 4746 2205 4821 quod

539 4839 714 4894 Etias
732 4842 807 4895 sit
829 4844 1042 4908 raptus
1065 4840 1127 4893 in
1152 4838 1363 4894 caelum
1392 4836 1505 4908 (IV
1521 4837 1663 4907 Reg.
1692 4852 1755 4901 ιι,
1786 4836 1894 4909 ll),
1914 4836 2019 4893 sed
2040 4835 2204 4892 aliud

541 4930 631 4980 est
656 4927 872 4981 coelum
894 4942 1159 4993 aereum,
1179 4925 1343 4981 aliud
1363 4925 1709 4981 (ethereum.
1730 4924 1956 4982 Caelum
1976 4924 2203 4998 quippe

543 5026 787 5068 aereum
819 5019 984 5069 terrte
1018 5019 1105 5070 est
1124 5014 1494 5086 proximum,
1525 5014 1686 5069 unde
1714 5018 1772 5069 et
1791 5030 1932 5070 aves
1962 5013 2095 5068 cceli
2116 5012 2203 5068 di-

540 5116 753 5170 cimus,
767 5102 912 5173 quia
933 5117 1036 5158 eas
1054 5102 1301 5160 volitare
1327 5104 1389 5160 in
1419 5118 1555 5161 aere
1574 5102 1867 5160 videmus.
1893 5102 1956 5157 In
1979 5101 2199 5159 caelum

534 5190 739 5263 itaque
770 5205 1014 5246 aereum
1037 5190 1192 5246 Elias
1217 5192 1568 5248 sublevatus
1594 5195 1703 5263 est,
1733 5195 1798 5248 ut
1825 5191 1889 5246 in
1908 5195 2197 5248 secretam

536 5281 875 5357 quamdam
904 5284 1075 5336 terrae
1114 5279 1422 5349 regionem
1451 5286 1692 5355 repente
1722 5281 2061 5350 duceretur,
2091 5280 2198 5338 ubi

514 5371 597 5429 'in
622 5388 850 5444 magna
861 5371 993 5443 jam
1016 5366 1213 5424 carnis
1233 5373 1290 5425 et
1312 5369 1553 5442 spiritus
1573 5371 1770 5443 quiete
1786 5370 2024 5437 viveret,
2049 5386 2200 5443 quo-

533 5476 729 5533 usque
758 5460 839 5518 ad
876 5459 1061 5515 finem
1094 5455 1305 5513 mundi
1331 5456 1557 5528 redeat,
1596 5462 1652 5514 et
1691 5457 1901 5514 mortis
1922 5457 2194 5516 debitum

535 5550 750 5608 solvat.
780 5549 879 5606 Ille
910 5546 1072 5606 enim
1101 5547 1358 5603 mortem
1396 5543 1644 5615 distulit,
1674 5561 1798 5603 non
1837 5547 2046 5619 evasit,
2078 5551 2189 5606 etc.

530 5639 896 5719 Redemptor
916 5642 1116 5698 autem
1138 5639 1342 5696 noster
1365 5650 1489 5695 non
1519 5651 1698 5695 curru
1713 5637 1845 5712 (ld.,
1876 5638 2043 5714 ibid),
2064 5653 2189 5697 non

2318 1717 2725 1789 ambiguitatis
2739 1718 3053 1776 obstaculo
3069 1718 3476 1793 priepedimur
3485 1719 3637 1793 quin
3649 1719 3988 1777 humanam

2319 1805 2717 1863 substantiam
2767 1822 2803 1864 a
2845 1807 2946 1864 Dei
2996 1807 3138 1865 Filio
3187 1812 3493 1881 sumptam
3543 1823 3733 1881 super
3780 1824 3985 1865 omnes

2318 1900 2621 1952 creaturas
2663 1895 2982 1967 elevatam,
3038 1899 3394 1967 regnantem
3445 1899 3503 1953 et
3551 1896 3980 1954 consistentem

2320 1984 2662 2053 credamus,
2689 1989 2747 2041 et
2774 1984 3027 2041 ﬁdeliter
3046 1984 3482 2041 collaudemus.
3505 1986 3639 2051 Quo
3666 1987 3876 2057 etiam,
3901 2003 3979 2042 se-

2321 2072 2590 2130 cundum
2620 2074 3085 2146 promissionem
3114 2090 3311 2143 suam,
3340 2078 3397 2130 et
3427 2089 3591 2153 nunc
3620 2074 3706 2146 (id
3737 2080 3831 2131 est
3852 2080 3977 2131 ante

2319 2160 2481 2217 diem
2498 2162 2731 2233 judicii)
2747 2166 3092 2219 sanctorum
3119 2162 3375 2233 animas,
3392 2167 3450 2219 et
3473 2166 3615 2236 post
3631 2163 3974 2220 earumdem

2320 2266 2577 2324 corpora
2603 2250 2996 2321 sublevanda,
3028 2255 3084 2308 et
3113 2251 3529 2323 gloriﬁcanda,
3572 2256 3783 2325 atque,
3817 2253 3978 2325 juxta

2317 2340 2691 2414 Apostolum,
2714 2340 2910 2398 eidem
2937 2345 3378 2412 conregnatura
3397 2346 3456 2398 et
3478 2356 3847 2400 consessum
3873 2343 3978 2399 mi-

2318 2430 2480 2487 nime
2506 2430 2883 2488 dubitamus.

2392 2519 2557 2576 Unde
2586 2525 2644 2577 et
2670 2520 2886 2578 beatus
2916 2519 3232 2592 Gregorius
3257 2519 3320 2577 in
3348 2524 3568 2594 quarto
3594 2521 3982 2592 Dialogorum

2316 2608 2470 2665 libro
2501 2616 2660 2683 (cap.
2688 2612 2781 2684 25)
2808 2610 3125 2684 eloquitur,
3156 2627 3297 2668 cum
3327 2626 3469 2668 eum
3497 2611 3700 2669 Petrus
3721 2611 3981 2668 interro-

2319 2703 2486 2769 garet
2513 2717 2525 2755 :
2555 2700 2773 2772 [Placet
2800 2700 2966 2773 quod
2997 2700 3165 2772 dicis,
3188 2700 3294 2757 sed
3315 2716 3495 2757 nosse
3513 2701 3690 2758 velim
3709 2700 3987 2773 [ad.,ve1-

2317 2785 2459 2860 lein]
2483 2788 2530 2843 si
2550 2794 2875 2855 nunc,ante
2892 2788 3389 2846 resurrectionem
3405 2790 3814 2862 corporum,in
3831 2789 3985 2846 caelo

2318 2874 2503 2948 recipi
2524 2875 2765 2933 valeant
2795 2876 3012 2932 animae
3040 2877 3363 2948 justorum.
3394 2908 3464 2919 —
3484 2878 3828 2934 GREGOIUUS.
3860 2880 3984 2935 Hoc

2318 2979 2514 3037 neque
2536 2965 2611 3023 de
2636 2965 2923 3022 omnibus
2937 2965 3113 3037 justis
3136 2965 3306 3023 fateri
3328 2981 3654 3039 possumus
3677 2982 3894 3039 neque
3913 2966 3983 3023 de

2316 3055 2602 3113 omnibus
2666 3071 2910 3127 negare,
2964 3071 3108 3114 nam
3159 3061 3298 3114 sunt
3343 3055 3760 3130 quorumdam
3801 3058 3986 3129 justo-

2317 3159 2453 3200 ruin
2469 3145 2704 3214 animae,
2728 3161 2865 3219 quae
2883 3162 2919 3202 a
2936 3145 3158 3202 caelesti
3183 3161 3372 3217 regno
3392 3145 3772 3220 quibusdam
3790 3148 3984 3203 adhuc

2318 3235 2740 3291 mansionibus
2773 3234 3149 3303 differuntur;
3172 3234 3233 3290 in
3262 3251 3386 3307 quo
3414 3234 3720 3291 dilationis
3754 3235 3981 3292 damno

2319 3326 2468 3401 quid
2497 3324 2661 3382 aliud
2696 3323 2963 3380 innuitur
3005 3324 3119 3379 nisi
3164 3324 3330 3396 quod
3358 3324 3432 3380 de
3462 3324 3733 3397 perfecta
3758 3325 3983 3396 justitia

2320 3414 2548 3489 aliquid
2588 3413 2789 3469 minus
2817 3411 3206 3467 habuerunt?
3245 3416 3301 3467 et
3340 3416 3542 3468 tamen
3580 3411 3717 3468 luce
3767 3413 3982 3469 clarius

2320 3508 2553 3562 constat
2578 3502 2722 3575 quia
2746 3500 3148 3575 perfectorum
3163 3501 3465 3571 justorum
3492 3501 3740 3570 animae,
3762 3518 3910 3558 mox
3929 3508 3983 3556 nt

2319 3594 2501 3665 hujus
2549 3590 2744 3648 carnis
2792 3590 3051 3646 claustra
3092 3593 3332 3656 exeunt,
3362 3590 3425 3645 in
3456 3589 3811 3646 ccelestibus
3856 3592 3981 3663 [al.,

2320 3680 2573 3738 ccelestis
2603 3680 2789 3752 regni]
2824 3678 3069 3735 sedibus
3098 3678 3487 3750 recipiuntur,
3536 3679 3705 3751 quod
3749 3685 3812 3736 et
3860 3681 3985 3753 ipsa

2321 3771 2542 3826 Veritas
2568 3773 2894 3826 attestatur.
2911 3767 3115 3823 dicens
3136 3784 3148 3822 :
3173 3768 3519 3840 Ubicunque
3530 3769 3728 3839 fuerit
3749 3785 3981 3839 corpus,

2322 3861 2471 3919 illuc
2501 3857 3029 3930 congregabantur
3056 3858 3276 3928 aquila:
3303 3856 3464 3928 (Luc.
3490 3872 3626 3923 xvn,
3660 3860 3730 3912 37
3742 3872 3760 3925 ;
3796 3876 3811 3914 :
3843 3859 3985 3932 quia

2320 3948 2419 4004 ubi
2447 3948 2575 4021 ipse
2602 3946 2967 4018 Redemptor
2981 3949 3182 4000 noster
3201 3949 3290 4000 est
3317 3960 3587 4017 corpore,
3608 3944 3755 4002 illuc
3779 3945 3983 4019 procul

2319 4037 2506 4094 dubio
2534 4036 2891 4106 colliguntur
2920 4038 2975 4091 et
3020 4034 3236 4090 animae
3257 4034 3575 4103 justorum,
3610 4037 3674 4090 Et
3714 4036 3939 4092 Paulus
3967 4054 3980 4092 :

2318 4127 2578 4183 Dissolvi
2592 4126 2859 4181 desidero
2881 4123 3005 4195 [al.,
3026 4125 3199 4192 cupio
3215 4123 3483 4193 dissolvi]
3508 4128 3566 4179 et
3590 4139 3724 4180 cum
3751 4126 3983 4181 Christo

2319 4231 2439 4273 esse
2466 4215 2716 4285 (Philip.
2744 4229 2781 4282 ι,
2811 4216 2926 4281 23).
2963 4212 3073 4278 Qui
3094 4227 3237 4281 ergo
3270 4211 3574 4267 Christum
3595 4228 3729 4268 esse
3746 4213 3810 4268 in
3833 4212 3980 4269 coelo

2318 4319 2440 4360 non
2461 4301 2713 4368 dubitat,
2738 4316 2847 4356 nec
2878 4301 3046 4356 Pauli
3077 4300 3346 4357 animam
3370 4301 3585 4357 essein
3602 4301 3760 4358 caelo
3782 4307 3977 4373 negat,

2317 4393 2422 4466 qui
2466 4390 2641 4447 etiam
2685 4388 2760 4445 de
2790 4389 3085 4445 solutione
3114 4392 3245 4462 [al.,
3276 4389 3695 4463 dissolutione]
3728 4392 3824 4447 sui
3849 4408 3976 4448 cor-

2313 4479 2685 4554 poris,atque
2705 4476 3143 4533 inhabitatione
3154 4479 3360 4551 patriae
3383 4478 3636 4535 caelestis
3658 4479 3807 4536 dicit
3822 4498 3837 4535 :
3852 4481 3977 4537 Sci-

2313 4584 2443 4626 mus
2465 4568 2745 4641 quoniam
2768 4566 2822 4620 si
2834 4567 3132 4622 terrestris
3152 4566 3359 4623 domus
3376 4572 3584 4624 nostra
3605 4567 3795 4638 hujus
3816 4568 3979 4625 habio

2315 4659 2560 4715 talionis
2585 4657 2971 4725 dissolvatur,
3005 4657 3166 4727 quod
3177 4657 3629 4724 aedificationem
3644 4657 3929 4714 habemus
3941 4674 3977 4714 α

2312 4749 2433 4805 Deo
2456 4747 2695 4803 domum
2713 4761 2830 4801 non
2845 4746 3281 4814 manufactam,
3295 4746 3399 4803 sed
3416 4752 3703 4803 aeternam
3719 4747 3781 4802 in
3810 4748 3975 4803 ccetis

2312 4837 2399 4909 (ΙΙ
2430 4838 2558 4895 Cor.
2591 4852 2647 4902 v,
2683 4835 2754 4906 1).
2791 4865 2861 4875 -
2916 4836 3153 4889 Pramus.
3189 4833 3248 4890 Si
3304 4834 3487 4906 igitur
3536 4850 3703 4891 nunc
3732 4835 3798 4891 in
3828 4835 3975 4893 caelo

2313 4931 2452 4983 sunt
2479 4926 2697 4982 animae
2717 4924 3042 4995 justorum,
3068 4922 3218 4994 quid
3243 4928 3332 4980 est
3357 4923 3524 4998 quod
3555 4924 3619 4980 in
3648 4924 3747 4981 die
3769 4926 3975 4998 judicii

2308 5030 2419 5087 pro
2425 5012 2665 5085 justitiae
2684 5029 2807 5068 suae
2821 5010 3182 5068 reributione
3193 5013 3521 5085 recipient?
3541 5045 3612 5054 -—
3625 5016 3973 5071 Gnecomus.

2308 5102 2433 5158 Hoc
2455 5102 2539 5157 eis
2559 5101 2843 5157 nimirum
2866 5099 3076 5157 crescit
3106 5100 3168 5156 in
3193 5101 3445 5173 judicio,
3468 5101 3637 5175 quod
3663 5118 3837 5161 nunc
3856 5104 3974 5160 ani-

2306 5208 2551 5249 marum
2598 5190 2745 5261 sola,
2796 5191 3189 5264 postmodum
3231 5208 3374 5249 vero
3419 5193 3597 5249 etiam
3644 5209 3971 5268 corporum

2305 5280 2675 5339 beatitudine
2698 5280 3115 5354 perfruentur;
3147 5284 3212 5336 ut
3242 5280 3301 5336 in
3334 5282 3468 5354 ipsa
3496 5297 3749 5354 quoque
3800 5297 3971 5340 carne

2306 5372 2630 5443 gaudeant,
2654 5370 2715 5425 in
2734 5385 2855 5443 qua
2874 5368 3115 5426 Dolores
3132 5385 3244 5442 pro
3266 5369 3519 5427 Domino
3544 5372 3971 5446 cruciatusque

2303 5461 2695 5535 pertulerunt.
2733 5463 2841 5516 Pro
2870 5460 2985 5517 hac
3011 5460 3237 5533 quippe
3266 5461 3569 5531 geminata
3597 5476 3821 5519 eorum
3849 5462 3967 5534 glo-

2302 5550 2392 5607 ria
2432 5551 2718 5625 scriptum
2754 5552 2843 5606 est
2878 5565 2891 5604 :
2936 5550 3009 5605 In
3053 5555 3216 5607 terra
3251 5565 3359 5607 sua
3399 5551 3671 5620 duplicia
3711 5553 3969 5621 posside.

2306 5637 2454 5695 bunt
2490 5639 2633 5711 (Isa.
2680 5642 2794 5710 ω,
2840 5638 2913 5709 7).
2954 5636 3100 5695 Hinc
3128 5636 3310 5695 etiam
3334 5641 3473 5697 ante
3503 5639 3969 5699 resurrectionis
