2080 3093
95 112 159 140 1297
573 112 617 140 DE
632 112 932 142 PRZEDESTINATIOJ

989 113 1128 143 CONTRA
1140 116 1164 145 J.
1181 117 1318 146 SCOTUM
1729 124 1798 152 1298

93 173 168 202 diem
183 173 220 201 de
236 173 412 201 sanctorum
427 173 589 202 animabus
599 175 744 211 scriptum
757 178 816 204 est:
833 177 919 205 Data
932 178 956 205 Α
974 177 1039 212 [al.,
1057 179 1265 216 aperiendum]
1278 180 1388 209 librum
1402 181 1502 209 nullus
1526 181 1583 210 sub
1602 184 1679 212 terra
1698 184 1801 214 inven-

92 220 159 246 szmt
174 218 236 246 illis
251 218 379 253 singulae
393 218 478 246 stolae
490 218 584 254 alba};
596 223 623 247 et
631 220 742 249 dictum
758 224 800 249 est
814 222 874 249 illis
886 224 918 249 ut

91 263 307 312 ὶοίέιᾶἓςῇσενεηι
330 265 446 297 tempus
461 262 561 291 adhuc
582 264 740 299 modicum,
756 266 849 294 donec
867 266 919 294 im-

94 292 260 360 aﬁzjv'l:
273 315 592 360 “raucam-quorum
614 311 642 337 et
660 310 797 360 fratrum
817 318 918 339 eorum

97 329 199 365 (Apoc.
213 337 252 362 Vi,
273 328 325 363 ll).
342 328 597 365 Q'u‘ivi'lf;"f":_'_':
605 328 666 365 Ῐξέ

107 354 199 364 --ι--ν-
221 354 252 362 ⁷-1
273 354 324 363 κη·
349 354 396 360 νηί
420 354 482 364 κνητ,
505 360 511 363 ,
660 354 666 359 .

96 354 173 407 runt,
187 372 276 400 binas
298 372 330 399 in
351 371 467 408 judicio
492 354 778 409 adtingi???”
798 363 920 404 θ’θθθρξθ·

98 417 187 435 ΜΛΑΛ
202 418 371 435 aninunrnm
385 418 499 435 Canium
525 419 594 435 fnnn
612 400 833 435 ητις-τιέπηῆυέῒῖ
847 407 919 435 (ἰυιᾶ

826 420 833 434 ἳ

98 417 187 446 modo
200 406 373 446 animarum
385 418 512 450 tantum,
525 419 595 445 tunc
611 406 850 446 animaruﬁl'gxtﬁ

99 470 258 498 corporum
272 461 368 497 gloria
383 461 574 489 laetabuntur.

132 507 149 540 1-
162 507 197 534 Et
217 506 298 542 quia,
316 505 464 534 tribuente
481 505 619 539 Domino,
635 505 672 534 de
694 506 761 534 loco
785 508 814 534 et
833 506 927 541 gloria

100 553 270 579 sanctorum
291 550 367 586 ejus,
383 551 531 586 quantum
555 553 694 587 suscepto
709 550 792 587 operi
808 558 928 586 compe-

99 597 162 623 tens
175 595 327 629 duximus,
342 596 413 622 satis
424 594 564 621 ﬁdelibus
578 594 704 629 egimus,
717 603 797 622 nunc
811 595 848 622 de
860 594 927 622 loco

100 641 128 668 et
138 639 304 674 ignominia
319 638 529 675 reproborum,
546 639 611 675 ipso
627 639 754 671 favente,
772 639 928 667 videamus

100 691 165 719 quae
180 683 237 711 sub
252 683 339 711 terris
353 691 417 710 esse
435 683 609 710 auctoritate
620 683 751 711 veridica
766 683 929 719 perdocen-

101 730 161 762 tur;
178 728 216 756 de
230 736 293 764 qua
307 736 338 755 re
352 728 394 755 ita
409 727 533 755 beatum
549 728 723 762 Gregorium
738 730 928 764 percontatus

101 774 142 800 est
165 773 266 800 Petrus
288 772 426 807 (Gregor.
446 772 566 807 Dialog.
583 771 603 800 l.
620 780 658 805 ιν,
676 780 700 800 c.
713 774 776 803 28):
792 772 929 808 [Inquisi-

866 443 919 463 ’λέ

974 223 1020 249 tus
1035 222 1146 258 dignus
1162 224 1278 259 dicitur,
1295 225 1369 262 quid
1384 225 1484 254 obstet
1509 234 1571 254 non
1585 227 1683 262 video,
1700 230 1732 257 ut
1747 230 1804 258 sub

972 268 1051 295 terra
1064 275 1128 295 esse
1140 268 1276 297 infernus
1293 270 1452 308 credatur.]

1008 311 1115 346 ﬁdem
1124 313 1155 340 in
1162 313 1291 342 Homilia
1297 317 1330 343 38
1336 316 1405 343 ante
1411 315 1590 351 medium,in
1598 318 1802 353 Evangelium:

972 355 1141 390 [Bonienim
1149 357 1204 385 soli
1211 366 1365 394 nusquam
1371 362 1441 388 sunt
1447 360 1503 388 nisi
1509 360 1540 388 in
1550 361 1665 396 coslo,et
1671 363 1742 391 mali
1749 363 1804 392 soli

972 407 1123 445 nusquam
1135 404 1205 430 sunt
1214 403 1272 430 nisi
1283 403 1314 431 in
1328 404 1455 433 interno.
1469 406 1535 432 llaec
1550 408 1651 434 autem
1662 408 1721 436 vita
1735 417 1804 445 quae

971 443 1054 490 mter
1069 445 1178 490 coelum
1194 449 1222 475 et
1245 447 1394 476 infernum
1415 449 1471 477 sita
1494 452 1549 483 est,
1565 451 1640 479 sicut
1659 451 1688 480 in
1702 443 1804 482 medio

979 488 1176 542 τῷίέῆίὶξτὲξξ
1174 493 1369 533 utrarumque
1378 493 1510 529 partium
1519 494 1598 522 cives
1605 497 1806 526 communiter

981 538 1073 578 πνέω
1088 538 1423 586 ευξοίρηβῖιβιδδξξηοιᾶ
1438 538 1578 586 Ecclesia,
1592 541 1620 568 et
1635 548 1716 569 nunc
1729 542 1805 569 indi-

981 594 1047 630 ωε]
1169 581 1180 586 ”
1214 581 1218 584 ”
1266 581 1277 586 ⁵
1389 581 1497 611 “'min
1512 584 1681 618 egressione
1694 585 1804 614 discer-

1017 640 1038 674 -ἰ-
1058 639 1138 667 idem
1167 639 1198 667 in
1223 639 1397 675 Moralibus,
1419 639 1472 668 lib.
1498 648 1549 668 xui
1573 640 1610 676 (ο.
1634 655 1679 668 ιη,
1696 671 1701 677 ,
1717 674 1748 683 ,η

982 686 1098 712 constet
1112 684 1194 720 quod
1210 684 1292 721 apud
1315 684 1426 712 inferos
1438 685 1513 720 justi
1534 693 1596 713 non
1619 682 1815 722 1111001εὸἶὲ-

982 729 1112 762 nalibus,
1127 729 1179 756 sed
1200 729 1231 756 in
1255 729 1401 765 superiori
1422 730 1531 765 quietis
1551 730 1618 757 sinu
1633 732 1813 763 tenerentur.

984 781 1096 808 magna
1111 773 1198 800 nobis
1212 772 1346 800 oboritur
1363 773 1500 809 quaestio,
1514 773 1662 809 quidnam
1678 775 1715 802 sit
1730 774 1815 810 quod

100 816 173 844 tiopi
197 824 282 851 meas,
301 816 397 849 aiens,
417 815 598 843 sufﬁcienter
618 816 683 852 jam
705 816 792 844 video
815 816 930 844 satisia-
946 825 966 852 Β
984 817 1090 845 beatus
1102 816 1158 845 Job
1174 817 1280 845 asserit
1292 816 1414 844 dicens:
1431 817 1466 844 In
1480 818 1752 852 profundissimam
1768 819 1814 846 in-

101 863 192 896 ctum,
210 861 261 889 sed
278 861 334 888 hoc
346 862 390 888 est
404 859 503 888 adhuc
518 860 601 896 quod
614 861 779 896 quzestione
794 860 930 888 animum

101 906 209 942 pulsat,
226 906 307 942 quia,
325 914 394 933 cum
417 905 554 941 superius
578 905 692 933 dictum
717 906 755 933 sit
778 914 844 934 esse
865 906 930 941 jam

102 953 274 979 sanctorum
290 950 409 978 animas
423 950 455 977 in
469 949 555 985 ccelo,
572 952 661 978 restat
677 950 782 986 procul
795 950 888 978 dubio
899 952 932 978 ut

100 995 272 1031 iniquorum
286 1002 410 1031 quoque
425 994 534 1022 animus
544 1002 609 1022 esse
624 1002 686 1022 non
697 995 754 1023 nisi
769 995 799 1023 in
815 995 931 1022 inferno

103 1038 261 1066 credantur
274 1047 281 1072 ;
299 1040 326 1066 et
339 1038 413 1074 quid
428 1037 466 1065 de
481 1038 539 1066 hac
554 1045 585 1066 re
599 1038 710 1067 habeat
725 1038 836 1067 veritas
848 1039 932 1073 igno-

103 1091 150 1111 ro:
162 1091 236 1110 nam
249 1083 384 1110 humana
395 1083 553 1111 aestimatio
564 1091 627 1111 non
636 1084 728 1111 habet
738 1086 932 1120 peccatorum

104 1127 223 1155 animas
238 1129 307 1154 ante
317 1127 464 1162 judicium
478 1135 567 1164 posse
577 1128 755 1156 cruciari.——
763 1129 931 1157 GREGORIUS.

105 1172 133 1200 Si
143 1180 210 1199 esse
222 1174 393 1200 sanctorum
406 1172 523 1200 animas
537 1172 567 1200 in
583 1172 658 1201 caelo
674 1173 751 1201 sacri
767 1173 877 1209 eloquii
887 1180 933 1201 sa-

104 1216 271 1244 tisfactione
291 1216 452 1252 credidisti,
474 1219 591 1253 oportet
617 1220 649 1245 ut
670 1225 724 1254 per
744 1218 847 1246 omnia
869 1226 934 1246 esse

105 1259 209 1287 credas
230 1262 258 1288 et
279 1260 451 1296 iniquorum
476 1261 593 1289 animas
615 1262 646 1289 in
667 1261 794 1295 inferno,
811 1262 883 1297 quia
898 1270 935 1290 ex

105 1304 298 1332 retributione
313 1307 429 1332 eterna
441 1305 572 1340 justitiaa,
586 1313 623 1334 ex
637 1314 698 1342 qua
710 1306 775 1341 jam
786 1306 859 1341 justi
874 1305 935 1341 glo‘

106 1348 228 1381 riantur,
245 1356 366 1377 necesse
381 1352 424 1377 est
448 1358 501 1386 per
515 1349 618 1378 omnia
643 1352 674 1378 ut
698 1353 727 1378 et
747 1350 848 1386 injusti
871 1358 935 1378 cru-

106 1392 229 1420 cientur.
246 1394 320 1421 Nam
343 1393 419 1422 sicut
433 1394 542 1422 electos
563 1394 718 1423 beatitudo
740 1394 878 1427 laetiﬁcat,
894 1395 935 1422 ita

107 1437 185 1465 credi
199 1445 319 1466 necesse
332 1441 377 1466 est
391 1438 475 1475 quod
490 1447 508 1466 a
522 1439 570 1466 die
583 1439 678 1467 exitus
693 1439 739 1467 sui
749 1440 826 1474 ignis
834 1447 935 1475 repro-

105 1481 162 1509 bos
184 1484 298 1509 exurat.
315 1498 349 1501 —
364 1483 479 1510 Penus.
497 1482 563 1516 Sed,
581 1491 694 1518 quaeso,
711 1483 783 1518 quia
798 1483 936 1519 superior

106 1533 205 1553 sermo
220 1526 257 1553 de
271 1526 344 1553 locis
359 1527 529 1562 poenalibus
548 1527 654 1554 inferni
670 1527 857 1561 versabatur,
871 1527 935 1555 ubi-

106 1578 178 1597 nam
194 1578 258 1598 csse
271 1570 364 1598 infern
371 1579 421 1598 um
444 1573 585 1606 putemus
596 1571 610 1598 Ῡ
629 1579 720 1606 super
734 1571 812 1598 hanc
826 1573 935 1599 terram

106 1623 147 1643 an
163 1616 264 1642 subter
280 1615 362 1642 terris
378 1615 506 1650 [at.,sub
517 1615 574 1643 hac
589 1616 676 1651 terra]
692 1623 756 1643 esse
769 1616 936 1644 credendus

106 1660 171 1687 est?
187 1675 221 1679 —-
238 1661 405 1687 Gnecomus.
429 1661 487 1686 Hac
502 1659 539 1686 de
554 1667 585 1686 re
599 1661 710 1687 temere
725 1659 849 1688 deiinire
864 1660 937 1688 nihil

107 1703 363 1732 audeo.Nonnulli
375 1711 507 1739 namque
523 1703 554 1730 in
565 1704 698 1739 quadam
714 1706 860 1732 terrarum
871 1712 937 1740 par-

108 1751 136 1776 te
151 1748 302 1776 infernum
320 1755 385 1775 esse
410 1750 610 1783 putaverunt;
631 1747 679 1776 alii
694 1756 767 1776 vero
781 1748 863 1776 hunc
878 1748 936 1777 sub

108 1795 186 1821 terra
194 1801 260 1820 esse
272 1792 488 1821 :estimanLSed
503 1795 601 1820 tamen
612 1793 669 1820 hoc
678 1793 814 1821 animum
825 1793 935 1830 pulsat,

107 1837 190 1873 quia,
203 1837 227 1864 si
243 1837 354 1865 idcirco
368 1836 517 1865 infernum
533 1837 661 1865 dicimus
675 1838 747 1874 quia
757 1838 879 1866 inferius
895 1839 936 1872 ia-

107 1884 163 1915 cet,
175 1881 258 1917 quod
274 1884 351 1909 terra
365 1881 403 1909 ad
420 1881 528 1909 caelum
537 1882 603 1917 [at.,
613 1890 631 1909 a
641 1883 727 1918 callo]
738 1886 792 1916 est,
804 1883 862 1910 hoc
870 1891 935 1911 esse

106 1926 240 1954 internus
254 1926 342 1954 debet
355 1926 395 1953 ad
410 1928 519 1953 terram
536 1926 600 1961 [αι’
610 1935 627 1955 a
644 1927 740 1962 terra].
752 1927 835 1955 Unde
846 1930 935 1964 etpu-

107 1972 136 1998 to
164 1978 218 2005 per
242 1971 431 1998 Psalmistam
457 1970 568 1998 dictum
593 1971 657 2007 [al.,
680 1974 708 1999 et
733 1972 857 2000 fortasse
881 1980 935 2008 per

106 2014 295 2042 Psalmistam
310 2014 428 2050 dicitur]
445 2023 451 2042 :
474 2015 624 2043 Liberasti
635 2017 765 2043 animam
781 2023 875 2043 meam
897 2024 935 2043 ex

103 2060 225 2094 inferno
239 2060 378 2094 inferiori
391 2060 484 2093 (Psal.
497 2068 602 2090 Lxxxv,
618 2061 676 2095 i3);
694 2063 726 2088 ut
740 2060 875 2088 infernus
886 2069 934 2088 su-

103 2104 205 2140 perior
220 2104 249 2131 in
265 2106 351 2138 terra,
363 2103 483 2131 inferior
497 2104 554 2131 sub
570 2107 648 2131 terra
661 2113 725 2132 esse
740 2104 885 2133 videatur.
901 2106 935 2133 Et

103 2148 227 2176 Joannis
239 2149 332 2176 voxin
346 2157 382 2176 ea
397 2149 593 2176 restimatione
606 2150 768 2177 concordat
780 2159 786 2183 ;
801 2150 932 2186 quicum

104 2194 258 2227 signatum
271 2193 380 2221 librum
395 2195 509 2229 septem
524 2194 626 2228 sigillis
644 2194 750 2222 vidisse
766 2203 796 2222 se
812 2195 933 2229 diceret,

104 2239 180 2274 quia
195 2245 278 2265 nemo
298 2238 432 2265 inuentus
448 2241 489 2266 est
503 2239 611 2273 (lignus
628 2247 721 2274 neque
734 2240 765 2267 in
786 2240 870 2274 aceto,
887 2247 933 2267 ne-

104 2289 166 2317 que
180 2282 211 2308 in
225 2284 316 2312 terra,
332 2290 424 2318 neque
436 2282 539 2310 subtus
555 2286 678 2315 terram,
690 2284 807 2317 aperire
824 2283 933 2310 librum

103 2329 133 2355 et
150 2327 265 2355 solvere
279 2327 435 2362 signacula
450 2329 525 2362 ejus,
540 2326 694 2362 adjunxit:
710 2328 747 2354 Et
761 2335 812 2362 ego
825 2328 933 2362 ﬂebam

103 2372 235 2399 multum
260 2372 360 2407 (Apoc.
376 2380 404 2403 v,
425 2374 446 2404 ι,
464 2374 490 2406 3,
507 2372 533 2404 4,
551 2374 576 2404 5,
594 2372 671 2406 etc.).
690 2373 782 2404 Quem
805 2372 932 2399 multum

103 2419 208 2443 tamen
225 2416 416 2451 postmodum
442 2415 551 2443 librum
574 2424 626 2452 per
651 2418 778 2443 Leonem
803 2416 840 2443 de
855 2416 933 2444 tribu

102 2460 185 2488 Juda
213 2460 283 2488 dicit
307 2461 424 2497 aperiri.
452 2461 482 2487 iu
506 2469 567 2496 quo
595 2461 732 2489 videlicet
760 2461 835 2489 libro
859 2460 933 2497 quid

102 2505 186 2533 aliud
211 2514 303 2541 quam
329 2513 415 2532 sacra
436 2505 586 2540 Scriptura
605 2505 755 2539 signatur;
778 2514 870 2542 quam
887 2514 933 2533 so-

99 2550 150 2576 lus
170 2550 347 2585 Redemptor
372 2552 470 2577 uoster
497 2550 631 2584 aperuit;
652 2551 714 2586 qui,
731 2551 821 2579 homo
837 2551 933 2579 factus

100 2597 160 2626 est,
184 2595 351 2628 moriendo,
369 2594 571 2628 resurgendo,
595 2596 797 2631 ascendendo,
826 2598 934 2623 cuncta

100 2639 249 2674 mysteria
264 2647 332 2675 quin
357 2639 387 2666 in
412 2646 447 2666 ea
469 2639 587 2667 fuerant
607 2639 719 2673 clausa,
733 2640 879 2676 patefecit.
894 2640 932 2666 Et

100 2684 211 2711 nullus
222 2684 252 2711 in
262 2684 346 2716 creto,
356 2682 428 2719 quia
436 2690 533 2719 neque
541 2683 676 2720 angelus,
684 2685 787 2711 nullus
799 2685 828 2711 in
840 2686 932 2716 terra,

99 2728 179 2764 quia
188 2736 287 2763 neque
298 2728 389 2755 homo
400 2727 503 2754 vivens
517 2727 549 2755 in
563 2736 698 2764 corpore,
712 2731 738 2756 et
753 2728 857 2755 nullus
868 2727 933 2755 sub-

102 2776 154 2799 tus
171 2775 283 2799 terram
294 2773 402 2808 dignus
415 2773 552 2799 inventus
564 2775 616 2806 est,
632 2772 703 2808 quia
713 2779 811 2808 neque
825 2772 933 2799 animus

100 2824 234 2852 corpore
244 2819 339 2844 exutis
350 2816 465 2852 aperire
473 2815 560 2844 nobis
570 2819 677 2852 printer
688 2816 847 2844 Dominum
859 2816 935 2844 sacri

103 2860 221 2896 eloquii
231 2862 345 2890 secreta
354 2862 525 2897 potuerunt.
538 2860 612 2889 Cum
623 2867 694 2897 ergo
705 2860 745 2890 ad
759 2860 937 2890 solvendum

983 863 1105 897 fernum
1118 861 1295 890 descendent
1309 861 1410 889 omnia
1423 869 1488 889 mea
1500 862 1576 897 (Job.
1591 870 1663 898 xvn,
1681 863 1738 898 16):
1750 863 1813 899 qui,

985 907 1041 934 etsi
1054 908 1122 934 ante
1133 906 1296 934 adventum
1306 906 1480 934 mediatoris
1490 905 1540 934 Dei
1549 908 1577 934 et
1589 906 1761 943 hominum,
1772 907 1817 935 in-

985 951 1104 979 fernum
1114 950 1316 978 descensurus
1327 950 1501 986 erat,liquet
1511 952 1612 978 tamen
1623 951 1695 987 quia
1705 951 1736 979 in
1747 959 1815 988 pro-

986 994 1198 1023 iundissimum
1215 994 1366 1022 infernum
1381 994 1581 1022 descensurus
1602 1002 1664 1023 non
1681 997 1755 1023 erat.
1770 997 1816 1023 An

986 1039 1053 1076 ipsa
1081 1039 1238 1075 superiora
1261 1038 1328 1067 loca
1342 1038 1428 1067 inferi
1442 1038 1715 1075 profundissimum
1729 1039 1817 1067 infer<

987 1091 1062 1111 num
1076 1085 1175 1117 vocat,
1191 1083 1262 1119 quia
1274 1082 1420 1115 videlicet,
1431 1084 1580 1119 quantum
1595 1083 1634 1112 ad
1649 1083 1817 1112 sublimita-

989 1130 1049 1155 tem
1063 1127 1140 1162 emli,
1153 1128 1218 1163 jam
1232 1127 1324 1163 hujus
1348 1127 1425 1155 aeris
1444 1127 1576 1164 spatium
1591 1135 1653 1156 non
1667 1127 1817 1156 immerito

988 1172 1046 1200 dici
1060 1172 1194 1200 infernus
1207 1172 1329 1208 potest?
1345 1172 1438 1207 Unde,
1447 1180 1517 1200 cum
1528 1174 1674 1209 apostatae
1690 1172 1789 1208 angeli
1799 1180 1819 1202 a.

988 1215 1157 1244 caelestibus
1173 1216 1294 1243 sedibus
1305 1216 1336 1244 in
1351 1215 1408 1244 hoc
1424 1216 1588 1252 caliginoso
1603 1224 1671 1245 aere
1685 1218 1754 1245 sunt
1769 1217 1819 1245 de-

989 1260 1089 1294 mersi,
1103 1262 1204 1288 Petrus
1219 1260 1374 1296 apostolus
1387 1260 1475 1288 dicit:
1493 1261 1617 1296 Angelis
1626 1261 1818 1296 peceantibus
1860 1269 1862 1271 '

989 1313 1049 1333 non
1061 1305 1205 1340 percepit,
1223 1305 1275 1332 sed
1297 1305 1472 1333 rudentibus
1492 1305 1609 1340 inferni
1622 1305 1772 1333 detractos
1787 1305 1820 1333 in

990 1353 1140 1378 tartarum
1155 1349 1282 1377 tradidit
1303 1349 1335 1377 in
1345 1350 1463 1384 judicio
1481 1350 1659 1378 cruciandos
1672 1352 1823 1378 reservari

989 1395 1034 1430 (II
1046 1395 1129 1422 Petr.
1145 1403 1173 1428 ιι,
1196 1395 1233 1430 4).
1253 1394 1281 1422 Si
1293 1394 1394 1430 itaque
1414 1394 1453 1422 ad
1469 1394 1675 1422 celsitudinem
1690 1395 1756 1422 coeli
1769 1402 1820 1423 aer

989 1440 1043 1467 iste
1059 1439 1240 1473 caliginosus
1253 1438 1387 1466 infernus
1399 1441 1454 1471 est.
1465 1440 1613 1475 quantum
1629 1439 1668 1466 ad
1683 1439 1820 1474 ejusdem

991 1483 1067 1512 aeris
1093 1482 1280 1511 altitudinem
1301 1484 1389 1517 terra,
1405 1490 1472 1518 quae
1497 1481 1620 1510 inferius
1631 1482 1721 1518 jacet,
1735 1485 1764 1511 et
1777 1482 1821 1511 in-

991 1529 1094 1557 fernus
1119 1527 1241 1562 intelligi
1271 1529 1299 1555 et
1322 1526 1500 1563 profundior
1527 1529 1645 1563 potest;
1670 1529 1820 1564 quantum

993 1581 1061 1601 vero
1077 1572 1115 1600 ad
1130 1572 1266 1608 ejusdem
1282 1574 1365 1599 terrae
1381 1570 1580 1605 altitudinem,
1597 1573 1625 1599 et
1639 1571 1766 1600 illaloca
1777 1571 1820 1599 ιη-

992 1617 1044 1645 feri
1060 1625 1126 1653 qua:
1147 1616 1302 1653 superiora
1317 1617 1386 1643 sunt
1403 1615 1468 1642 aliis
1491 1615 1696 1651 receptaculis,
1712 1616 1820 1648 inferni

990 1662 1048 1689 hoc
1058 1661 1125 1689 loco
1137 1669 1198 1688 non
1206 1661 1370 1695 incongrue
1380 1659 1609 1696 profundissimi
1620 1660 1820 1696 appellatione

992 1705 1235 1742 siguantur,quia
1243 1704 1327 1742 quod
1337 1712 1389 1733 aer
1399 1704 1439 1732 ad
1451 1704 1652 1739 coelum,terra
1658 1705 1698 1733 ad
1709 1713 1820 1740 aerem,

992 1751 1049 1778 hoc
1062 1750 1109 1778 ille
1127 1753 1171 1778 est
1184 1750 1320 1787 superior
1334 1749 1520 1778 infernorum
1536 1749 1619 1777 sinus
1634 1750 1673 1778 ad
1687 1750 1821 1786 terram]

1027 1796 1048 1830 -ὶ-
1060 1795 1142 1823 Idem
1167 1795 1197 1822 in
1222 1796 1303 1830 Mor.,
1318 1794 1338 1823 l.
1354 1803 1400 1829 xu,
1417 1803 1444 1823 c.
1459 1795 1494 1823 6:
1512 1795 1582 1830 [Nec
1597 1796 1698 1822 tamen
1712 1794 1754 1822 ita
1771 1794 1821 1829 ju-

992 1842 1107 1867 storum
1124 1840 1242 1867 animas
1256 1840 1295 1867 ad
1313 1839 1463 1867 internum
1477 1839 1605 1867 dicimus
1618 1838 1820 1872 descendisse,

990 1886 1023 1912 ut
1037 1884 1067 1911 in
1082 1884 1154 1911 locis
1169 1883 1340 1919 pcenalibus
1353 1885 1533 1917 tenerentur,
1545 1883 1598 1910 sed
1611 1891 1677 1910 esse
1690 1882 1822 1918 superio-

989 1936 1023 1956 ra
1038 1927 1146 1955 inferni
1160 1927 1236 1961 loca,
1253 1934 1317 1954 esse
1333 1926 1392 1954 alia
1409 1926 1550 1954 inferiora
1565 1925 1716 1953 credenda
1733 1928 1818 1958 sunt;

989 1974 1022 2000 ut
1035 1974 1062 1999 et
1082 1971 1113 1999 in
1137 1970 1343 2007 superioribus
1356 1969 1428 2005 justi
1442 1969 1671 2005 requiescerent,
1688 1970 1717 1996 et
1731 1968 1761 1996 in
1773 1968 1819 1995 in-

988 2015 1146 2044 ferioribus
1166 2015 1269 2051 injusti
1282 2014 1494 2042 cruciarentur.
1513 2013 1596 2041 Unde
1611 2015 1640 2041 et
1653 2012 1818 2047 Psalmista,

988 2063 1111 2097 propter
1145 2059 1377 2096 praevenientem
1409 2066 1440 2087 se
1470 2058 1520 2087 Dei
1552 2058 1692 2093 gratiam,
1725 2057 1819 2093 dicit;

989 2106 1138 2140 Eripuistt
1168 2105 1299 2133 animam
1331 2112 1427 2132 meam
1462 2111 1499 2132 ea;
1530 2103 1651 2138 inferno
1678 2103 1820 2138 inferiori

990 2150 1083 2186 (Psal.
1100 2158 1202 2185 Lxxxv,
1222 2150 1275 2185 l3.]

1025 2196 1046 2230 -ξ-
1057 2195 1255 2231 Hieronymus
1266 2194 1296 2222 in
1311 2194 1495 2230 expositione
1504 2193 1588 2221 Isaiae
1597 2193 1718 2229 proph..
1728 2192 1779 2220 lib.
1788 2201 1818 2228 v,

989 2247 1015 2267 c.
1034 2240 1076 2272 14,
1097 2239 1144 2266 19;
1160 2239 1217 2269 [Τα
1243 2241 1342 2267 autem
1360 2239 1510 2273 proiectus
1525 2245 1553 2266 es
1568 2238 1604 2265 de
1615 2237 1752 2271 sepulcro
1767 2240 1817 2264 tuo

988 2283 1076 2319 quasi
1084 2284 1175 2317 stirps
1188 2283 1314 2318 inutilis,
1325 2283 1459 2317 pollutus
1472 2285 1499 2310 et
1514 2282 1680 2314 obvolutus,
1693 2288 1760 2309 cum
1771 2280 1817 2308 his

989 2328 1042 2363 qui
1056 2327 1207 2361 interfecti
1228 2330 1298 2355 sunt
1327 2327 1439 2362 gladio,
1455 2329 1482 2355 et
1496 2326 1712 2355 descenderunt
1726 2332 1818 2360 usque

988 2371 1029 2400 ad
1047 2371 1247 2406 fundamenta
1270 2372 1331 2399 laci
1344 2372 1415 2405 (Isa.
1432 2378 1492 2405 xw,
1510 2372 1563 2404 19).
1585 2372 1618 2398 Et
1631 2372 1675 2397 est
1690 2376 1814 2397 sensus:

989 2415 1112 2452 sepultis
1129 2416 1271 2443 omnibus
1285 2416 1338 2452 qui
1353 2424 1371 2443 a
1391 2418 1418 2443 te
1433 2415 1578 2443 interfecti
1597 2416 1675 2449 sunt,
1691 2416 1721 2442 tu
1735 2413 1816 2441 solus

987 2459 1153 2496 insepultus
1172 2460 1297 2495 jacebis.
1315 2460 1368 2488 Alii
1391 2468 1461 2487 vero
1475 2459 1577 2488 locum
1601 2459 1692 2487 istum
1713 2459 1756 2487 sic
1770 2458 1816 2486 in-

986 2507 1186 2542 terpretantur
1198 2514 1204 2532 τ
1216 2506 1326 2533 Omnes
1341 2505 1449 2532 animae
1465 2504 1547 2540 apud
1557 2504 1667 2533 inferos
1683 2504 1816 2541 aliquam

987 2550 1121 2585 requiem
1137 2550 1296 2585 accipiunt,
1313 2553 1345 2578 tu
1360 2549 1441 2577 solus
1460 2548 1491 2576 in
1513 2552 1662 2578 extremas
1679 2549 1816 2577 tenebras

987 2594 1169 2629 religaberis,
1186 2595 1323 2622 omnium
1348 2593 1428 2622 enim
1451 2595 1594 2631 operieris
1616 2594 1770 2629 sanguine,
1787 2594 1816 2619 et

988 2638 1197 2667 universorum
1209 2647 1298 2667 cruor
1310 2641 1337 2667 te
1350 2638 1489 2675 perimet;
1501 2639 1650 2676 simulque
1660 2637 1814 2670 discimus,

988 2683 1072 2719 quod
1098 2683 1232 2712 infernus
1256 2684 1314 2712 sub
1342 2686 1420 2712 terra
1444 2684 1492 2720 sit,
1508 2684 1623 2713 dicente
1645 2682 1813 2719 Scriptura:

991 2728 1088 2762 Usque
1100 2728 1140 2756 ad
1151 2729 1353 2763 fundamenta
1368 2729 1450 2765 laci]

1024 2772 1045 2807 -ι-
1060 2771 1142 2799 Idem
1157 2773 1187 2799 in
1207 2773 1258 2801 lib.
1276 2782 1316 2809 ui,
1335 2782 1359 2801 c.
1374 2776 1401 2807 7,
1419 2774 1467 2801 lo:
1486 2772 1554 2809 [Vis,
1570 2773 1677 2808 inquit,
1692 2775 1724 2801 ut
1738 2772 1816 2799 sein-

991 2816 1080 2844 datur
1093 2817 1179 2852 terra,
1196 2819 1224 2845 et
1245 2817 1352 2853 grandi
1366 2817 1449 2845 hiatu
1471 2816 1556 2844 inferi
1575 2819 1697 2852 pateant
1719 2814 1819 2851 quiin.

991 2860 1080 2889 corde
1094 2862 1178 2889 terrae
1192 2869 1258 2890 esse
1274 2861 1423 2890 dicuntur.
