4158 6192
512 304 651 361 1299

1617 283 1673 338 S.
1699 269 2067 337 PRUDENTII
2100 264 2481 324 TRECENSIS
2505 260 2817 321 EPISCOPI

3801 252 3946 310 4300

570 427 627 496 κι-
653 422 821 479 idem
867 417 930 473 in
975 411 1237 488 Epistola
1284 409 1363 466 ad
1410 407 1624 482 Ephes.
1660 407 1813 476 (cap.
1852 399 1965 496 t7_):
1997 392 2167 464 [Infe-
2203 393 2244 448 Α
2280 388 2640 496 ίητεξτίοτοωΔ
2667 376 3736 496 Ρθίξῖἃίξτίδηξἐξῗίῖιξέξεξξξίξξξξ

509 488 670 572 riora
723 512 927 566 autem
979 506 1149 560 terrae
1198 496 1468 556 infernus
1517 492 1826 567 accipitur,
1859 488 1938 545 ad
1979 495 2165 558 quem

510 600 801 660 Dominus
829 597 1032 653 noster
1061 590 1451 661 Salvatorque
1477 581 1806 644 descendit,
1834 582 1899 635 ut
1930 575 2167 631 sancto.

511 696 651 750 rum
679 685 940 755 animas,
976 695 1114 755 quas
1152 676 1237 734 ibi
1272 674 1633 733 tenebantur
1661 669 1929 731 inclusas,
1961 673 2167 719 secum

514 768 595 840 ad
626 776 811 836 oculos
839 773 1029 830 victor
1069 768 1426 833 adduceret;
1472 761 1634 819 unde
1663 764 1720 816 et
1745 764 1879 828 post
1908 764 2173 811 rerurre-

519 868 769 928 ctionem
799 864 927 935 ejus
948 858 1220 933 plurima
1249 867 1503 926 corpora
1524 853 1829 923 justorum
1859 848 1934 935 in
1961 844 2173 899 sancta

520 957 764 1018 civitate
791 932 919 1012 visa
950 932 1106 1008 [sunt
1148 945 1391 1017 (Matth.
1421 956 1593 1013 xxvn,
1626 939 1734 1009 52).
1769 932 1941 1003 Quod
1956 936 2173 1021 ﬁlim

518 1046 790 1107 infernus
829 1042 892 1100 in
938 1036 1200 1097 iniedori
1227 1036 1397 1108 parte
1442 1035 1623 1126 terrae
1648 1028 1833 1126 aiter
1847 1027 2163 1126 5801mm,

522 1138 776 1197 “3mm”
824 1129 1071 1189 δίθθηθτ
1121 1126 1352 1220 ῘΑΡἮᾳ
1391 1124 1984 1219 ἔόἦρᾶοθθαὲίοηργηᾍ
1997 1142 2165 1197 bircn

524 1222 773 1314 Παῑλαη
814 1222 876 1277 ἐί
919 1215 1298 1314 epitriﬁshhi
1327 1238 1387 1294 in
1420 1215 1817 1293 Numerorum
1859 1233 2011 1289 libro
2045 1230 2167 1304 ple-

527 1313 1023 1405 (Piaéxplicatur.
1062 1328 1192 1385 Alio
1222 1341 1465 1401 quoque
1489 1322 1625 1382 loco
1650 1324 1933 1395 legimus:
1966 1319 2169 1378 Veniat

511 1434 672 1482 mors
699 1434 883 1493 super
910 1434 1026 1490 eos,
1058 1422 1111 1475 et
1150 1417 1514 1474 descendant
1546 1417 1606 1471 in
1637 1415 1943 1484 infernum
1973 1413 2172 1467 viven-

515 1519 600 1572 tes
625 1512 827 1585 (Num.
859 1524 973 1572 1m,
1003 1507 1065 1564 31
1100 1506 1302 1578 seq.).]

586 1601 632 1672 -ιη
659 1599 965 1671 Philippus
1015 1596 1077 1652 in
1124 1593 1500 1667 expositione
1547 1589 1708 1649 beati
1747 1590 1859 1647 Job
1887 1590 1962 1662 (ο,
1993 1591 2088 1660 26,
2114 1589 2175 1645 in

2278 483 2407 536 mat
2437 490 2565 535 esse
2602 473 3040 549 deputandum.
3074 470 3244 527 Unde
3282 480 3442 525 nunc
3496 466 3725 538 gratias
3756 480 3947 535 agens

3890 550 3942 567 σε.

2279 568 2472 625 ﬁdelis
2500 566 2767 641 populus
2805 564 2986 621 dicit:
3046 562 3309 619 animam
3356 572 3539 641 suam.
3578 556 3654 641 ab
3707 557 3819 598 ir"

2279 624 2666 729 ίηίθνίοὲίίίδ
2696 659 2784 712 ea
2812 624 3740 753 PC”‘1aliaff’ﬁaiiiiﬁ‘oniouuinus,
3766 689 3831 745 id
3856 694 3941 747 est

2348 743 3943 853 tumsagittz‘aaa’gaaﬁstatim;

2281 839 2921 933 βὲὶξῆῗὸἒίἱιοάθοῑωο
2937 870 3087 926 libro
3110 839 3281 940 (Aug.
3305 839 3523 927 iam].
3548 868 3701 938 u)de
3725 852 3944 924 Genesi

2271 960 2344 1016 ad
2378 959 2630 1015 litteram
2675 959 3025 1031 disputavit,
3060 958 3202 1014 audi
3231 957 3378 1030 quid
3408 957 3589 1014 etiam
3626 957 3760 1030 ipse
3788 956 3939 1013 dum

2272 1048 2553 1106 eumdem
2575 1045 3179 1120 retractaret(cap.2t)
3200 1046 3662 1119 deprompserit.
3680 1047 3699 1117 [
3711 1048 3771 1101 In
3787 1045 3939 1102 duo-

2273 1136 2874 1210 decim,inquiens,de
2892 1136 3317 1206 inferis,magis
3340 1135 3487 1190 mihi
3502 1134 3944 1191 videordocere

2275 1226 2555 1283 debuisse
2575 1226 2740 1299 quod
2773 1226 2889 1281 sub
2919 1226 3087 1281 terris
3111 1223 3248 1295 sint,
3272 1240 3459 1298 quam
3482 1226 3766 1281 rationem
3797 1224 3944 1281 red.

2277 1316 2419 1373 dere
2444 1331 2551 1372 cur
2579 1316 2693 1371 sub
2715 1315 2884 1371 terris
2915 1329 3051 1371 esse
3076 1314 3392 1371 credentur
3422 1313 3549 1369 sive
3577 1313 3906 1379 dicantur.)

3014 744 3022 750 .
3048 726 3113 747 ς...)

2349 1408 2392 1477 -ι-
2419 1405 2515 1461 His
2545 1409 2845 1462 tantorum
2896 1407 3132 1461 Patrum
3178 1402 3489 1459 veracibus
3519 1402 3947 1475 disputationi-

2281 1495 2397 1551 bus
2419 1509 2632 1550 omnes
2660 1497 2777 1550 tum
2809 1493 3077 1563 argutiae,
3099 1507 3435 1565 omnesque
3462 1491 3712 1547 fallaciae
3742 1492 3949 1547 incon-

2282 1582 2712 1655 venientesque
2770 1582 3190 1638 similitudines
3249 1580 3515 1637 contritae
3576 1592 3951 1653 pessumque

516 1668 873 1765 principio)?
904 1683 1103 1759 [Quod
1150 1686 1353 1739 autem
1382 1681 1499 1739 ait:
1547 1680 1672 1739 Sub
1710 1680 1879 1752 aquis
1905 1681 2176 1751 gigantes
2205 1690 2251 1744 Β
2286 1671 2445 1765 datm
2465 1674 2697 1765 sunt-ut
2727 1686 2974 1765 prorsus
3004 1669 3151 1765 nihil
3177 1669 3306 1726 esse
3327 1668 3698 1765 iudicentur,
3726 1669 3950 1765 quibus

517 1790 769 1850 gemere,
799 1774 883 1831 ita
921 1772 1135 1846 inquit,
1165 1770 1326 1828 velut
1354 1769 1403 1827 si
1453 1769 1699 1826 dixisset
1743 1769 1851 1825 sub
1902 1774 2085 1831 terra,
2116 1765 2179 1823 id

520 1867 612 1927 est
633 1866 694 1921 in
721 1860 1101 1921 inferioribus
1130 1863 1322 1927 terras,
1354 1858 1460 1915 ubi
1488 1857 1660 1915 inferi
1691 1871 1820 1915 esse
1859 1854 2182 1931 perhiben-

521 1959 656 2023 tur;
684 1951 846 2009 unde
891 1955 948 2008 et
985 1948 1101 2023 ipsi
1129 1947 1300 2005 inferi
1340 1950 1788 2020 nuncupantur.
1824 1951 2006 2020 Aquae
2038 1956 2181 2015 ergo

523 2042 656 2116 ejus
681 2043 909 2099 naturae
939 2040 1081 2095 sunt
1127 2040 1193 2094 ut
1235 2036 1366 2093 sine
1408 2041 1566 2093 terra
1593 2051 1722 2092 esse
1762 2048 1881 2091 non
1914 2032 2177 2108 possint:

526 2130 682 2189 sicut
730 2143 875 2202 ergo
922 2126 1094 2185 inferi
1141 2125 1202 2183 in
1246 2124 1552 2200 profundo
1586 2129 1878 2182 terrarum
1909 2128 2067 2190 sunt,
2100 2123 2183 2179 ita

525 2224 695 2280 terras
725 2217 787 2276 in
815 2216 1118 2295 profundo
1148 2229 1466 2289 aquarum.

548 2310 561 2323 ’
597 2306 827 2382 μάθω
856 2306 918 2364 in
947 2304 1163 2363 eodem
1191 2304 1350 2378 (cap.
1380 2303 1468 2373 36)
1492 2321 1505 2360 :
1533 2303 1670 2375 [Ore
1695 2304 1897 2359 autem
1927 2302 2185 2371 augusto

526 2396 701 2457 inferi
727 2396 866 2454 ideo
885 2394 1287 2469 appellantur,
1308 2406 1381 2450 eo
1410 2390 1578 2466 quod
1598 2390 1870 2466 amplum
1893 2391 1966 2447 sit
1995 2390 2069 2446 ad
2094 2402 2187 2446 re-

529 2484 896 2561 cipiendum,
928 2486 1256 2554 angustum
1302 2480 1382 2537 ad
1417 2479 1865 2550 dimittendum,
1894 2477 2185 2551 quoniam

448 2574 460 2582 “
528 2576 802 2633 mortuos
827 2573 983 2630 intra
1013 2584 1077 2627 se
1104 2572 1365 2637 teneant,
1395 2572 1453 2626 et
1481 2582 1584 2625 eos
1616 2567 1693 2625 ad
1724 2569 1907 2625 vitam
1938 2580 2059 2623 non
2077 2583 2188 2640 pa-

528 2663 756 2722 tiantur
790 2660 969 2719 exire.
1015 2658 1205 2717 David
1247 2670 1492 2731 quoque
1534 2662 1781 2714 sanctus
1810 2656 2077 2713 similiter
2107 2656 2190 2712 ait

531 2749 613 2809 ad
641 2748 995 2807 Dominum:
1046 2746 1263 2804 Libera
1299 2758 1393 2803 me
1420 2757 1496 2803 ea:
1518 2745 1849 2802 odz'entibus
1896 2759 2007 2809 me,
2038 2744 2192 2803 etde

531 2837 857 2912 profundis
885 2844 1224 2909 aquarum;
1266 2848 1388 2891 non
1415 2847 1510 2892 me
1544 2834 1849 2906 demergat
1878 2839 2190 2903 tempestas
2298 2840 2432 2881 sum
2461 2825 2755 2881 Christum
2785 2826 2981 2895 (Joan.
3014 2843 3149 2897 xvu,
3186 2828 3239 2898 3)
3265 2845 3277 2882 :
3324 2826 3626 2899 Quidquid
3648 2832 3870 2883 aufem
3901 2827 3974 2883 de

533 2938 725 3001 aquas,
746 2938 938 2999 neque
962 2923 1277 2982 absorbent
1302 2935 1393 2980 nte
1425 2923 1818 2994 profundam,
1850 2936 2040 2994 neque
2059 2937 2193 2978 con-

536 3017 723 3075 tineat
756 3026 937 3087 super
961 3028 1055 3072 me
1074 3017 1290 3085 puteus
1335 3027 1398 3069 os
1439 3024 1611 3069 suum
1649 3012 1840 3083 (Psat.
1874 3026 2066 3078 vam,
2106 3012 2187 3079 ιδ,
2220 3036 2262 3096 C

538 3106 648 3179 te).
678 3102 933 3162 Proinde
962 3103 1309 3160 noverimus
1351 3100 1497 3176 quia
1532 3100 1668 3157 loca
1696 3099 2074 3156 infernalium
2106 3112 2194 3155 er-

536 3193 934 3267 gastulorum,
957 3191 1293 3249 secundum
1332 3188 1517 3246 fidem
1551 3190 2010 3262 Scripturarum,
2041 3189 2194 3245 inter

535 3283 871 3342 umensas
901 3280 1107 3355 abyssi
1136 3294 1327 3354 aquas
1362 3278 1480 3335 sint
1507 3279 1875 3350 constituta.]

606 3374 652 3443 ιιι
678 3372 845 3429 idem
871 3370 934 3428 in
962 3370 1178 3427 eodem
1208 3368 1364 3441 (cap.
1398 3370 1488 3435 3):
1539 3366 1735 3440 [Quod
1778 3374 1978 3424 autem
2022 3365 2196 3422 infcr-

536 3474 654 3521 nus
681 3460 744 3517 in
771 3460 897 3516 imo
923 3462 1216 3515 terrarum
1258 3457 1352 3524 sit,
1383 3458 1566 3513 Jonas
1589 3457 1904 3531 propheta,
1938 3456 2042 3530 qui
2069 3466 2199 3529 spe-

538 3547 763 3607 cialiter
787 3546 1049 3616 ﬁguram
1084 3543 1297 3600 habuit
1326 3543 1665 3614 Salvatoris,
1696 3545 1757 3600 in
1784 3545 2054 3601 oratione
2084 3556 2198 3600 sua

539 3648 727 3710 quam
766 3634 829 3690 in
873 3636 1079 3688 ventre
1121 3628 1303 3704 piscis
1346 3630 1499 3687 fudit
1529 3631 1609 3687 ad
1655 3632 1842 3688 Deum
1886 3632 2197 3689 manifeste

538 3719 929 3785 demonstrat,
961 3726 1266 3789 quemque
1293 3714 1595 3771 infernum
1638 3714 1845 3790 abyssi
1887 3730 2063 3789 aqum
2092 3717 2198 3773 cir-

540 3805 925 3866 cumvallant.
944 3806 1013 3862 Et
1038 3802 1242 3863 multis
1271 3802 1404 3861 aliis
1431 3802 1577 3861 locis
1609 3805 1926 3879 Scriptura;
1954 3805 2030 3862 de
2050 3818 2199 3878 qua-

538 3896 700 3955 litate
726 3893 1055 3954 inferorum
1084 3893 1462 3968 loquuntur.]

610 3987 655 4059 ιι·
672 3985 1067 4046 Cassiodorus
1092 3984 1155 4041 in
1174 3983 1481 4059 psalmum
1511 3996 1709 4041 Lxxxv
1729 3997 1741 4041 :
1770 3985 1911 4059 [Sed
1927 3986 2199 4043 conside-

540 4089 745 4136 remus
755 4072 1066 4150 quia,cum
1091 4072 1255 4132 dicat
1275 4070 1584 4145 infernum
1600 4075 1878 4146 inferius,
1897 4075 2195 4132 infernum

542 4166 915 4225 demonstrat
957 4174 1090 4220 esse
1132 4163 1431 4236 superius.
1462 4168 1831 4234 Argumenta
1861 4164 1999 4221 talia
2022 4164 2085 4220 in
2112 4169 2199 4221 to-

541 4254 692 4330 picis
719 4253 1000 4311 dicuntur
1027 4253 1160 4325 conj
1172 4257 1373 4323 ugata,
1389 4266 1526 4326 quae
1548 4257 1679 4310 orta
1708 4251 1787 4309 ab
1811 4264 1930 4309 uno
1950 4254 2196 4311 nomine

541 4343 704 4402 varie
731 4345 1197 4406 commutantur,
1226 4344 1290 4398 ut
1337 4340 1435 4397 hic
1480 4340 1745 4413 positum
1773 4345 1860 4397 est
1887 4342 2195 4412 infernum

541 4430 1129 4504 inferuminferum
1146 4440 1289 4487 vero
1308 4442 1432 4485 non
1446 4428 1929 4488 irrationabiliter
1946 4429 2194 4488 forsitan

542 4521 907 4581 arbitramur
923 4532 1054 4578 esse
1080 4518 1196 4576 sub
1219 4518 1555 4587 terris,cum
1578 4518 1638 4574 in
1656 4517 1841 4575 Veteri
1861 4520 2198 4577 Testamen-

542 4614 607 4671 to
629 4611 705 4668 de
736 4609 969 4669 Dathan
1012 4612 1070 4666 et
1100 4606 1322 4666 Abiron
1359 4607 1607 4679 legitur:
1635 4608 1894 4679 Aperuit
1919 4618 1984 4667 se
2010 4615 2195 4680 terra,

543 4705 600 4758 et
622 4700 941 4772 degluttvtt
981 4710 1095 4769 eos,
1126 4702 1183 4754 et
1217 4698 1344 4754 vivi
1383 4697 1814 4755 descenderunt
1842 4699 1922 4755 ad
1947 4699 2193 4768 inferos.

542 4790 659 4847 Sed
678 4803 802 4864 quo
820 4788 1025 4846 itinere
1044 4782 1183 4844 illuc
1199 4786 1420 4844 animm
1438 4786 1892 4851 transferantur,
1906 4788 2196 4862 quoniam

541 4879 608 4933 in
635 4876 985 4934 auctoritate
1012 4874 1214 4933 divina
1259 4888 1382 4932 non
1419 4872 1653 4947 legitur,
1680 4875 1978 4933 habemus
2005 4876 2197 4934 incer-

543 4968 694 5023 tum.
727 4964 1025 5022 alternum
1070 4968 1273 5023 autem
1317 4964 1541 5022 habere
1591 4965 1933 5024 inferiorem
1962 4972 2195 5040 partem

543 5052 848 5123 Evangelii
888 5052 1056 5111 locus
1101 5052 1197 5110 ille
1225 5055 1391 5127 (Luc.
1425 5067 1539 5124 xvi,
1577 5059 1665 5124 l3)
1696 5059 1947 5113 testatur
1973 5056 2078 5128 qui
2103 5056 2193 5113 di-

543 5143 643 5213 cit,
673 5153 813 5200 cum
838 5142 1093 5218 impium
1119 5143 1362 5201 divitem
1390 5143 1564 5203 ultrix
1596 5145 1845 5202 ﬂamma
1871 5146 2191 5217 torqueret,

540 5233 772 5293 levasse
819 5231 1027 5290 oculos
1082 5246 1247 5302 suos,
1281 5237 1339 5290 et
1382 5232 1443 5289 in
1487 5233 1625 5289 sinu
1662 5232 1917 5288 Abrahae
1969 5231 2193 5291 vidisse

543 5326 873 5393 Lazarum;
921 5321 1085 5381 unde
1131 5326 1381 5397 apparet
1430 5326 1721 5393 utrosque
1759 5320 1925 5394 apud
1975 5320 2194 5379 inferos

543 5412 748 5480 Mssa,
778 5417 846 5470 ut
888 5426 954 5470 se
993 5411 1195 5470 videre
1236 5410 1584 5475 valuissent,
1615 5413 1674 5465 et
1712 5408 1880 5465 illum
1929 5422 2002 5466 ex
2045 5407 2194 5469 infe-

542 5497 840 5557 riorileco
887 5500 968 5558 ad
997 5499 1308 5572 superiora
1350 5497 1555 5555 oculos
1582 5495 1863 5554 elevasse.
1900 5495 2031 5567 Sed,
2059 5499 2194 5559 licet

541 5590 781 5661 utrique
808 5589 973 5661 apud
1010 5587 1233 5645 inferos
1278 5598 1407 5644 esse
1435 5585 1793 5657 viderentur,
1826 5603 1936 5662 pro
1961 5591 2194 5647 mcrito~

542 5686 682 5735 ram
703 5678 909 5762 tamen
933 5672 1291 5770 discretione
1318 5674 1687 5751 superiorem
1723 5676 1925 5739 locum
1950 5680 2191 5753 sanctis,

2288 1761 2466 1817 etiam
2488 1758 2875 1830 conjungitur
2903 1759 3070 1831 quod
3101 1758 3163 1814 in
3190 1757 3577 1815 conclusione
3601 1757 3948 1815 subnectis:

2857 1862 3100 1905 JOANNES
3140 1863 3346 1905 SCOTUS
3357 1890 3369 1903 .

2359 1938 2524 2010 (Cap.
2563 1941 2648 2006 t7,
2675 1950 2844 1993 num.
2881 1938 2963 2003 t2,
2988 1940 3126 1993 sect.
3151 1939 3231 2003 9.)
3260 1940 3301 1991 Θ
3325 1936 3610 2000 Proinde,
3644 1937 3947 2010 inquiens,

2288 2026 2341 2082 si
2366 2025 2544 2082 nulla
2577 2026 2878 2082 beatitudo
2907 2031 2991 2081 est
3020 2026 3140 2081 nisi
3166 2027 3289 2081 vita
3317 2031 3561 2097 aeterna,
3594 2026 3727 2082 vita
3758 2033 3949 2082 autem

2290 2122 2510 2170 aeterna
2534 2119 2588 2170 et
2619 2114 2886 2169 veritatis
2914 2114 3193 2183 cognitio,
3217 2115 3391 2169 nulla
3421 2114 3619 2183 igitur
3647 2113 3950 2171 beatitudo

2289 2209 2373 2259 est
2423 2203 2541 2258 nisi
2592 2203 2861 2258 veritatis
2911 2203 3186 2272 cognitio.
3217 2202 3337 2258 Sed
3391 2214 3466 2257 ne
3514 2203 3633 2258 ista
3684 2204 3951 2259 collectio

2290 2293 2464 2348 nullo
2506 2289 2679 2347 modo
2726 2292 2790 2347 in
2832 2292 3126 2347 mentibus
3168 2293 3383 2347 nostris
3412 2296 3603 2360 nutet,
3634 2292 3955 2349 audiamus

2291 2383 2483 2452 ipsam
2511 2382 2682 2437 illam
2716 2382 3032 2438 Veritatem
3058 2386 3263 2451 aperte
3291 2382 3693 2437 clamantem:
3728 2382 3844 2449 Qui
3869 2383 3957 2439 di-

2292 2469 2420 2540 ligit
2465 2483 2562 2525 me
2606 2468 2884 2539 diligetur
2928 2486 2961 2525 a
3008 2472 3181 2526 Patre
3223 2485 3381 2538 meo,
3434 2473 3491 2526 et
3542 2485 3656 2541 ego
3703 2470 3957 2541 diligam

2293 2571 2454 2626 eum,
2483 2563 2541 2617 et
2571 2558 2972 2616 manifestabo
3004 2560 3305 2632 meipsum
3337 2559 3418 2616 illi
3449 2562 3801 2628 (Joan.x1v,
3837 2560 3960 2633 21).

2296 2649 2441 2705 Item
2475 2647 2625 2704 alibi
2639 2661 2663 2705 .'
2696 2648 2832 2704 Haec
2861 2653 2949 2704 est
2976 2652 3178 2705 autem
3206 2649 3331 2705 vita
3361 2652 3604 2719 aeterna,
3633 2653 3699 2705 ut
3726 2663 3965 2719 cogno-

2296 2741 2466 2792 scant
2508 2742 2565 2792 te
2594 2735 2791 2791 solum
2835 2752 3043 2792 verum
3091 2740 3298 2807 Deum,
3327 2742 3383 2793 et
3411 2754 3589 2810 quem
3624 2736 3849 2793 misisti
3881 2737 3969 2793 Je-

2302 2915 2666 2972 beatitudine
2695 2916 2983 2985 creditur,
3011 2917 3085 2973 dc
3122 2919 3250 2987 ejus
3279 2918 3528 2987 defectu,
3553 2916 3614 2970 id
3655 2923 3749 2972 est
3800 2919 3972 2974 misc-

2300 3005 2416 3076 ria,
2442 3016 2672 3060 necesse
2710 3010 2791 3061 est
2823 3016 2855 3061 e
2878 3006 3185 3061 contrario
3227 3004 3532 3063 credatur.
3565 3009 3677 3076 Ita,
3711 3004 3769 3061 si
3795 3007 3969 3062 nulla

2299 3092 2540 3149 miseria
2565 3097 2647 3149 est
2676 3094 2796 3148 nisi
2816 3108 2974 3149 mors
3010 3096 3253 3161 aeterna,
3287 3099 3513 3151 (eterna
3556 3099 3767 3150 autem
3818 3109 3968 3151 mon

2301 3183 2570 3239 veritatis
2601 3182 2968 3253 ignorantia,
3000 3183 3177 3239 nulla
3211 3184 3398 3253 igitur
3442 3184 3692 3239 miseria
3743 3191 3834 3240 est
3866 3184 3971 3239 nisi

2304 3272 2571 3327 veritatis
2600 3272 2967 3341 ignorantia.
3004 3272 3109 3329 Πόι
3140 3273 3341 3343 itaque
3370 3272 3689 3342 ignoratur
3724 3274 3965 3339 veritas,

2302 3358 2389 3416 ibi
2414 3360 2590 3416 nulla
2623 3361 2782 3415 vita:
2832 3360 2938 3415 ubi
2979 3366 3174 3417 autem
3226 3362 3401 3417 nulla
3443 3361 3592 3428 vita,
3627 3361 3722 3417 ibi
3749 3375 3968 3419 necesse

2305 3453 2389 3506 est
2415 3449 2761 3505 continuam
2791 3455 3037 3505 mortem
3064 3449 3283 3506 adesse.
3314 3449 3453 3518 Quae
3475 3450 3532 3506 si
3559 3450 3651 3505 ita
3675 3451 3828 3519 sint,
3851 3450 3967 3523 quit

2305 3535 2526 3593 audeat
2553 3537 2751 3594 dicere
2776 3538 2963 3595 Deum
2991 3552 3110 3595 esse
3157 3538 3719 3608 prmdestinatorem
3757 3554 3964 3609 perna.

2305 3625 2424 3681 nisi
2449 3627 2557 3697 qui
2598 3626 2779 3683 audet
2807 3641 2938 3683 eum
2969 3641 3231 3684 asserere
3266 3632 3571 3684 auctorem
3603 3629 3969 3699 ignoranti:

2305 3713 2447 3770 dum
2478 3714 2555 3770 ab
2584 3729 2649 3772 eo
2678 3718 2751 3771 sit
2780 3718 2971 3772 omnis
2997 3716 3446 3787 intelligentia?
3478 3714 3971 3789 Unumque-mque

2305 3803 2496 3873 igitur
2544 3816 2656 3860 sua
2701 3808 2880 3875 punit
2937 3806 3334 3871 contumacia,
3388 3821 3522 3878 qua:
3570 3806 3745 3861 nullo
3798 3805 3969 3861 modo

2306 3906 2343 3947 a
2367 3893 2490 3949 Deo
2534 3898 2641 3961 est,
2668 3908 2741 3951 ac
2764 3910 2874 3965 per
2900 3896 3009 3951 hoc
3045 3898 3175 3965 ejus
3206 3899 3418 3951 auctor
3446 3895 3621 3951 nullo
3647 3893 3827 3951 modo
3852 3909 3968 3951 crc-

2305 3981 2536 4038 dendus
2566 3988 2669 4039 est.

2968 4085 3290 4131 CORIEC‘HO.

2375 4162 2417 4231 «ί-
2449 4160 2569 4217 Nisi
2593 4167 2879 4219 esseesset
2905 4166 2959 4219 te
2988 4163 3272 4236 iniquitas
3304 4166 3425 4231 tua,
3458 4160 3826 4219 nullomodo
3851 4167 3966 4218 tam

2305 4248 2411 4305 tibi
2467 4250 2581 4322 ipsi
2635 4253 2934 4309 contraria
2981 4252 3355 4325 protulisses.
3403 4257 3469 4308 in
3516 4255 3693 4308 sexta
3736 4253 3972 4309 decima

2307 4337 2531 4411 quippe
2574 4339 2857 4411 periocha
2901 4340 3101 4398 dixisti
3132 4341 3353 4398 habere
3391 4340 3643 4397 miseros
3680 4340 3966 4396 felicitatis

2306 4427 2612 4483 notionem
2656 4433 2835 4502 atque
2877 4430 3182 4487 scientiam
3231 4430 3490 4502 [Veritas
3518 4432 3628 4499 est,
3661 4428 3963 4502 inquiens,

2304 4516 2584 4586 felicitas.
2605 4517 2807 4574 Nullus
2820 4532 2963 4589 ergo
2989 4524 3154 4577 extra
3175 4524 3457 4577 naturam
3478 4534 3658 4575 suam
3678 4518 3970 4576 felicitatis

2306 4608 2364 4661 et
2386 4606 2689 4663 notionem
2733 4611 2787 4664 et
2813 4608 3124 4666 scientiam
3152 4608 3467 4666 habiturus
3495 4608 3589 4664 sit.
3623 4611 3687 4664 in
3718 4608 3971 4663 misero-

2303 4706 2439 4750 rum
2460 4695 2663 4769 itaque
2694 4702 2908 4754 natura
2937 4698 3046 4755 erit
3071 4699 3310 4766 veritas,
3343 4699 3451 4754 erit
3485 4698 3658 4768 igitur
3682 4695 3967 4752 felicitas.

2306 4789 2405 4842 Ast
2436 4785 2748 4860 quomodo
2779 4787 2879 4844 illa
2908 4793 3122 4844 natura
3168 4788 3386 4844 misera
3423 4788 3553 4851 erit,
3585 4786 3681 4842 cui
3710 4783 3966 4842 felicitas

2304 4875 2493 4944 inerit,
2526 4892 2660 4948 quae
2690 4881 2778 4933 est
2806 4879 3020 4933 veritas
3044 4881 3072 4933 ?
3111 4879 3175 4934 Et
3227 4874 3305 4933 ad
3354 4875 3632 4932 ultimum
3663 4874 3966 4932 conclusi-

2306 4965 2413 5022 sti:
2443 4966 2638 5023 Nulta
2690 4966 2906 5023 dehinc
2953 4972 3179 5023 natura
3213 4967 3539 5037 punietur:
3590 4982 3716 5021 non
3752 4968 3967 5036 punita

2302 5067 2421 5111 non
2445 5056 2560 5111 erit
2588 5055 2854 5131 misera.)
2885 5058 3050 5113 Nunc
3077 5072 3220 5112 vero
3259 5056 3406 5112 dicis
3434 5074 3448 5112 :
3481 5056 3563 5127 [Si
3595 5054 3771 5111 nulla
3802 5055 3967 5111 mise-

2300 5143 2389 5199 ria
2418 5144 2510 5199 est
2545 5143 2658 5199 nisi
2708 5159 2872 5201 mors
2917 5149 3160 5212 aeterna,
3192 5149 3415 5202 aeterna
3444 5148 3644 5201 autem
3689 5160 3865 5201 mors
3891 5144 3970 5223 est

2300 5233 2563 5291 veritatis
2610 5234 2971 5304 ignorantia,
3004 5235 3171 5291 nulla
3220 5234 3397 5305 igitur
3426 5235 3668 5291 miseria
3713 5239 3829 5298 est,
3865 5230 3965 5291 nisl

2302 5323 2566 5380 veritatis
2612 5324 2973 5395 ignorantia.
3029 5324 3136 5382 Ubi
3196 5324 3398 5399 itaque
3454 5324 3776 5395 ignoratur
3824 5324 3961 5380 veri—

2303 5418 2417 5483 tas,
2445 5413 2526 5471 ibi
2555 5413 2720 5471 nulla
2744 5413 2898 5472 vita:
2949 5412 3053 5472 ubi
3097 5419 3299 5472 autem
3348 5413 3512 5472 nulla
3555 5414 3703 5483 vita,
3738 5415 3826 5472 ibi
3874 5429 3959 5471 ne-

2303 5516 2467 5561 cesse
2515 5508 2606 5561 est
2647 5505 2992 5562 continuam
3042 5510 3296 5562 mortem
3348 5503 3605 5577 adesse]
3663 5506 3823 5572 Quid
3883 5508 3957 5559 est

2302 5592 2417 5648 hoc
2438 5592 2467 5649 ?
2496 5608 2659 5650 nunc
2684 5593 2795 5650 das
2837 5594 3068 5652 miseris
3099 5595 3361 5652 veritatis
3395 5594 3735 5665 scientiam,
3769 5595 3959 5650 aufers

2291 5679 2590 5757 miseriam
2610 5701 2624 5752 ;
2653 5696 2816 5743 nunc
2836 5684 3048 5743 tribuis
3065 5684 3475 5759 ignorantiam
3488 5684 3784 5757 veritatis,
3801 5698 3959 5741 mor-
