4160 6186
248 195 375 250 1301

1329 193 1382 247 S.
1431 189 1812 245 PRt’DENTII
1856 187 2230 248 TRBCENSIB
2265 189 2592 249 EPISCOPI.

3530 194 3665 249 i302

247 325 362 372 tem
386 319 567 386 atque
599 311 927 368 miseriam.
950 314 1007 369 Si
1035 314 1198 369 enim
1219 327 1426 370 verum
1451 319 1539 370 est
1562 329 1662 368 eos
1682 313 1907 369 habere
1936 317 1980 368 A
2023 317 2260 383 veritas,
2296 319 2382 373 ibi
2426 319 2599 373 nulla
2647 318 2770 372 vita
2820 317 3019 382 (Joan.
3060 332 3180 386 xxv,
3233 317 3304 387 6).
3339 317 3465 371 Non
3504 317 3666 372 enim

243 404 508 461 veritatis
535 402 868 470 scientiam,
883 401 1099 458 falsum
1121 407 1213 458 est
1233 404 1478 459 eosdem
1495 403 1718 459 habere
1739 403 1908 471 igno-

243 493 523 549 rantiam.
561 496 838 556 Rursum,
874 491 923 546 si
953 507 1160 546 verum
1188 498 1274 548 est
1307 509 1408 547 cos
1441 494 1662 548 habere
1690 492 1905 547 verita-

244 581 314 635 tis
366 580 793 648 ignorantiam,
845 579 1062 636 falsum
1115 585 1208 636 est
1263 581 1348 636 eis
1396 583 1589 636 inesse
1645 579 1907 636 veritatis

243 669 575 726 scientiam.
620 668 762 722 Item
815 667 1028 722 falsum
1074 673 1165 724 est
1215 670 1378 742 quod
1429 670 1579 725 dicis
1611 687 1623 723 :
1651 669 1903 724 Nullam

240 773 362 814 esse
407 757 708 812 miseriam
739 756 859 810 nisi
904 762 1148 812 mortem
1181 765 1484 813 a’let‘nam.
1523 758 1711 814 Multis
1743 758 1904 813 enim

241 854 297 903 et
325 851 671 920 peccatores
717 848 775 899 et
817 845 961 915 justi
991 845 1051 900 in
1084 847 1196 901 Lac
1226 847 1345 904 vita
1375 845 1629 900 miseriis
1659 851 1716 900 et
1739 845 1903 900 cala-

241 935 550 992 mitatibus
570 934 915 1003 noxiantur,
936 950 969 989 ει
992 935 1216 1007 quibus
1240 935 1336 990 Dei
1371 935 1562 1005 gratia
1592 934 1905 1006 aliquoties

239 1029 547 1090 eruuntur,
581 1022 900 1094 aliquoties
927 1023 1198 1093 ejusdem
1228 1024 1461 1094 justitia
1490 1037 1612 1080 non
1643 1023 1902 1078 liberan-

241 1117 355 1168 tur.
391 1117 558 1178 Nam,
592 1112 640 1166 si
689 1111 1000 1166 beatitudo
1052 1112 1267 1167 dicitur
1319 1114 1564 1185 assequi
1617 1111 1903 1184 nulloque

241 1218 442 1259 carere
470 1200 767 1274 quidquid
799 1201 1230 1256 rationabiliter
1255 1202 1534 1265 volueris,
1567 1218 1706 1258 cum
1735 1205 1902 1257 tanto

245 1293 410 1348 bono
434 1291 713 1363 privaris,
745 1306 869 1345 non
921 1291 1219 1347 immerito
1250 1291 1430 1347 miser
1459 1292 1705 1359 diceris;
1733 1306 1901 1347 cum-

240 1397 359 1453 que
383 1385 466 1436 tot
499 1379 751 1435 miseriis
793 1379 1228 1450 temporalibus
1262 1382 1390 1452 pios
1417 1381 1613 1437 addici
1645 1379 1901 1453 saepissi-

241 1485 340 1525 me
373 1469 707 1535 videamus,
737 1483 1129 1540 nequaquam
1162 1485 1264 1524 eos
1296 1470 1372 1525 ad
1423 1475 1710 1525 aeternam
1741 1483 1902 1524 mor-

241 1550 362 1612 tem
402 1556 705 1612 credimus
745 1571 1069 1628 properare
1103 1575 1115 1612 :
1152 1571 1260 1612 nec
1313 1557 1447 1612 ideo
1501 1558 1585 1612 eis
1642 1555 1902 1612 veritatis

2017 409 2211 474 potest
2230 405 2491 476 ignorari
2523 406 2613 461 vel
2639 404 2773 459 sciri
2801 403 3036 473 veritas,
3054 403 3166 460 nisi
3197 403 3276 463 ab
3301 403 3503 478 aliqua
3522 404 3665 477 vita,

2017 494 2132 549 Erit
2160 495 2339 564 igitur
2370 495 2426 550 in
2457 496 2734 564 gelicnna
2762 494 3088 549 damnatus
3121 494 3243 550 vita
3277 497 3337 550 et
3363 493 3581 550 animos
3611 498 3670 552 et

2013 585 2302 655 corporis,
2333 593 2516 657 quam
2529 585 2612 639 vis
2642 586 2773 638 sine
2802 597 2946 638 vera
2968 582 3110 651 vita,
3142 598 3278 655 quae
3307 581 3458 639 dixit
3489 599 3501 639 :
3537 583 3667 654 Ego

2011 687 2138 727 sum
2170 674 2288 740 via,
2323 677 2560 738 veritas,
2593 678 2648 729 et
2695 673 2840 729 vita.
2871 671 3010 741 Erit,
3043 671 3318 744 inquam,
3366 671 3480 728 illis
3524 670 3664 741 vita,

2013 760 2118 815 sed
2148 762 2365 818 misera
2398 778 2410 817 :
2444 762 2737 836 quoniam
2783 765 2841 817 et
2871 761 3076 818 anima
3132 773 3371 834 semper
3395 760 3570 833 vivet,
3601 764 3669 818 ut

2013 863 2252 922 semper
2295 851 2607 918 crucietur,
2641 855 2697 907 et
2741 865 2962 924 corpus
2994 850 3192 924 poenis
3224 850 3667 909 combustione-

2009 955 2126 1012 que
2157 940 2423 997 attritum
2453 953 2771 1013 nunquam
2820 937 3074 1011 deﬁciet,
3106 953 3424 1013 nunquam
3458 940 3666 996 dissol-

2009 1031 2180 1083 vetur
2225 1029 2287 1084 in
2343 1030 2673 1102 pulverem,
2704 1043 3022 1102 nunquam
3072 1029 3155 1086 ita
3183 1033 3574 1085 consumatur
3601 1033 3668 1086 ut

2009 1119 2258 1173 omnino
2288 1133 2409 1174 non
2457 1120 2553 1188 sit,
2599 1119 2706 1174 sed
2735 1119 2972 1175 aeternis
3003 1118 3365 1175 cruciatibus
3393 1117 3666 1174 durabile

2007 1207 2401 1278 permanebit.
2465 1206 2689 1263 Harum
2743 1207 3018 1263 omnium
3090 1221 3411 1281 pinnarum
3475 1208 3664 1264 Deum

2002 1296 2405 1366 justissimum
2446 1296 2714 1367 judicem
2767 1313 2896 1352 esse
2951 1297 3366 1368 irrogatorem,
3425 1311 3498 1353 ac
3558 1311 3666 1369 per

2006 1385 2122 1440 hoc
2149 1390 2209 1440 et
2237 1390 2564 1452 auctorem,
2595 1388 2762 1442 omni
2793 1386 3084 1458 propulsa
3130 1384 3450 1441 formidine
3475 1385 3664 1442 conﬁ-

2007 1477 2222 1542 temur,
2253 1474 2568 1546 quoniam,
2601 1479 2744 1530 teste
2795 1475 3100 1547 Scriptura.
3128 1492 3142 1530 :
3170 1475 3335 1532 Mors
3364 1480 3419 1532 et
3451 1477 3575 1532 vita
3623 1490 3662 1532 α

2007 1564 2262 1618 Domino
2293 1567 2400 1618 Deo
2451 1568 2535 1618 est
2569 1564 2735 1633 (Sap.
2768 1578 2887 1628 xvr,
2920 1564 3027 1635 13),
3057 1568 3119 1619 ct
3153 1562 3472 1621 Psalmista
3503 1581 3517 1620 ι
3550 1565 3666 1619 Ar-

242 1645 645 1716 ignorantiam
673 1645 882 1715 ingeri,
906 1645 1049 1717 quia
1089 1644 1500 1718 frequentibus
1522 1646 1797 1701 videmus
1818 1645 1903 1700 iu-
1930 1661 1972 1715 3
2009 1666 2141 1707 cum
2171 1667 2344 1707 suum
2374 1653 2642 1721 tetendit,
2677 1659 2732 1708 et
2753 1653 2998 1722 paravit
3027 1652 3225 1709 illum.

241 1734 620 1791 felicitatibus
647 1733 982 1806 quemlibet
1011 1735 1418 1806 temporaliter
1457 1733 1660 1803 afﬂigi.
1685 1739 1765 1789 Ac
1795 1747 1902 1806 per

241 1819 376 1886 hoc,
408 1821 457 1875 si
485 1820 548 1876 id
573 1821 648 1877 de
677 1819 821 1876 solis
851 1821 1085 1878 inferno
1113 1822 1344 1878 traditis
1377 1822 1689 1884 diceretur,
1715 1819 1903 1876 nulla-

241 1913 412 1965 tenus
461 1910 813 1967 abhorreret
859 1927 896 1967 a
924 1926 1086 1968 vero.
1121 1913 1268 1967 Cum
1301 1916 1498 1967 autem
1551 1910 1902 1981 generaliter

241 1998 404 2054 nulla
433 2015 560 2055 esse
592 2001 851 2069 miseria,
879 2000 994 2056 nisi
1025 2016 1186 2057 mors
1216 2005 1440 2056 interna
1477 2000 1710 2066 dicitur,
1752 1999 1902 2055 veri-

243 2087 495 2159 tatisque
515 2089 876 2159 ignorantia,
893 2091 1026 2162 ipsa
1048 2088 1287 2145 videndi
1306 2094 1364 2144 et
1383 2089 1726 2162 experiendi
1751 2087 1900 2144 assis

244 2173 468 2230 duitate
487 2176 873 2234 falsissimum
895 2193 1024 2235 esse
1041 2178 1433 2235 convincitur.
1447 2180 1639 2244 Quam
1661 2192 1900 2251 perver-

243 2263 478 2321 sitatem
505 2271 668 2322 tuam
713 2268 926 2325 beatus
958 2269 1068 2325 Job
1095 2269 1308 2339 jugulo
1331 2270 1434 2340 [aL
1461 2271 1640 2338 forte,
1674 2269 1900 2343 gladio]

244 2353 509 2410 veritatis
561 2356 888 2426 transfigat,
922 2358 1027 2430 qui
1072 2357 1148 2412 de
1195 2358 1451 2413 miseriis
1496 2358 1780 2415 humanis
1808 2358 1890 2413 ita

243 2442 516 2514 deplorat
541 2461 553 2499 :
579 2447 796 2512 Homo,
816 2447 1113 2518 inquiens,
1136 2453 1316 2503 natus
1345 2448 1420 2503 de
1444 2448 1716 2518 muliere,
1736 2447 1903 2502 brevi

249 2533 450 2589 vivens
471 2539 752 2605 tempore,
764 2538 1032 2607 repletur
1049 2539 1253 2593 multis
1275 2539 1528 2594 miseriis
1544 2537 1670 2607 (Job
1681 2551 1805 2608 11v,
1821 2539 1841 2592 i
1856 2540 1895 2605 ).

317 2623 420 2677 Cui
475 2630 719 2682 sanctus
777 2627 1092 2697 Gregorius
1147 2629 1324 2694 (Hor.
1382 2627 1484 2683 lib.
1525 2641 1612 2694 x1,
1654 2641 1704 2682 c.
1768 2627 1896 2697 ult.)

243 2715 603 2784 exponendo
625 2717 1028 2782 consentiens,
1052 2731 1353 2788 quasnam
1376 2716 1699 2785 intelligere
1731 2716 1899 2771 mise-

242 2801 362 2856 rias
392 2801 724 2860 debeamus
755 2805 990 2862 edicat:
1021 2806 1197 2876 [Quid
1226 2805 1285 2860 in
1316 2822 1380 2861 se
1405 2805 1653 2860 habebit
1673 2805 1900 2861 fortitu-

243 2889 422 2961 dinis,
454 2895 560 2962 qui
599 2900 780 2951 natus
831 2903 916 2952 est
970 2910 1047 2950 ex
1100 2897 1471 2964 inﬁrmitate,
1509 2895 1672 2950 brevi
1697 2895 1898 2951 vivens

2077 1739 2470 1796 Cassiodorus
2519 1741 2602 1806 (in
2647 1741 2814 1796 Psal.
2844 1755 2943 1811 vn,
2988 1743 3076 1808 13)
3109 1755 3122 1796 :
3157 1741 3406 1812 [Arcum
3460 1741 3663 1813 itaque

2009 1829 2444 1902 Scripturarum
2467 1829 2608 1885 Novi
2628 1833 2685 1885 et
2707 1828 2925 1885 Veteris
2941 1829 3305 1885 Testamenti
3322 1843 3659 1898 congruen-

2008 1923 2093 1974 ter
2121 1917 2472 1990 accipimus,
2504 1918 2606 1990 qui
2637 1917 2879 1973 duobus
2909 1916 3367 1991 quodammodo
3398 1917 3658 1973 curvatis

2007 2007 2262 2063 flexibus
2291 2007 2645 2063 devotorum
2684 2006 2838 2064 colla
2868 2006 3282 2080 complectitur
3313 2007 3448 2064 :hic
3477 2006 3665 2063 ﬁdeli-

2005 2097 2121 2153 bus
2147 2111 2328 2152 suave
2342 2097 2557 2168 jugum
2587 2095 2940 2152 ostenditur.
2965 2097 3436 2154 Contumacibus
3463 2100 3665 2153 autem

2007 2201 2176 2243 arma
2206 2185 2488 2242 terribilia
2517 2185 2929 2242 declarantur:
2957 2186 3200 2243 tetendit
3230 2186 3532 2258 adjectum
3555 2189 3662 2256 est,

2006 2289 2081 2330 ne
2103 2275 2232 2346 ejus
2255 2274 2542 2348 patientia
2565 2276 2819 2331 remissa
2839 2277 3170 2348 putaretur,
3190 2275 3269 2332 ad
3289 2279 3663 2349 postremum

2004 2364 2205 2438 posuit
2235 2383 2248 2421 :
2281 2365 2524 2436 paravit
2566 2364 2760 2432 illum,
2794 2370 2857 2422 ut
2906 2380 3038 2422 mos
3092 2365 3219 2440 ipse
3248 2365 3660 2437 sagittantium

2007 2453 2352 2528 plenissime
2377 2455 2674 2511 videretur
2704 2471 3050 2529 expressus,
3080 2454 3208 2528 qui,
3240 2460 3566 2530 postquam
3588 2455 3666 2511 te-

2008 2544 2303 2603 tenderint
2324 2560 2528 2600 arcum
2554 2547 2763 2601 contra
2783 2545 3022 2614 signum
3031 2557 3313 2616 ,manum
3345 2543 3663 2616 collocant,

2006 2634 2067 2689 in
2097 2632 2416 2702 sagittandi
2467 2649 2647 2706 opere
2678 2632 2928 2690 brachia
2978 2637 3411 2706 praeparantes.
3442 2632 3556 2689 Sed
3581 2631 3666 2688 vi-

2007 2722 2260 2779 deamus
2291 2735 2465 2778 arcus
2493 2727 2870 2795 praeparatus
2900 2737 3056 2795 quas
3087 2721 3333 2792 sagittas
3362 2720 3662 2778 emiserit:

2008 2813 2078 2868 Et
2107 2811 2170 2868 in
2201 2813 2328 2882 ipso
2371 2813 2618 2881 paravit
2661 2825 2804 2868 vasa
2846 2811 3096 2882 mortis;
3125 2812 3378 2882 sagittas
3406 2825 3545 2868 suas
3571 2826 3667 2867 ar-

2006 2900 2282 2959 dentibus
2302 2901 2493 2970 e/fecit
2525 2901 2716 2968 (Psal.
2753 2915 2850 2968 vn,
2882 2899 2990 2968 14).
3025 2898 3129 2955 Hic
3157 2898 3493 2956 distributio
3517 2889 3668 2956 divi-

241 2985 525 3048 tempore,
545 2985 806 3052 repletus
834 2984 1041 3040 multis
1072 2985 1323 3039 miseriis
1344 2984 1372 3037 ?
1405 2986 1547 3038 Ecce
1579 2983 1767 3038 sancti
1786 2982 1897 3038 viri
1923 3011 1967 3066 ο
2005 3005 2099 3046 na;
2131 2988 2464 3061 majestatis
2517 2986 2869 3055 ostenditur,
2903 2987 3047 3061 quia
3094 2995 3203 3060 per
3231 2995 3463 3065 arcum,
3492 2985 3554 3043 id
3577 2987 3667 3044 est

239 3068 493 3124 vocibus
519 3085 698 3142 pruna
726 3072 987 3128 hominis
1018 3072 1276 3127 breviter
1307 3077 1393 3126 est
1412 3084 1697 3142 expressa
1717 3089 1730 3136 ;
1754 3071 1898 3143 quia

239 3161 300 3211 et
325 3164 680 3227 angustatur
710 3160 786 3215 ad
816 3161 1023 3228 vitam,
1055 3164 1112 3215 et
1139 3159 1424 3215 dilatatur
1453 3160 1530 3214 ad
1572 3158 1894 3215 miseriam.

242 3246 303 3301 Si
343 3247 508 3302 enim
554 3248 847 3303 subtiliter
894 3249 1327 3316 consideretur,
1356 3249 1519 3319 quod
1563 3249 1657 3304 hic
1683 3248 1895 3318 agitur,

235 3349 426 3407 poena
457 3339 516 3390 et
540 3335 779 3391 miseria
805 3340 925 3404 est;
965 3336 1078 3408 ipsi
1123 3336 1339 3392 etenim
1373 3338 1738 3410 corruptioni
1769 3351 1898 3394 car-

239 3420 335 3474 nis
366 3419 589 3475 servire
619 3419 696 3476 ad
748 3421 1086 3477 necessaria
1111 3425 1290 3493 atque
1322 3437 1631 3492 concessa,
1662 3423 1901 3480 miseria

243 3513 371 3564 est:
404 3514 467 3564 ut
515 3513 722 3566 contra
770 3509 954 3580 frigus
997 3510 1368 3580 vestimenta,
1403 3515 1614 3567 contra
1667 3511 1893 3568 famem

243 3597 550 3665 alimenta,
574 3604 782 3656 contra
807 3605 1020 3656 castum
1049 3599 1272 3670 frigora
1301 3601 1702 3673 requirantur,
1730 3602 1896 3675 quod

241 3687 434 3744 multa
449 3687 682 3744 cautela
697 3687 1028 3744 custoditur
1048 3687 1210 3743 salus
1227 3689 1514 3760 corporis,
1529 3690 1695 3762 quod
1715 3691 1896 3746 etiam

245 3777 540 3832 custodita
568 3777 875 3847 amittitur,
909 3777 1134 3833 amissa
1173 3792 1311 3834 cum
1361 3779 1529 3848 gravi
1571 3779 1777 3835 labore
1809 3795 1897 3835 re-

245 3869 508 3937 paratur,
535 3871 592 3921 et
623 3871 823 3922 tamen
872 3871 1148 3938 reparata
1193 3881 1431 3938 semper
1478 3866 1538 3921 in
1569 3868 1755 3924 dubio
1781 3873 1892 3924 est.

244 3955 399 4020 Quid
446 3956 560 4011 hoc
607 3955 770 4012 aliud
817 3971 1005 4028 quam
1036 3954 1304 4012 mortalis
1325 3959 1459 4012 vitae
1491 3957 1731 4012 miseria
1758 3964 1846 4014 est
1869 3960 1898 4015 γ

240 4043 407 4116 quod
457 4061 736 4101 amamus
787 4046 1032 4114 amicos,
1071 4046 1348 4118 suspecti,
1401 4061 1476 4100 ne
1515 4045 1740 4101 offendi
1794 4061 1896 4102 va-

239 4133 440 4202 leant;
471 4135 871 4191 formidamus
916 4135 1214 4198 inimicos,
1248 4142 1428 4207 atque
1474 4135 1665 4190 securi
1695 4135 1770 4191 de
1809 4136 1895 4191 eis

240 4239 363 4280 non
415 4241 625 4281 sumus
680 4225 882 4298 utique
927 4239 1082 4298 quos
1129 4225 1548 4294 formidamus,
1577 4225 1742 4298 quod
1774 4226 1895 4299 ple-

241 4330 497 4387 rumque
526 4314 779 4371 inimicis
831 4314 914 4369 sic
944 4314 1195 4369 fidenter
1241 4315 1414 4386 quasi
1461 4314 1669 4370 amicis
1696 4315 1891 4388 loqui-

243 4418 402 4470 mur,
433 4408 489 4458 et
515 4418 956 4476 nonnunquam
985 4419 1139 4476 pura
1169 4403 1353 4458 verba
1381 4404 1813 4476 proximorum,
1837 4408 1896 4461 et

243 4492 504 4548 multum
535 4509 644 4549 nos
671 4494 922 4550 fortasse
951 4493 1326 4564 diligentium
1359 4495 1532 4565 quasi
1581 4495 1760 4550 verba
1793 4510 1893 4549 su-

242 4581 535 4654 scipimus
579 4582 996 4649 inimicorum;
1029 4587 1087 4637 et
1141 4582 1245 4653 qui
1281 4581 1400 4637 falli
1444 4595 1758 4654 nunquam
1801 4582 1896 4638 vel

241 4670 444 4726 fallere
461 4671 756 4739 volumus,
772 4689 844 4728 ex
864 4669 1097 4728 cautela
1112 4674 1317 4725 nostra
1338 4670 1579 4739 gravius
1603 4685 1892 4728 erramus.

242 4760 395 4825 Quid
424 4761 624 4834 itaque
652 4761 786 4829 hoc,
816 4760 930 4815 nisi
971 4759 1256 4815 humana;
1304 4759 1439 4814 vitta
1470 4759 1708 4815 miserta
1759 4765 1846 4816 est
1867 4760 1896 4814 7

239 4848 408 4921 quod
429 4849 654 4905 amissa
674 4847 899 4905 ccelesti
921 4847 1116 4921 patria
1141 4847 1416 4920 repulsus
1436 4849 1620 4903 homo
1644 4846 1898 4904 delecta-

239 4943 335 4993 tur
359 4938 586 5008 exsilio,
611 4941 899 5008 gravatur
924 4937 1100 5004 curis,
1126 4941 1182 4992 et
1209 4941 1414 4996 tamen
1436 4937 1701 5006 cogitare
1723 4937 1895 4994 dissi-

239 5027 432 5083 mulat
448 5043 637 5100 quam
661 5042 844 5098 grave
865 5027 960 5092 sit,
974 5027 1120 5100 quia
1149 5025 1340 5083 multa
1359 5027 1715 5096 cogitantur,
1729 5027 1896 5100 quod

237 5117 512 5190 privatus
538 5121 632 5172 est
659 5117 893 5172 interno
921 5116 1149 5173 lumine
1181 5133 1194 5172 :
1223 5121 1281 5172 et
1306 5120 1510 5173 tamen
1550 5118 1612 5172 in
1633 5118 1747 5174 hac
1772 5117 1898 5174 vita

236 5207 344 5263 diu
373 5207 497 5263 vult
523 5207 752 5280 perpeti
793 5207 1119 5264 cascitatem
1151 5222 1345 5264 suam.
1379 5207 1529 5272 Quid
1565 5209 1682 5262 hoc
1711 5208 1893 5274 aliud,

236 5308 424 5364 quam
450 5295 527 5351 de
547 5311 732 5367 pana
751 5300 960 5352 nostra
976 5300 1124 5352 nata
1138 5295 1380 5352 miseria
1401 5297 1526 5351 est?
1547 5294 1662 5351 Sed
1685 5307 1898 5366 quam-

237 5384 331 5437 vis
358 5383 465 5439 diu
489 5385 588 5441 hic
617 5389 778 5441 stare
795 5385 1112 5454 desideret,
1144 5385 1279 5458 ipso
1301 5389 1503 5441 tamen
1533 5396 1715 5439 cursu
1741 5397 1898 5439 mor-

240 5471 375 5528 talis
398 5474 537 5530 vitae
561 5473 885 5547 impellitur
914 5478 980 5530 ut
1004 5473 1390 5548 egrediatur.)

315 5565 358 5632 -ξ-
390 5564 609 5620 Eodem
632 5565 816 5621 modo
837 5565 1025 5621 nihilo
1048 5565 1241 5621 secius
1263 5562 1603 5619 confutatur
1622 5565 1785 5637 quod
1808 5566 1900 5622 ais

243 5653 403 5726 (cap.
451 5657 537 5722 t7,
562 5669 732 5712 num.
767 5655 854 5721 te,
878 5659 1021 5713 seet.
1056 5655 1156 5726 9):
1191 5653 1302 5712 Ubi
1349 5651 1551 5726 itaque
1577 5654 1900 5726 igan

2006 3091 2113 3154 per
2128 3078 2305 3135 Vetus
2326 3082 2383 3134 et
2399 3080 2632 3134 Novum
2648 3078 3087 3133 Testamentum
3113 3075 3265 3132 sicut
3279 3077 3408 3148 jam
3436 3075 3665 3133 dictum

2007 3169 2114 3238 est,
2140 3171 2198 3224 et
2226 3168 2470 3223 effectus
2498 3166 2708 3222 mortis
2750 3165 2926 3237 venit,
2955 3169 3012 3222 et
3050 3165 3280 3235 sagittis
3329 3164 3516 3239 ipsius
3541 3163 3664 3221 vita

2006 3260 2343 3327 praestatur.
2376 3258 2638 3326 Egressus
2694 3256 2833 3311 sunt
2862 3259 3062 3312 autem
3093 3254 3169 3311 de
3223 3254 3334 3311 isto
3365 3267 3509 3311 arcu
3535 3257 3665 3310 tana

2006 3359 2193 3418 quam
2227 3345 2481 3415 sagittae,
2512 3344 2574 3400 id
2601 3348 2690 3401 est
2718 3344 2996 3418 apostoli,
3020 3342 3126 3418 qui
3150 3341 3522 3412 ardentibus,
3545 3343 3662 3400 hoc

2007 3437 2094 3490 est
2124 3433 2604 3490 desiderantibus
2645 3432 2882 3506 animis,
2915 3432 2974 3489 in
3024 3432 3278 3490 modum
3308 3431 3661 3504 sagittarum

2006 3527 2304 3598 praecepta
2332 3523 2617 3580 salutaria
2647 3521 3139 3579 transmiserunt:
3174 3520 3336 3579 unde
3386 3523 3445 3579 et
3487 3520 3660 3596 impii

2009 3612 2441 3680 sauciarentur,
2473 3614 2530 3668 et
2554 3610 2833 3668 ﬁdelibus
2863 3610 3076 3669 efficax
3105 3625 3251 3669 cura
3294 3613 3658 3686 proveniret.

2005 3702 2221 3772 Effecit
2251 3707 2453 3758 autem
2477 3700 2777 3771 signiﬁcat
2808 3705 3092 3775 operatus
3123 3700 3257 3772 est.]

2074 3791 2118 3859 ιι-
2149 3791 2290 3854 Quis
2331 3803 2474 3846 vero
2511 3790 2776 3845 veritatis
2826 3788 3232 3859 ignorantiam
3262 3787 3569 3845 damnatis
3598 3788 3661 3846 in

2007 3881 2226 3933 tartaro
2256 3878 2526 3933 illaturus
2557 3882 2663 3944 est,
2697 3877 2810 3932 nisi
2841 3877 3029 3947 judex
3057 3875 3334 3931 terribilis
3363 3881 3542 3947 atque
3565 3879 3661 3946 ju-

2006 3964 2317 4032 stisslmus,
2345 3967 2449 4040 qui
2489 3965 2656 4022 novit
2683 3964 2833 4038 quid
2882 3965 2977 4020 cui
3023 3963 3114 4020 vel
3161 3961 3386 4033 demat,
3429 3963 3521 4019 vel
3565 3963 3661 4020 tri-

2003 4055 2151 4110 buat
2171 4056 2198 4111 ?
2229 4055 2341 4111 Sed
2372 4053 2446 4110 de
2469 4052 2560 4110 his
2581 4055 2724 4111 satis
2754 4058 2955 4111 actum
2985 4051 3092 4110 est.
3127 4055 3294 4108 Nunc
3322 4051 3384 4108 in
3413 4048 3659 4108 nomine
3686 4077 3688 4079 ν

2003 4145 2058 4198 ei
2084 4142 2382 4213 adjutorio
2413 4142 2648 4199 Domini
2679 4140 2758 4199 ad
2781 4141 3013 4215 reliqua
3037 4140 3426 4197 diVertamus.

2610 4249 2836 4306 CAPUT
2871 4247 3054 4306 XVIII.

2010 4355 2178 4422 Quod
2202 4372 2373 4430 error
2397 4373 2596 4430 eorum
2626 4357 2731 4430 qui
2758 4353 2940 4430 aliter
2981 4371 3157 4430 quam
3202 4351 3434 4430 _P_atre_s_
3465 4353 3660 4430 sancti

2077 4429 2341 4484 sentiunt
2372 4429 2443 4485 (te
2493 4421 3046 4494 Pravitestinatione,
3081 4440 3155 4483 ea:
3194 4423 3533 4481 liberalium
3565 4421 3657 4480 di-

2077 4501 2472 4567 sciplinamm
2502 4501 2850 4568 ignorantia
2879 4499 3147 4555 inolevit.

2075 4588 2334 4640 Octavus
2385 4586 2656 4642 decimus
2699 4586 3134 4660 proterviarum
3176 4588 3416 4641 tua-rum
3456 4583 3659 4639 tumor

2004 4674 2084 4730 ita
2109 4679 2499 4747 praenotatur.

2578 4777 2815 4822 lOAKNBS
2855 4779 3077 4822 SCOTUS.
3275 4809 3280 4814 ο

2073 4853 2270 4921 (Num.
2302 4859 2336 4909 Ξ
2365 4867 2486 4910 sea.
2518 4859 2591 4920 t.)
2622 4859 2664 4908 Θ
2695 4854 2864 4922 Quod
2893 4868 3067 4911 error
3092 4867 3296 4912 eorum
3341 4853 3447 4925 qui
3476 4851 3660 4909 aliter
3696 4883 3698 4886 τ

2003 4954 2182 5012 quam
2214 4945 2428 4999 Patres
2456 4945 2652 5001 sancti
2675 4944 2938 5000 sentiunt
2984 4944 3058 5001 de
3098 4942 3656 5011 Praidestinatione,

2005 5046 2081 5089 ex
2119 5033 2461 5088 liberalium
2508 5033 2972 5104 disciplinarum
3013 5033 3362 5104 ignorantia
3390 5031 3654 5090 inolevit.

2007 5123 2289 5178 Errorem
2321 5123 2524 5194 itaque
2553 5124 2934 5179 saevissimum
2963 5131 3167 5203 eorum
3213 5124 3320 5195 qui
3353 5119 3658 5180 venerabis

2009 5212 2154 5266 lium
2186 5213 2464 5273 Patrum.
2495 5214 2868 5283 munimeque
2905 5215 3103 5270 sancti
3147 5211 3493 5284 Augustini,
3523 5223 3654 5264 sen-

2007 5301 2223 5357 tentias
2249 5301 2498 5371 confuse
2523 5315 2594 5358 ac
2615 5316 2729 5372 per
2754 5301 2865 5360 nec
2891 5304 3201 5374 mortifere
3219 5301 3300 5359 ad
3315 5311 3489 5355 suum
3515 5308 3660 5369 pra-

2009 5392 2308 5448 vissimum
2338 5405 2571 5449 sensum
2603 5392 2904 5464 redigunt,
2934 5399 3012 5452 est
3037 5393 3280 5450 utilium
3311 5387 3657 5460 disciplina-

2006 5492 2162 5548 rum,
2197 5487 2349 5552 quas
2373 5483 2508 5552 ipsa
2559 5483 2871 5553 Sapientia
2897 5495 3037 5540 suas
3075 5481 3313 5538 comites
3340 5479 3658 5550 investiga-

2008 5570 2298 5640 trucesque
2323 5572 2460 5638 ﬁeri
2483 5573 2694 5641 voluit,
2726 5573 3076 5643 ignorantia
3117 5569 3474 5628 credide
3504 5581 3657 5624 sum-

2003 5657 2192 5731 psisse
2211 5659 2567 5729 primordia.
3687 5692 3694 5696 -
