4160 6186
465 179 604 238 1303

1131 314 1429 356 COBBECTIO
1437 341 1450 355 .

535 394 578 463 «ι-
604 389 850 446 Videtur
869 386 1020 443 mihi
1039 402 1156 443 vox
1171 386 1286 443 ista
1304 386 1462 443 illius
1483 386 1642 442 dicto
1663 385 1998 454 conciuere,
2015 383 2122 456 qui

463 481 696 557 primus
719 477 944 534 dixisse
972 477 1224 548 legitur:
1251 480 1322 534 In
1344 477 1559 534 calum
1585 476 1926 546 ascendam,
1944 489 2123 544 super

464 569 665 628 sidera
690 568 827 625 cali
851 583 1071 638 ponam
1096 567 1313 624 solium
1349 582 1566 637 meum,
1588 565 1792 624 sedebo
1837 566 1898 620 in
1927 567 2124 620 monte

473 659 855 730 Testamenti,
868 658 933 714 in
953 659 1239 715 lateribus
1260 659 1582 731 aquilonis,
1599 673 1700 714 ero
1715 656 1927 712 similis
1943 655 2126 710 Altis-

466 754 616 810 simo
645 753 929 822 (Isa.x1v,
952 749 1058 821 l3),
1081 749 1156 805 de
1181 765 1304 822 quo
1326 749 1404 805 ad
1430 748 1678 804 beatum
1705 746 1816 802 Job
1839 745 2126 801 Dominus

465 840 732 914 loquitur
765 855 778 895 :
823 839 1008 895 Omne
1043 838 1298 895 sublime
1327 838 1505 900 videt,
1538 838 1661 907 ipse
1706 840 1762 892 et
1812 849 1921 892 rex
1948 847 2129 902 super

468 944 668 988 omnes
692 929 851 998 ﬁlios
879 927 1172 998 superbiae
1202 927 1334 999 (Job
1357 942 1472 994 xu,
1490 926 1615 995 25);
1644 940 1841 997 neque
1869 939 1906 980 a
1934 937 2128 979 mem-

467 1019 596 1076 bris
625 1017 782 1073 illius
807 1015 1136 1072 desciscere
1161 1015 1237 1072 de
1269 1016 1492 1089 quibus
1534 1015 1832 1086 Propheta
1856 1024 2128 1086 pronun-

471 1109 580 1166 tiat
601 1124 616 1164 :
639 1109 983 1164 Posuerunt
1013 1106 1076 1162 in
1107 1107 1254 1163 calo
1282 1105 1403 1176 [al.,
1423 1105 1488 1160 in
1509 1104 1743 1174 caelum]
1767 1119 1830 1158 os
1855 1117 2051 1169 suum,
2074 1104 2128 1156 et

476 1199 690 1268 lingua
733 1211 935 1253 eorum
986 1196 1270 1252 transivit
1313 1196 1376 1250 in
1423 1199 1587 1250 terra
1630 1193 1818 1264 (Psal.
1847 1207 2020 1254 Lxxn,
2051 1189 2128 1262 9).

475 1290 906 1343 Verumtamen
948 1284 1053 1340 ﬁlii
1099 1283 1451 1340 humilitatis
1495 1287 1550 1338 et
1594 1280 1855 1338 veritatis
1901 1294 2131 1352 nequa-

474 1391 666 1449 quam
714 1372 934 1430 talibus
981 1372 1212 1443 injuriis
1245 1375 1724 1438 commoventur,
1753 1373 1819 1425 ut
1860 1366 2134 1425 convicia

477 1463 782 1530 conviciis,
799 1465 856 1518 et
874 1461 1270 1517 contumelias
1287 1458 1661 1516 contumeliis
1675 1458 1966 1514 referant:
1985 1455 2133 1528 quin

476 1549 824 1606 humiliores
855 1547 1066 1618 eﬂ‘ecti,
1095 1547 1392 1620 quidquid
1425 1546 1539 1601 sibi
1586 1545 1874 1614 magistra
1900 1542 2134 1600 humili-

1559 175 1618 232 S.
1659 171 2041 230 PRUDENTH
2123 169 2459 230 RECENSIS
2497 172 2801 230 EPISCOPl

2156 299 2202 354 Α
2235 295 2453 353 horum
2481 296 2887 368 ignorantiam
2918 294 3126 365 inuris,
3152 291 3432 366 nunquid
3452 291 3692 348 moveri
3720 290 3905 348 debet

3762 167 3899 224 «θυι

2232 389 2437 442 nostra
2453 386 2778 450 humilitas,
2794 401 2934 441 cum
2953 383 3272 440 videamus
3296 396 3509 437 omnes
3525 379 3908 436 orthodoxos

2230 479 2432 546 patres
2479 479 2716 531 nostros
2765 474 2961 530 eidem
3008 472 3241 544 injuria
3272 469 3632 540 substratos,
3678 469 3894 526 eadem

2231 561 2483 620 infamia
2511 564 2846 633 denotatos,
2874 563 2978 636 qui
3007 577 3220 618 omnes
3246 564 3412 616 tanta
3438 557 3790 614 liberalium
3810 555 3897 611 di-

2233 649 2622 723 sciplinarum
2665 651 2996 706 eruditione
3025 648 3434 712 coruscarunt,
3457 649 3525 700 ut
3553 643 3764 700 nullus
3789 644 3900 713 eis,

2233 754 2388 812 quos
2413 740 2687 813 apprime
2714 737 3109 811 philosophos
3140 734 3410 792 mundus
3432 733 3707 806 suscipit,
3737 748 3906 789 vera-

2235 828 2378 885 citer
2423 827 2790 900 aquiparari
2837 825 3319 900 possit:quippe
3355 839 3496 880 cum
3542 823 3628 879 ita
3681 839 3788 879 eos
3839 823 3901 878 in

2235 915 2518 972 omnibus
2533 931 2674 972 vera
2689 915 2985 988 sapientia
3004 913 3368 980 instruxerit,
3383 917 3450 968 ut
3471 916 3640 968 tanto
3660 911 3907 968 eviden-

2235 1004 2351 1060 tius
2377 1009 2624 1060 nossent
2646 1004 2790 1078 quid
2818 1004 2879 1060 in
2903 1003 2988 1060 eis
3016 1002 3354 1065 vitandum,
3371 1000 3524 1074 quid
3543 1005 3700 1057 esset
3719 1016 3908 1075 appe-

2239 1092 2511 1160 tendum,
2542 1097 2772 1166 quanto
2801 1092 2996 1148 eidem
3027 1107 3184 1147 vera
3231 1090 3540 1163 sapientia
3567 1091 3908 1146 connexius

2237 1183 2608 1240 inhaererent.
2628 1184 2740 1240 Sed
2763 1182 3060 1256 nunquid,
3074 1182 3219 1255 quia
3239 1197 3312 1238 ea
3333 1181 3472 1237 sciri
3499 1197 3602 1254 pro
3623 1187 3903 1254 tempore

2239 1272 2470 1329 Veritas
2490 1289 2613 1328 non
2644 1272 2974 1346 prohibuit,
2991 1271 3126 1328 ideo
3152 1270 3391 1326 mentiri
3414 1270 3596 1341 jussit
3617 1270 3739 1326 sive
3762 1285 3906 1326 coe-

2242 1361 2373 1432 git?
2403 1364 2478 1418 At
2504 1361 2566 1417 in
2595 1361 2836 1434 quantis
2863 1360 3167 1417 mentibus
3215 1359 3318 1428 sis,
3359 1359 3639 1433 quisquis
3684 1359 3907 1414 eadem

2243 1449 2493 1506 Veritate
2523 1450 2850 1506 illustratus
2879 1455 2982 1507 tua
3030 1449 3189 1521 legit,
3220 1454 3494 1522 patenter
3521 1448 3794 1504 advertit.
3822 1453 3910 1504 Ac

2246 1554 2352 1611 per
2379 1538 2515 1609 hoc,
2546 1537 3092 1611 quemadmodum,
3126 1537 3389 1594 donante
3421 1537 3699 1599 Domino,
3732 1552 3912 1609 supe-

479 1639 596 1692 tate
639 1640 697 1691 et
733 1636 979 1691 veritate
1027 1635 1238 1690 datum
1269 1634 1450 1704 gratis
1481 1639 1798 1700 noverunt,
1831 1633 1910 1688 ad
1937 1631 2135 1688 dantis
2163 1647 2210 1703 B
2247 1626 2406 1684 riora
2422 1627 2710 1695 indicant,
2727 1632 2790 1684 tu
2809 1627 3008 1700 potius
3028 1642 3153 1683 non
3172 1626 3366 1694 solum
3387 1626 3549 1683 dicta
3567 1625 3909 1692 Dominica,

480 1723 735 1796 gloriam
764 1728 821 1780 et
845 1724 1141 1779 honorem
1165 1727 1508 1795 retorquere
1534 1724 1771 1796 penitus
1797 1721 2134 1790 elaborent;

481 1813 655 1884 cujus
685 1811 734 1868 si
757 1811 1104 1882 magisterio
1133 1811 1229 1867 vel
1257 1811 1481 1878 doceri,
1504 1811 1596 1866 vel
1621 1811 1703 1866 uti
1732 1809 2138 1883 quasivisses,

480 1916 802 1974 nunquam
831 1900 894 1955 in
925 1903 1122 1956 tantas
1170 1899 1579 1972 blasphemias
1611 1903 1790 1971 atque
1820 1897 2139 1972 impuden-

483 1990 596 2046 tias
625 1989 1028 2062 prorupisses.
1054 1992 1201 2046 Nam
1219 1989 1352 2061 ipsa
1373 1988 1451 2044 ad
1478 1987 1906 2044 destruendam
1928 1986 2142 2043 mundi

485 2077 866 2152 sapientiam,
890 2077 986 2134 cui
1007 2077 1306 2150 superbus
1335 2077 1605 2145 insudas,
1627 2076 1843 2132 idiotas
1871 2081 1928 2132 et
1951 2075 2144 2148 pisca-

484 2171 662 2236 tores,
693 2182 819 2223 non
849 2167 1148 2240 sophistas
1177 2166 1372 2237 elegit,
1403 2183 1665 2239 quorum
1707 2171 1974 2221 tumores
2001 2181 2141 2222 cum

484 2255 652 2331 apud
681 2255 1015 2313 Corinthios
1066 2255 1160 2312 vel
1182 2255 1449 2312 maxime
1476 2260 1533 2312 et
1562 2254 1950 2310 Colossenses
1978 2255 2142 2327 Apo-

485 2345 672 2402 stolus
701 2345 904 2402 divina
924 2344 1279 2401 auctoritate
1300 2343 1741 2416 comminuerit,
1773 2342 1951 2416 pauci
1970 2341 2140 2400 factis

484 2434 770 2491 omnibus
821 2450 894 2491 ex
935 2433 1216 2506 explosis,
1258 2433 1333 2490 de
1386 2449 1448 2489 se
1495 2433 1707 2506 suique
1750 2432 2143 2506 participibus

484 2523 628 2580 dixit
653 2543 667 2579 :
703 2524 878 2581 Nihil
897 2523 1175 2593 judicari
1192 2539 1284 2580 me
1302 2539 1454 2580 scire
1469 2523 1627 2580 inter
1650 2518 1769 2593 vos,
1792 2523 1910 2578 nisi
1937 2521 2142 2580 Chris-

487 2617 614 2666 tum
642 2613 865 2682 Jesum,
893 2617 949 2666 et
997 2611 1158 2667 hunc
1204 2614 1559 2682 crucifixum
1609 2612 1668 2683 (I
1705 2613 1843 2669 Cor.
1877 2627 1935 2678 u,
1969 2611 2043 2682 2).
2077 2613 2145 2665 Et

485 2697 626 2771 ipsa
653 2699 880 2754 Veritas
911 2699 1135 2754 clamat
1166 2716 1179 2755 :
1226 2701 1427 2756 Venite
1450 2700 1532 2756 ad
1577 2715 1669 2756 me
1695 2713 1892 2756 omnes
1924 2701 2027 2771 qui
2050 2699 2142 2755 la-

489 2785 711 2843 boratis
736 2792 793 2843 et
820 2788 1056 2843 onerati
1085 2787 1242 2855 estis,
1260 2793 1314 2844 et
1342 2803 1446 2858 ego
1476 2788 1740 2858 reﬁciam
1781 2802 1900 2844 vos.
1931 2788 2145 2844 Tollite

480 2877 704 2947 jugum
734 2891 928 2932 meum
959 2891 1140 2946 super
1168 2891 1288 2944 vos,
1316 2882 1371 2932 et
1395 2877 1602 2932 discite
1627 2891 1664 2933 a
1693 2892 1784 2933 me
1811 2877 1956 2948 quia
1984 2877 2144 2932 mitis

2247 1731 2457 1772 verum
2477 1716 2653 1772 etiam
2678 1716 2921 1772 Patrum
2943 1715 3264 1772 sententias
3293 1719 3457 1772 tanta
3474 1715 3911 1788 depravatione

2247 1803 2363 1860 tuis
2399 1804 2702 1860 erroribus
2738 1805 3047 1875 intorsisti,
3072 1809 3135 1860 ut
3152 1804 3338 1861 lector
3369 1804 3614 1860 illorum
3632 1819 3913 1860 necessa-

2245 1891 2399 1949 riam
2429 1909 2677 1966 prorsus
2699 1893 2925 1950 habeat
2940 1898 2998 1950 et
3017 1893 3504 1950 exercitationem
3524 1893 3834 1959 sedulam,
3855 1898 3912 1949 et

2247 1981 2775 2055 prasentissimam
2827 1982 3158 2039 veritatem.
3201 1983 3578 2056 Quapropter
3627 1982 3912 2038 manifes-

2248 2076 2376 2126 tum
2389 2075 2477 2126 est
2493 2075 2569 2141 et,
2583 2071 2718 2127 ideo
2738 2087 2776 2127 a
2789 2071 3035 2128 veritate
3056 2071 3344 2144 tantisper
3358 2071 3756 2142 exorbitasse,
3767 2072 3909 2144 quia

2246 2159 2480 2216 inuisus
2498 2160 2730 2218 inﬂanti
2761 2160 3040 2232 scientia,
3070 2161 3239 2234 quod
3257 2177 3465 2218 verum
3504 2165 3635 2218 erat
3669 2167 3911 2234 sponta-

2249 2264 2364 2305 nea
2388 2249 2760 2323 proindeque
2793 2249 3227 2323 superbissima
3247 2251 3561 2307 aversione
3591 2251 3904 2324 reliquisti.

2322 2337 2604 2412 Nunquid
2635 2343 2879 2396 sanctus
2910 2338 3276 2410 Fulgentius,
3299 2339 3386 2396 vir
3414 2339 3653 2413 absque
3678 2339 3913 2397 haesita-

2250 2425 2409 2484 tione
2456 2426 2860 2496 doctissimus,
2905 2427 3248 2499 ignorantia
3289 2427 3752 2502 disciplinarum
3807 2443 3909 2484 ea-

2248 2514 2529 2572 rumdem
2557 2516 2842 2572 mentitus
2871 2521 2978 2586 est,
3012 2517 3372 2590 exponendo
3405 2517 3482 2573 de
3528 2517 3906 2591 pradestina-

2250 2603 2408 2660 tione
2440 2605 2795 2662 sententiam
2819 2605 3157 2677 Augustini,
3190 2606 3252 2662 in
3281 2606 3455 2678 cujus
3486 2606 3902 2680 explanatione

2248 2691 2471 2748 librum
2500 2693 2758 2750 mirabili
2787 2694 3132 2768 eloquentia
3157 2700 3215 2752 et
3243 2696 3505 2752 veritatis
3536 2697 3784 2753 scientia
3813 2711 3910 2751 re-

2249 2781 2637 2839 fertissimum
2667 2783 2972 2842 absolvit?
2997 2801 3182 2858 quem
3210 2785 3294 2842 ita
3322 2786 3582 2842 vicinum
3625 2785 3915 2858 tempori-

2249 2869 2366 2926 bus
2392 2871 2665 2942 ejusdem
2710 2872 3024 2943 Augustini
3052 2874 3359 2945 novimus,
3393 2879 3459 2932 ut
3499 2874 3588 2931 vel
3630 2873 3709 2930 ab
3738 2876 3910 2946 ipso,

486 2981 618 3022 sum
639 2970 695 3022 et
721 2965 968 3022 humilis
991 2967 1198 3038 corde;
1219 2972 1274 3024 et
1298 2965 1609 3023 invenietis
1632 2967 1891 3038 requiem
1917 2966 2145 3023 anima-
2186 3007 2226 3062 ϐ
2253 2959 2346 3016 vel
2482 2959 2860 3062 auditoribus
2887 2961 3064 3034 illius,
3093 2963 3495 3034 integritatem
3537 2964 3666 3037 ejus
3689 2963 3917 3019 doctri-

488 3054 594 3111 bus
621 3055 850 3112 vestris.
893 3058 1119 3127 Jugum
1149 3055 1304 3112 enim
1348 3071 1538 3112 meum
1564 3070 1747 3112 suave
1768 3060 1875 3124 est,
1906 3060 1960 3112 et
1993 3069 2143 3111 onus

484 3160 681 3202 meum
711 3146 836 3202 leve
866 3145 1102 3218 (Matth.
1135 3162 1209 3215 χι,
1241 3146 1356 3214 28).
1390 3148 1534 3201 Ecce
1577 3145 1870 3216 magistra
1923 3143 2145 3202 Veritas

487 3233 642 3290 disci
661 3250 698 3290 a
713 3250 775 3292 se
794 3235 1193 3292 humilitatem
1214 3238 1271 3292 et
1290 3234 1844 3305 mansuetudinem,
1871 3249 1994 3290 non
2013 3233 2146 3290 rhe-

487 3322 742 3380 toricam
769 3327 827 3379 et
845 3322 1220 3380 dialecticam
1241 3321 1431 3394 jubet.
1453 3325 1518 3378 Et
1542 3322 1860 3396 Apostolus
1890 3321 2044 3394 ejus,
2067 3320 2148 3378 ab

488 3409 606 3466 hac
633 3410 880 3466 inﬂante
909 3411 1156 3468 scientia
1184 3410 1338 3466 ﬁlios
1368 3425 1508 3466 suos
1534 3410 1886 3482 prohibens,
1905 3409 2148 3466 humili-

488 3498 597 3556 tati
620 3501 678 3553 et
725 3498 956 3555 veritati
985 3499 1350 3568 evangelicae
1403 3498 1770 3555 studendum
1798 3499 2069 3572 pracipit
2099 3504 2145 3568 (1

493 3585 645 3642 Tim.
671 3599 750 3652 vi,
778 3588 892 3654 20).
921 3586 1067 3641 Hinc
1110 3591 1169 3643 et
1210 3585 1394 3642 Isaias
1443 3586 1738 3658 propheta
1783 3587 1899 3644 ait:
1928 3588 2036 3645 Ubi
2065 3593 2148 3644 est

493 3674 795 3731 litteratus
815 3677 845 3730 ?
877 3675 988 3732 Ubi
1017 3674 1197 3732 verba
1225 3675 1370 3746 legis
1384 3674 1731 3744 ponderans
1747 3679 1776 3732 ?
1801 3675 1906 3731 ubi
1942 3675 2152 3733 doctor

480 3763 930 3834 parvulorum?
958 3764 1263 3834 Populum
1307 3763 1745 3834 imprudentem
1790 3761 1914 3838 [al.,
1953 3765 2147 3835 impu-

488 3851 744 3918 dentem]
778 3868 898 3909 non
922 3852 1167 3922 videbis,
1186 3854 1485 3924 populum
1515 3854 1629 3910 alti
1646 3855 1953 3923 sermonis,
1976 3856 2062 3911 ita
2081 3859 2149 3911 ut

487 3956 612 3998 non
631 3943 824 4012 possis
853 3942 1193 4014 intelligere
1233 3942 1714 4000 disertitudinem
1750 3944 1978 4015 lingua:
2019 3945 2148 4015 ejus

487 4030 555 4088 in
584 4046 701 4103 quo
731 4033 909 4088 nulla
933 4037 1018 4089 est
1041 4033 1343 4103 sapientia
1369 4032 1509 4103 (Isa.
1535 4049 1740 4101 xxxm,
1775 4035 1862 4104 18,
1895 4034 2002 4105 19).

560 4119 706 4176 Hine
760 4122 875 4176 Leo
929 4120 993 4176 in
1053 4123 1337 4180 Sermone
1390 4121 1464 4178 de
1517 4122 1803 4179 Passione
1861 4121 2144 4180 Domini:

487 4207 700 4280 [Hanc,
721 4206 1108 4278 dilectissimi,
1130 4208 1562 4267 incarnationis
1585 4209 1907 4267 Dominica
1935 4209 2142 4280 ﬁdem,

486 4314 598 4373 per
627 4314 818 4372 quam
847 4303 971 4358 tota
1019 4301 1281 4358 Ecclesia
1304 4317 1524 4375 corpus
1553 4306 1642 4357 est
1666 4299 1902 4367 Christi,
1931 4301 2141 4359 incon-

2252 3065 2344 3105 na
2371 3049 2675 3106 sinceriter
2709 3050 3020 3108 addiscere
3047 3053 3357 3125 potuisset.
3387 3052 3669 3126 Nunquid
3695 3056 3756 3108 et
3780 3068 3918 3108 san~

2253 3143 2382 3195 ctus
2411 3141 2663 3212 Prosper
2688 3140 2908 3196 harum
2935 3140 3170 3198 inscitia
3197 3143 3433 3214 erravit,
3461 3142 3566 3214 qui
3620 3142 3914 3198 eumdem

2252 3227 2510 3301 propriis
2540 3228 2806 3302 epistolis
2857 3229 3206 3299 consulens,
3233 3230 3312 3287 ab
3356 3245 3549 3304 eoque
3603 3231 3914 3304 rescriptis

2253 3317 2560 3375 catholicis
2587 3319 2858 3388 edoctus,
2891 3319 3045 3377 adeo
3069 3319 3130 3376 in
3155 3321 3483 3378 assertione
3524 3321 3798 3378 veritatis
3824 3337 3918 3377 ro-

2251 3406 2498 3464 boratus
2543 3411 2658 3474 est,
2706 3413 2769 3464 ut
2815 3413 2939 3466 tam
2975 3409 3234 3483 propria
3274 3409 3628 3466 eruditionis
3676 3409 3916 3482 scriptis

2253 3512 2439 3569 quam
2483 3497 2829 3570 apostolica
2879 3499 3046 3556 Sedis
3093 3499 3344 3556 decretis
3385 3499 3728 3556 doctrinam
3767 3499 3917 3555 tanti

2255 3587 2438 3642 Patris
2479 3585 2828 3650 defenderit,
2862 3587 3224 3662 defendique
3273 3588 3588 3645 studuerit.
3628 3587 3918 3660 Nunquid

2253 3673 2415 3731 beati
2456 3675 2748 3732 antistites
2783 3677 3099 3747 Gregorius
3129 3681 3186 3734 et
3209 3676 3475 3734 Isidorus
3496 3677 3719 3734 barum
3749 3678 3917 3748 igno-

2254 3763 2450 3820 rantia
2477 3770 2839 3836 erraverant,
2871 3782 3131 3839 quarum
3177 3765 3262 3823 eis
3304 3766 3547 3824 affuisse
3584 3765 3916 3838 plurimam

2255 3852 2566 3910 scientiam
2589 3853 2930 3912 nullatenus
2948 3855 3302 3927 ignoramus
3321 3857 3349 3913 ?
3373 3855 3584 3912 Desine
3613 3855 3800 3927 igitur
3818 3871 3918 3912 ca-

2257 3941 2487 3999 tholicis
2513 3943 2775 4018 virisque
2805 3944 3223 4001 eruditissimis
3249 3944 3408 4001 hanc
3426 3944 3759 4017 importare
3781 3961 3918 4001 con-

2254 4031 2583 4101 tumeliam,
2607 4047 2761 4104 quos
2789 4032 3080 4102 magistra
3100 4032 3324 4090 Veritas
3352 4048 3462 4106 per
3491 4037 3774 4089 sanctum
3792 4034 3921 4106 Spi-

2254 4120 2436 4178 ritum
2479 4137 2723 4178 omnem
2770 4121 2973 4179 docuit
3018 4121 3342 4180 veritatem.
3370 4125 3594 4195 Nempe
3642 4139 3784 4179 cum
3829 4126 3918 4180 tot

2253 4209 2498 4265 urbium
2526 4209 3066 4284 canobiorumque
3085 4215 3292 4268 sancta
3317 4211 3598 4268 examina
3617 4227 3916 4268 memora-

2252 4301 2450 4354 tarum
2492 4297 2711 4354 artium
2756 4298 2994 4356 videam
3041 4299 3222 4356 ﬂores
3264 4299 3483 4371 legere,
3514 4299 3672 4356 fetus
3711 4300 3910 4367 edere,

487 4403 670 4446 cusso
699 4388 880 4446 corde
914 4394 1238 4462 servantes,
1269 4389 1348 4448 ab
1397 4363 1681 4448 omnibus
1726 4389 2142 4449 hareticorum
2173 4363 2216 4418 D
2252 4386 2601 4442 dulcissima
2651 4387 2831 4443 mella
2880 4403 3267 4461 componere,
3294 4403 3613 4462 nunquam
3663 4389 3772 4444 uni
3809 4389 3916 4444 tibi

481 4477 751 4552 jejunate
779 4479 1129 4538 mendaciis.
1163 4483 1230 4537 Et
1256 4479 1340 4538 ita
1366 4479 1542 4538 vobis
1569 4478 1788 4536 credite
1811 4478 2143 4538 misericor-

484 4565 604 4626 dia
654 4583 843 4643 opera
890 4569 1228 4644 profutura,
1280 4569 1365 4628 ita
1437 4568 1738 4627 fructuosa
1793 4568 2143 4628 habendam

484 4656 866 4716 continentia
922 4659 1266 4733 puritatem,
1319 4658 1369 4716 si
1418 4663 1650 4716 mentes
1706 4663 1915 4716 vestra
1977 4659 2146 4719 nulla

481 4759 811 4817 pravarum
862 4748 1220 4822 opinionum
1271 4747 1728 4807 intaminatione
1768 4748 2140 4807 sordescunt.

483 4832 733 4904 Abjicite
763 4852 948 4896 exosa
975 4839 1232 4897 Domino
1277 4839 1612 4897 mundana
1661 4843 2019 4911 argumenta
2048 4856 2144 4898 sa-

483 4917 747 4991 pientia,
776 4939 886 4994 per
922 4941 1111 4998 quam
1130 4942 1312 4986 nemo
1353 4927 1434 4984 ad
1456 4927 1858 4999 cognitionem
1880 4928 2144 4986 veritatis

481 5005 679 5078 potuit
727 5013 1057 5082 pervenire,
1090 5019 1148 5072 et
1193 5016 1309 5073 hoc
1351 5016 1544 5073 ﬁxum
1585 5016 1801 5074 habete
1829 5016 1890 5072 in
1938 5016 2142 5074 animo

481 5093 653 5166 quod
678 5094 872 5152 dicitis
893 5099 958 5155 in
985 5101 1310 5179 symbolo.]

555 5185 600 5256 -ι-
623 5187 888 5260 Apparet
913 5187 1094 5258 igitur
1117 5193 1290 5263 cujus
1316 5195 1395 5250 sis
1443 5196 1625 5264 ﬁlius,
1657 5195 1782 5268 qui,
1813 5193 1892 5252 ab
1921 5193 2142 5252 horum

483 5272 733 5334 salutari
758 5275 1128 5334 institutione
1157 5280 1516 5354 descissens,
1543 5285 1659 5341 illis
1688 5289 1745 5340 te
1772 5283 2138 5353 inseris,illis

429 5375 434 5379 ‘
477 5360 706 5422 inﬂaris
721 5381 856 5440 qua
877 5366 974 5424 isti
990 5372 1048 5424 et
1060 5370 1537 5442 reprobaverunt
1553 5380 1610 5430 et
1623 5373 1796 5429 ﬂocci
1816 5371 2142 5445 pendenda

477 5449 795 5513 duxerunt.
815 5457 1098 5522 Quamvis
1112 5459 1412 5533 quidquid
1431 5463 1493 5519 in
1519 5464 1604 5520 eis
1635 5461 1773 5518 utile
1801 5460 2138 5520 salubritati

475 5544 534 5599 et
551 5541 917 5615 simplicitati
940 5548 1286 5608 Christiana
1303 5550 1444 5607 ﬁdei
1457 5552 1479 5624 j
1491 5553 1782 5617 udicatur,
1797 5567 2140 5626 usquequa-

471 5644 593 5705 que
614 5647 726 5691 nec
745 5633 1124 5712 improbetur
1142 5655 1255 5700 nec
1273 5640 1600 5714 ignoretur.
1615 5647 1697 5702 Ac
1713 5648 1871 5702 certe
1890 5641 1941 5700 si
1957 5640 2139 5700 nobis

2253 4475 2627 4548 singulariter
2651 4475 3069 4550 deputaverim
3096 4479 3265 4552 quod
3285 4478 3610 4552 sapientia:
3644 4480 3820 4535 Dives
3848 4480 3914 4534 in

2249 4582 2446 4625 omnes
2495 4567 2602 4641 qui
2649 4568 2932 4625 invocant
2978 4569 3152 4627 illam
3201 4570 3387 4642 (Rom.
3420 4585 3474 4637 x,
3523 4569 3631 4638 t2),
3679 4568 3914 4641 passim

2249 4661 2417 4715 tanta
2432 4657 2724 4730 largitatis
2746 4656 3054 4716 aﬁluentia
3071 4657 3374 4731 dispertiri
3395 4657 3793 4728 cognoscitur.
3807 4659 3917 4712 Ne‘

2249 4764 2369 4822 que
2398 4747 2630 4805 silentio
2653 4747 3139 4821 pratereundum
3174 4747 3422 4818 videtur,
3445 4748 3613 4821 quod
3635 4762 3823 4802 ausus
3843 4761 3913 4800 es

2250 4837 2470 4910 dicere,
2502 4839 2779 4896 liberales
2822 4839 3176 4910 disciplinas
3217 4841 3456 4896 comites
3499 4853 3640 4906 esse,
3676 4839 3915 4894 investi-

2248 4931 2625 5001 gatricesque
2654 4929 3029 5000 sempiterna:
3075 4929 3443 5000 Sapientia],
3471 4945 3628 5001 quas
3678 4932 3915 4983 constat

2249 5017 2538 5074 nimirum
2558 5017 2901 5074 inventione
2921 5017 3238 5074 hominum
3261 5035 3297 5073 a
3312 5020 3429 5073 Deo
3450 5024 3508 5072 et
3527 5033 3651 5073 una
3671 5018 3916 5089 Sapien-

2248 5107 2331 5163 tia
2373 5106 2700 5162 extorrium
2747 5110 2925 5179 atque
2973 5107 3304 5178 expertium
3334 5109 3620 5179 repertas.
3651 5105 3710 5161 Si
3750 5107 3916 5181 enim

2249 5194 2365 5252 illa
2386 5194 2632 5252 comites
2653 5194 3240 5267 investigatricesque
3260 5194 3584 5251 creduntur
3604 5195 3917 5266 sempiter-

2251 5299 2344 5340 na
2379 5284 2997 5358 Sapientia,sequitur
3035 5287 3100 5340 ut
3135 5283 3476 5341 inventores
3495 5299 3708 5340 earum
3728 5282 3914 5339 homi-

2249 5389 2357 5430 nes
2382 5378 2698 5447 aquentur
2717 5373 2832 5446 ipsi
2864 5373 3241 5445 sempiterna
3267 5373 3603 5446 Sapientia,
3628 5388 3738 5445 per
3757 5387 3916 5446 quos

2251 5463 2343 5518 sui
2374 5463 2621 5520 comites
2651 5462 2863 5536 suique
2901 5462 3374 5533 investigatrices
3402 5461 3664 5518 inventa
3699 5461 3913 5534 pradi-

2249 5555 2482 5608 cantur.
2534 5552 2704 5610 Nulla
2741 5557 2942 5610 autem
2985 5561 3260 5609 creatura
3301 5556 3538 5608 aterna
3589 5551 3911 5624 Sapientia

2253 5639 2483 5712 aquari
2500 5640 2698 5710 debet,
2711 5657 2904 5715 eaque
2924 5639 3226 5700 ullatenus
3246 5639 3420 5700 valet.
3435 5638 3675 5699 Falsum
3695 5645 3790 5696 est
3807 5638 3916 5711 igi-
