4160 6186
293 205 311 260 1
323 203 429 260 305

1221 200 1311 256 DE
1349 193 2013 258 PREDESTINATIONE
2053 193 2343 254 CONTRA
2379 193 2430 254 J.
2473 193 2768 254 SCOTUM.

3567 192 3702 247 £300

285 330 381 383 tur
402 339 530 395 eas,
551 321 617 378 id
639 325 731 378 est
758 321 1138 379 inventiones
1158 321 1482 396 humanas,
1504 339 1834 397 earumque
1854 339 1940 378 re.
1972 324 2021 376 Α
2058 325 2217 391 runt,
2250 326 2307 378 et
2331 322 2686 395 priusquam
2707 319 2917 376 ﬁerent
2940 317 3015 374 de
3045 317 3128 373 eis
3166 316 3491 387 cogitatum
3516 318 3624 385 est,
3651 319 3707 370 et

279 416 573 486 pertores,
606 411 855 467 comites
886 414 1066 484 atque
1107 411 1581 483 investigatrices
1627 431 1755 471 esse
1787 429 1940 469 vera

281 501 786 575 sempiternaque
820 501 1156 574 Sapientia,
1179 501 1412 558 dicente
1435 505 1757 576 Propheta:
1793 503 1942 570 Quo-

282 594 449 648 niam
479 593 612 664 quis
638 592 701 647 in
725 590 982 647 nubibus
1028 593 1367 663 aequabitur
1409 595 1678 662 Domino,
1733 592 1943 649 similis

285 682 401 737 erit
416 682 538 737 Deo
557 681 718 735 inter
735 679 894 747 ﬁlios
912 680 1024 734 Dei
1044 679 1163 750 (Ps.
1193 696 1470 751 Lxxxvm,
1493 683 1567 753 7),
1592 686 1819 754 quanto
1844 680 1946 735 mi-

284 784 402 824 nus
433 767 590 824 ﬁlios
620 766 900 823 diaboli?
947 767 1166 824 Deinde
1196 768 1434 839 aﬁingis
1474 769 1726 826 alteram
1778 769 1946 839 igno-

283 857 492 913 rantia
520 856 860 921 infamiam,
918 872 1053 929 qua
1084 857 1163 914 ad
1187 874 1315 914 rem
1361 874 1486 916 non
1527 859 1822 932 pertinere
1852 858 1943 915 ni-

282 945 613 1003 hilominus
645 945 1101 1018 comprobatur.

843 1051 868 1092 J
877 1049 1093 1091 OANNES
1134 1051 1360 1093 SCOTUS.

354 1124 525 1196 (Cap.
562 1125 645 1191 l8,
672 1138 840 1178 num.
875 1127 929 1194 3,
962 1127 1108 1180 sect.
1146 1123 1218 1195 1.)
1247 1129 1288 1178 Θ
1344 1126 1602 1196 Insuper
1630 1127 1828 1196 etiam,
1855 1125 1942 1180 in-

281 1211 515 1285 quiens,
549 1213 898 1269 Graecarum
950 1214 1289 1270 litterarum
1347 1216 1591 1272 inscitia
1618 1217 1682 1271 in
1729 1215 1941 1287 quibus

272 1301 822 1372 pradestinationis
834 1303 1251 1372 interpretatio
1270 1305 1507 1360 nullam
1535 1304 1941 1375 ambiguitatis

278 1391 596 1459 caliginem
627 1391 858 1461 gignit,
897 1406 1028 1462 qua
1056 1393 1109 1446 si
1154 1392 1505 1463 diligentius
1533 1394 1609 1449 ab
1637 1394 1942 1463 inquisito-

281 1478 450 1534 ribus
472 1480 889 1549 veritatis,non
911 1479 987 1535 ab
1013 1481 1409 1535 assertoribus
1435 1482 1943 1550 falsitatis,atten-

280 1566 1009 1639 dantur,quotiescunque
1033 1569 1154 1622 sive
1184 1568 1256 1624 de
1289 1569 1452 1624 bonis
1485 1571 1719 1636 usitate,
1734 1571 1857 1626 sive
1871 1570 1943 1624 de

273 1659 453 1713 malis
478 1658 720 1713 abusive
739 1657 1197 1727 pradestinatio
1223 1660 1450 1727 [rantis
1481 1675 1622 1727 sua,
1651 1661 1936 1730 sapienti-
1973 1677 2011 1730 Β

277 1746 436 1802 tibus
463 1748 697 1818 quidem
730 1748 1073 1816 notissimae,
1111 1749 1338 1817 inﬂatis
1371 1765 1506 1805 vero
1530 1750 1822 1819 superbia
1849 1756 1938 1820 ty-

271 1836 399 1907 pho
421 1837 1132 1908 abstrusissimce,primas
1142 1845 1350 1906 partes
1371 1841 1827 1908 aperuerit,tota
1853 1841 1941 1894 ni-

279 1927 520 1991 mirum,
541 1927 720 1983 nulla
750 1927 1106 1984 interstante
1133 1943 1322 1995 mora,
1345 1929 1442 1998 pie
1461 1929 1934 2000 intelligentibus

279 2029 408 2071 eam
431 2016 682 2085 patebit.
711 2016 818 2071 Est
845 2016 1034 2086 igitur
1066 2016 1308 2072 verbum
1348 2018 1514 2085 apud
1542 2018 1775 2074 Graecos
1797 2019 1936 2092 ὠρῶ,

285 2104 443 2175 quod
469 2105 635 2174 apud
661 2106 909 2162 Latinos
969 2105 1160 2160 tribus
1209 2107 1512 2175 ex:ipitur
1552 2107 1779 2178 verbis;
1821 2109 1938 2181 ὡρῶ

285 2192 506 2264 quippe
533 2199 584 2248 et
614 2193 789 2249 video
834 2199 888 2250 et
916 2193 1162 2264 deﬁnio,
1196 2199 1251 2250 et
1291 2194 1525 2250 destino
1576 2197 1938 2266 interpreta-

283 2286 406 2337 tur.
437 2281 727 2339 Similiter
753 2285 1136 2354 compositum
1163 2286 1414 2358 προὼρῶ,
1437 2285 1763 2358 pravideo,
1787 2302 1938 2359 pra-

283 2369 532 2441 deﬁnio,
562 2370 944 2444 pradestino.

946 2476 1268 2520 CORBECTIO.

347 2549 392 2618 -ι-
421 2549 465 2604 Ο
492 2547 690 2604 virum
716 2550 1193 2620 sagacissimum,
1241 2551 1368 2624 qui,
1398 2550 1568 2624 quod
1616 2551 1676 2606 in
1721 2551 1936 2606 Latinis

277 2636 576 2706 defecerit,
625 2637 705 2695 ad
737 2640 939 2696 Graca
967 2656 1080 2697 nos
1119 2641 1386 2710 retrahit,
1434 2646 1491 2696 et
1536 2640 1598 2694 in
1652 2641 1937 2696 Romanis

279 2726 661 2783 sermonibus
683 2729 912 2786 Gracas
931 2729 1193 2799 origines
1223 2729 1474 2799 efﬁngit.
1503 2729 1673 2799 Quid,
1703 2746 1935 2802 quaso,

275 2816 572 2888 pertinent
599 2817 778 2875 verba
801 2819 1005 2875 Latina
1048 2821 1238 2886 video,
1273 2821 1512 2888 deﬁnio,
1561 2821 1810 2890 destino,
1857 2820 1936 2875 ad

277 2907 548 2962 Gracum
577 2908 964 2974 vocabulum,
1013 2910 1180 2980 quod
1211 2914 1300 2965 est
1329 2910 1488 2984 ὡρῶῖ
1537 2909 1810 2983 nunquid
1855 2909 1933 2965 ab

275 3007 348 3048 eo
373 2993 472 3048 vel
526 2993 794 3051 derivata
826 3000 984 3063 sunt,
1016 2998 1109 3051 vel
1163 2995 1589 3052 denominata:
1655 2997 1929 3069 nunquid
1966 3029 2007 3081 ο

278 3079 488 3136 saltem
519 3081 636 3138 ista
678 3082 1008 3140 litterarum
1037 3084 1384 3157 superﬁcies
1415 3083 1709 3156 quiddam
1743 3085 1934 3142 simile

275 3174 688 3242 repraesentat.
736 3175 975 3243 Verum,
1017 3173 1161 3244 quia
1199 3173 1375 3228 nobis
1426 3173 1583 3227 hanc
1634 3172 1934 3229 inscitiam

274 3258 487 3329 inuris,
520 3261 800 3331 nunquid
851 3265 908 3315 et
933 3262 1156 3316 sanctis
1210 3261 1504 3326 Patribus,
1559 3277 1683 3316 non
1736 3263 1936 3319 minus

274 3347 483 3403 Graca
508 3363 697 3420 quam
719 3349 926 3405 Latina
946 3350 1277 3406 eruditione
1306 3351 1742 3423 lampantibus,
1775 3345 1955 3409 idem'

273 3434 512 3492 facinus
544 3435 878 3492 obtendes?
930 3454 1194 3510 quorum
1225 3444 1290 3495 ut
1332 3444 1578 3496 cateros
1638 3441 1935 3515 omittam)

273 3523 684 3596 Ambrosium,
745 3526 1196 3599 Hieronymum,
1252 3529 1681 3601 Augustinum,
1723 3533 1937 3601 Grego-

272 3614 450 3681 rium,
483 3613 802 3684 lsidornm,
854 3615 1251 3686 Fulgentium,
1298 3619 1726 3675 Cassiodorum
1757 3624 1936 3676 testes

273 3701 538 3759 veritatis
571 3703 855 3775 adhibeo,
905 3721 1062 3778 quos
1092 3708 1360 3764 Gracam
1397 3707 1637 3763 novisse
1663 3708 1934 3778 linguam

275 3795 456 3863 atque
487 3791 816 3861 scientiam,
849 3793 1052 3849 nullus
1084 3794 1196 3850 nisi
1233 3795 1381 3851 nihil
1434 3796 1629 3851 sciens
1657 3797 1930 3866 ignorat;

273 3879 381 3952 qui
405 3895 618 3936 omnes
649 3880 768 3936 alio
827 3897 1007 3938 sensu
1056 3883 1223 3938 verbi
1272 3884 1545 3956 ejusdem
1600 3884 1934 3955 intelligen-

273 3968 422 4024 tiam
450 3975 914 4042 prosequuntur.
951 3975 1097 4028 Nam
1122 3977 1369 4028 sanctus
1391 3973 1741 4029 Ambrosius
1770 3975 1832 4028 in
1861 3990 1934 4030 eo

267 4056 403 4114 loco
433 4057 538 4114 ubi
565 4059 888 4131 Apostolus
936 4061 1015 4116 ad
1047 4061 1332 4133 Ephesios
1384 4061 1563 4118 dicit:
1613 4061 1935 4118 Pradesti—

272 4163 429 4204 nans
457 4163 564 4204 nos
592 4150 656 4204 in
681 4149 1057 4220 adoptionem
1086 4152 1354 4219 ﬁliorum
1386 4167 1497 4221 per
1523 4153 1724 4206 Jesum
1758 4151 1934 4209 Chri-

271 4241 430 4292 stum
460 4237 523 4293 in
554 4237 748 4307 ipsum
797 4239 978 4308 (Eph.
1009 4255 1049 4309 1,
1082 4241 1158 4310 5).
1211 4241 1294 4296 Ita
1333 4240 1694 4312 exponendo
1726 4240 1931 4296 subse-

269 4325 513 4398 quitur:
548 4327 690 4398 [Hoc
720 4327 900 4383 diccit
923 4328 1265 4386 decrevisse
1312 4332 1500 4386 Deum
1530 4335 1595 4386 ut
1623 4329 1932 4386 credentes

271 4414 336 4468 in
368 4414 664 4471 Christum
695 4415 1128 4489 adoptarentur
1174 4419 1235 4474 in
1264 4419 1415 4474 filios
1448 4436 1484 4475 a
1511 4421 1630 4475 Deo
1660 4425 1722 4476 ut
1752 4424 1932 4492 caput

271 4501 545 4574 ipsorum
572 4505 644 4560 sit
669 4505 934 4562 Christus
964 4522 1144 4563 verus
1177 4507 1352 4564 Filius
1382 4509 1530 4578 Dei.]

345 4591 388 4660 +
418 4593 483 4646 Et
505 4591 658 4647 infra
681 4610 693 4648 :
719 4593 737 4666 [
764 4597 835 4650 In
867 4611 982 4666 quo
1004 4595 1342 4666 sortiti[aI.,
1377 4603 1430 4652 et
1453 4612 1558 4651 nos
1580 4597 1741 4665 forte
1770 4612 1934 4651 cons-

269 4681 458 4751 tituti)
482 4696 706 4754 sumus,
728 4684 1144 4752 pradestinati
1198 4685 1521 4740 secundum
1557 4687 1929 4754 propositum

267 4771 399 4841 Dei,
432 4773 538 4842 qui
563 4776 843 4830 universa
872 4777 1120 4845 creavit,
1146 4776 1468 4830 secundum
1495 4777 1807 4831 consilium
1839 4793 1934 4832 vo-

268 4859 525 4915 luntatis
548 4876 692 4916 sua.
735 4863 806 4918 Ut
839 4865 1021 4919 simus
1053 4867 1113 4919 in
1149 4865 1386 4921 laudem
1417 4866 1628 4936 gloria
1652 4868 1780 4934 ejus
1802 4882 1926 4933 nos,

263 4948 372 5016 qui
396 4954 539 5004 ante
567 4951 946 5018 speravimus
975 4953 1038 5006 in
1081 4953 1340 5009 Christo.
1381 4954 1501 5008 Hoc
1531 4957 1618 5009 est
1647 4953 1808 5023 quod
1839 4952 1928 5006 di-

265 5035 362 5098 cit,
396 5037 542 5109 quia
568 5038 943 5111 dispensatio
973 5041 1418 5112 praedicationis
1440 5043 1533 5098 his
1563 5043 1800 5098 decreta
1843 5048 1930 5098 est

193 5175 198 5178 _
263 5141 302 5180 a
353 5127 494 5194 Deo,
539 5127 643 5199 qui
683 5143 756 5182 ex
804 5129 1024 5186 Judais
1066 5131 1446 5188 crediderunt
1487 5135 1547 5188 in
1593 5134 1922 5188 Christum:

261 5212 427 5268 unde
457 5213 662 5270 nullus
691 5230 764 5271 ex
796 5217 1073 5287 gentibus
1103 5219 1181 5276 ad
1205 5222 1542 5292 apostolum
1567 5221 1790 5276 electus
1812 5227 1920 5276 est:

260 5299 521 5371 dignum
551 5303 714 5360 enim
749 5310 877 5361 erat
905 5323 977 5362 ex
1002 5307 1095 5362 his
1144 5308 1280 5378 eligi
1326 5309 1771 5382 praedicatores,
1821 5309 1926 5380 qui

258 5393 403 5445 ante
431 5402 827 5464 speraverunt
858 5395 1113 5452 salutem
1162 5413 1299 5469 qua
1327 5397 1441 5453 illis
1470 5397 1769 5470 promissa
1799 5402 1925 5453 erat

260 5478 325 5534 in
355 5480 634 5554 Cbristo.]

333 5569 378 5638 -ι-
410 5568 807 5646 Hieronymus
831 5574 893 5631 in
925 5575 1300 5648 expositione
1327 5575 1598 5647 ejusdem
1623 5577 1916 5650 Epistola:

261 5663 684 5732 Προωριστιντος
714 5664 793 5723 ad
822 5680 929 5723 eos
964 5665 1217 5724 refertur
1261 5665 1366 5738 qui
1407 5670 1584 5724 antea
1631 5683 1755 5726 non
1797 5667 1919 5724 fue-

2055 417 2264 484 postea
2289 412 2697 468 substiterunt.

2125 503 2167 571 -ι-
2189 504 2253 556 Et
2271 500 2428 556 infra
2443 500 2773 570 (Id.,ibid.):
2799 497 2996 564 [Quod
3009 513 3146 553 cum
3166 493 3548 569 pradestinet
3570 508 3702 559 nos,

2055 588 2178 644 sive
2207 590 2504 662 pratiniat
2526 591 2680 646 Deus
2702 589 2763 644 in
2794 587 3184 658 adoptionem
3211 584 3469 639 ﬁliorum
3492 597 3598 654 per
3616 583 3706 635 Je-

2056 695 2194 734 sum
2217 679 2614 749 Christum.]-[-
2645 681 2710 734 Et
2731 681 2868 750 post
2895 674 3209 748 paululum
3233 691 3245 728 :
3266 674 3425 743 [Quae
3454 670 3705 739 laus,in-

2053 767 2496 840 quiunt,gloria
2527 771 2732 838 gratia
2750 767 2850 822 Dei
2873 766 2999 837 (Id.,
3025 765 3194 831 ibid.)
3218 767 3307 819 est
3337 761 3466 817 aliis
3487 759 3708 829 gratiﬁ-

2054 859 2177 912 cari
2199 856 2257 911 in
2271 855 2523 922 Christo,
2539 856 2686 913 alios
2714 857 2950 912 aternis
2966 867 3337 926 prapareare
3355 847 3703 922 suppliciis]

2125 947 2168 1016 -Ῑ-
2180 950 2243 1002 In
2260 945 2492 1002 eadem:
2509 946 2722 1018 [Supra
2733 945 3055 1002 secundum
3070 943 3362 1012 placitum
3379 937 3702 994 voluntatis

2054 1049 2176 1092 sua
2202 1037 2442 1106 (Eph.v,
2463 1039 2713 1101 5),nnnc
2738 1033 3071 1089 secundum
3093 1030 3379 1104 placitum
3407 1043 3585 1082 suum
3602 1040 3704 1081 vo-

2053 1125 2280 1182 luntate
2291 1122 3004 1199 detracta,1rpoa'opiapov,id
3027 1126 3112 1176 est
3119 1119 3703 1191 pradestinationem

2052 1215 2114 1270 in
2145 1215 2532 1287 adoptionem
2571 1213 2831 1268 ﬁliorum
2860 1229 2970 1284 per
3021 1213 3226 1266 Jesum
3258 1207 3557 1263 Christum
3603 1219 3707 1276 po-

2054 1303 2189 1373 suit,
2217 1303 2313 1358 hic
2341 1319 2478 1358 vero
2505 1305 2772 1378 πρόθεσιν,
2804 1301 2866 1357 id
2896 1305 2984 1356 est
3015 1299 3498 1370 propositionem.
3550 1294 3705 1347 Inter

2054 1392 2640 1463 pradestinationem
2667 1395 2869 1447 autem
2899 1394 2956 1446 et
2981 1386 3376 1461 prOpositum,
3405 1384 3464 1439 hi
3491 1381 3595 1454 qui
3616 1397 3706 1435 so-

2053 1480 2176 1535 lent
2201 1480 2352 1535 inter
2378 1479 2566 1534 verba
2593 1479 2908 1546 discutere,
2953 1478 3066 1532 hoc
3098 1478 3372 1530 asserunt
3396 1472 3702 1538 interesse,

2058 1569 2226 1643 quod
2279 1567 2728 1641 pradestinatio
2781 1566 3035 1636 alicujus
3085 1564 3168 1619 rei
3219 1562 3408 1618 multo
3455 1565 3611 1627 ante,
3642 1557 3704 1611 in

2053 1665 2251 1715 mente
2283 1659 2414 1729 ejus
2442 1657 2547 1730 qui
2585 1657 2860 1723 destinet,
2893 1653 3041 1728 quid
3080 1653 3348 1709 futurum
3405 1650 3478 1704 sit
3506 1646 3703 1720 prati-

2053 1753 2223 1819 guret
2249 1768 2264 1817 ;
2296 1747 2673 1820 propositum
2696 1750 2918 1813 autem,
2937 1759 3076 1799 cum
3101 1743 3230 1812 jam
3259 1739 3456 1795 vicina
3479 1737 3554 1792 sit
3581 1751 3707 1791 ma-

2054 1836 2337 1906 chinatio,
2369 1840 2425 1892 et
2449 1850 2601 1907 pene
2631 1833 3051 1903 cogitationem
3079 1833 3364 1901 sequatur
3416 1821 3704 1892 etfectus.]

2121 1927 2164 1996 -ι-
2193 1924 2428 1981 Etinfra
2457 1924 2649 1995 (Hier.,
2675 1923 2846 1994 ibid.)
2871 1940 2884 1977 :
2915 1920 3148 1993 [Omnis
3171 1914 3538 1990 dispensatio
3564 1929 3701 1985 qua

2052 2020 2190 2070 ante
2216 2015 2515 2070 mundum
2548 2018 2604 2069 et
2628 2017 2841 2085 postea
2866 2027 2994 2068 esse
3021 2009 3200 2082 capit
3227 2007 3288 2062 in
3318 2005 3702 2072 mundo,tam

2049 2103 2440 2160 invisibilium
2471 2119 2657 2175 quam
2687 2100 3008 2157 visibilium
3026 2102 3454 2159 creaturarum,
3479 2093 3702 2149 adven-

2051 2198 2179 2249 tum
2213 2192 2308 2248 Dei
2333 2191 2437 2248 ﬁlii
2466 2191 2900 2264 pollicebatur.]

2126 2284 2170 2352 -ι-
2200 2284 2268 2337 Et
2296 2285 2433 2354 post
2461 2296 2660 2353 pauca
2691 2280 2824 2350 (Id.,
2851 2278 2996 2335 ibid.
3024 2277 3129 2348 ll):
3162 2270 3702 2347 [Considerandum

2052 2371 2218 2444 Quod
2245 2375 2301 2427 et
2330 2370 2429 2426 hic
2457 2375 2812 2445 προώρισμος,
2846 2389 2933 2420 και
2961 2369 3206 2442 προθεσις
3253 2363 3316 2419 id
3363 2367 3452 2418 est
3476 2361 3704 2434 prade-

2049 2460 2308 2530 stinatio,
2340 2465 2398 2516 et
2447 2460 2825 2532 propositum
2878 2457 3056 2512 simul
3084 2455 3285 2529 posita
3314 2456 3474 2521 sunt,
3527 2451 3701 2521 juxta

2049 2548 2216 2620 quod
2259 2554 2549 2617 operatur
2577 2548 2778 2603 omnia
2831 2548 2982 2602 Deus
3011 2544 3333 2601 secundum
3385 2539 3700 2596 consilium

2050 2639 2377 2694 voluntatis
2401 2636 2570 2708 suam]

2119 2727 2162 2795 +
2193 2725 2354 2780 Idem
2384 2724 2445 2780 in
2477 2725 2632 2780 Isaia
2661 2727 2710 2793 (c
2739 2741 2820 2791 1x,
2853 2722 3106 2794 5),'libro
3133 2719 3333 2776 tertio:
3363 2713 3703 2788 [Quomodo

2050 2815 2210 2870 enim
2233 2814 2438 2883 vestis,
2465 2830 2600 2885 qua
2623 2814 2895 2869 humano
2927 2809 3222 2880 sanguine
3250 2810 3560 2863 cruentata
3589 2807 3700 2873 est,

2047 2904 2236 2960 lavari
2261 2920 2384 2959 non
2423 2908 2637 2975 potest,
2670 2903 2775 2958 sed
2803 2902 3022 2957 infecta
3054 2898 3345 2969 sanguine
3373 2896 3498 2965 igni
3540 2910 3701 2950 com-

2045 2994 2296 3061 buritur,
2326 2997 2393 3048 ut
2419 2992 2672 3048 macula
2718 3007 2858 3046 cum
2902 2990 3260 3046 vestimento
3302 2984 3446 3041 fadi
3475 2982 3701 3038 cruoris

2044 3084 2374 3151 intereant;
2409 3081 2490 3138 sic
2521 3081 2750 3137 diaboli
2777 3079 3038 3136 violenta
3075 3075 3366 3150 pradatio
3392 3078 3450 3130 et
3478 3069 3698 3129 tumul-

2045 3178 2142 3229 tus
2192 3189 2262 3228 ac
2307 3173 2521 3242 turbae,
2568 3172 2790 3244 quibus
2819 3171 3159 3226 humanum
3199 3165 3312 3222 sibi
3365 3162 3701 3234 subjecerat

2045 3280 2256 3335 genus,
2293 3263 2580 3334 gehenna
2609 3261 2850 3331 ignibus
2879 3260 3178 3332 deputata
3203 3255 3387 3327 sunt.]

2117 3353 2154 3419 Ἰ-
2182 3353 2345 3408 Idem
2375 3353 2436 3408 in
2466 3351 2750 3408 Zacharia
2780 3349 3111 3424 propheta:
3145 3347 3165 3418 [
3194 3343 3364 3410 Quod
3395 3345 3592 3400 autem
3615 3356 3702 3396 se-

2046 3443 2314 3498 cundum
2346 3445 2472 3499 LXX
2491 3441 2747 3512 legimus
2780 3457 2793 3496 :
2824 3441 2902 3495 Et
2919 3453 3164 3509 pascam
3212 3451 3344 3492 oves
3393 3431 3699 3490 occisionis

2046 3534 2109 3588 in
2157 3539 2321 3589 terra
2354 3532 2652 3590 Chanaan
2696 3530 2972 3602 (Zachar.
2998 3547 3080 3596 x1,
3113 3532 3192 3593 7),
3239 3525 3325 3581 sic
3367 3536 3698 3597 possumus

2044 3620 2370 3690 intelligere
2396 3621 2563 3694 quod
2588 3619 2884 3693 populum
2913 3617 3280 3684 Judaorum,
3313 3613 3416 3686 qui
3446 3610 3702 3667 destina-

2046 3713 2140 3765 tus
2169 3714 2257 3766 est
2295 3710 2494 3780 morti,
2526 3709 2586 3766 in
2635 3714 2758 3765 toto
2798 3707 2943 3766 orbe
2971 3707 3337 3779 dispersum,
3379 3704 3493 3759 hoc
3519 3704 3611 3757 est
3639 3699 3700 3755 in

2043 3801 2202 3854 terra
2249 3799 2536 3854 Chanaan
2585 3802 2766 3870 atque
2796 3796 3126 3864 gentilium,
3158 3797 3367 3865 pascat
3410 3790 3698 3846 Dominus

2043 3891 2100 3942 et
2129 3885 2352 3940 nutriat
2381 3885 2456 3940 ad
2481 3883 2970 3956 immolandum.]

2114 3975 2151 4040 1·
2197 3973 2360 4028 Idem
2421 3972 2484 4027 in
2541 3971 2699 4026 Isaia
2747 3971 2816 4040 (c.
2848 3987 2995 4038 xxxv,
3036 3970 3107 4034 ι),
3139 3967 3293 4022 libro
3325 3969 3534 4019 octavo
3568 3979 3581 4016 :
3611 3962 3700 4031 [Et

2043 4063 2463 4136 dispergentur
2480 4060 2849 4116 habitatores
2877 4059 3006 4129 ejus
3030 4057 3088 4113 in
3121 4057 3354 4112 diversa
3372 4053 3526 4121 loca,
3548 4067 3700 4124 pra-

2045 4153 2182 4208 miis
2214 4151 2308 4208 vel
2335 4150 2644 4225 suppliciis
2675 4148 2997 4220 destinati.]

2116 4245 2158 4314 -[-
2185 4247 2330 4299 Item
2368 4242 2430 4298 in
2470 4241 2711 4298 Michaa
2744 4241 2813 4312 (c.
2847 4255 2927 4309 ιιι,
2959 4239 3014 4311 3)
3047 4255 3060 4293 :
3095 4238 3179 4308 [Et
3226 4235 3592 4290 satiaverunt
3636 4247 3699 4287 se

2046 4334 2350 4398 carnibus,
2383 4338 2438 4389 et
2469 4330 2784 4388 incrassati
2812 4333 2971 4395 sunt,
2994 4333 3052 4385 et
3076 4326 3188 4383 sub
3220 4326 3348 4396 [al.,
3373 4323 3544 4394 sicut]
3566 4322 3697 4395 pin-

2045 4423 2333 4492 guissima
2383 4423 2579 4478 hostia
2630 4419 3054 4477 interfectionis
3109 4422 3166 4471 et
3209 4419 3346 4469 sunt
3389 4411 3696 4486 suppliciis

2045 4512 2280 4567 Domini
2302 4511 2666 4584 praparati.]

2113 4600 2150 4666 '1'
2179 4599 2341 4655 Idem
2388 4601 2448 4654 in
2493 4599 2690 4654 Abdia
2733 4598 2808 4669 (c.
2838 4614 2878 4664 1,
2917 4601 3023 4665 I6),
3052 4597 3161 4668 [Ita
3207 4592 3501 4648 universa
3551 4604 3694 4658 gen-

2042 4692 2127 4744 tes
2149 4688 2241 4744 vel
2262 4688 2636 4744 fortitudines
2665 4687 2998 4756 contraria,
3027 4682 3333 4756 suppliciis
3360 4677 3695 4749 delegata]

2111 4781 2152 4848 -ί-
2184 4777 2536 4833 Ambrosius
2560 4777 2621 4832 in
2649 4776 2953 4848 Epistolal
2983 4776 3061 4830 ad
3087 4771 3452 4830 Corinthios:
3479 4770 3694 4841 [Quam

2031 4868 2488 4936 pradestinavit
2549 4868 2694 4922 Deus
2749 4871 2891 4922 ante
2945 4865 3167 4921 saecula
3198 4863 3258 4917 in
3304 4861 3564 4932 gloriam
3596 4874 3697 4913 no-

2037 4963 2222 5012 stram
2271 4959 2328 5024 (Ῑ
2353 4957 2488 5012 Cor.
2523 4973 2580 5023 11,
2615 4960 2671 5024 7)
2706 4973 2718 5010 :
2755 4958 2951 5027 Usque
2999 4954 3152 5010 adeo
3198 4967 3340 5008 vera
3378 4950 3692 5022 sapientia,

2037 5050 2093 5100 et
2155 5061 2292 5099 cum
2343 5045 2461 5100 Deo
2506 5059 2743 5115 semper
2796 5043 2976 5099 fuisse
3024 5041 3382 5104 declaratur,
3431 5043 3498 5094 ut
3557 5044 3692 5093 ante

2037 5133 2260 5190 saecula
2317 5133 2744 5205 pradestinata
2789 5135 2846 5187 in
2904 5133 3156 5201 gloriam
3207 5137 3474 5186 nostram
3533 5130 3694 5183 dica-

2036 5227 2149 5292 tur,
2179 5224 2284 5296 qui
2330 5223 2694 5293 credimuus,
2737 5223 3025 5294 prascius
3073 5222 3234 5277 enim
3268 5222 3418 5276 Deus
3462 5230 3691 5271 errores

2035 5313 2265 5368 futuros
2313 5312 2374 5368 in
2419 5312 2670 5377 mundo,
2716 5328 2897 5385 quem
2939 5315 3064 5367 erat
3117 5311 3382 5366 facturus
3428 5306 3544 5360 hoc
3584 5302 3690 5358 de-

2033 5401 2216 5457 crevit
2259 5401 2339 5458 ad
2389 5401 2810 5458 confusionem
2859 5401 3117 5466 illorum,
3168 5397 3270 5469 qui
3328 5394 3439 5450 sibi
3497 5391 3688 5479 stulti-

2030 5489 2174 5544 tiam
2231 5491 2589 5562 sapientiam
2635 5489 2847 5546 facturi
2874 5494 3044 5546 erant
3076 5491 3237 5556 (Sap.
3269 5501 3325 5552 v,
3359 5487 3436 5554 4),
3468 5483 3546 5539 ad
3587 5497 3690 5537 no-

2030 5585 2213 5632 stram
2278 5585 2479 5636 autem
2527 5581 2799 5656 gloriam,
2846 5579 2949 5650 qui
3001 5576 3279 5639 credituri
3332 5589 3573 5629 eramus
3629 5573 3690 5624 et

2030 5667 2373 5740 credimus.]
