  <div class='ocr_page' id='page_1' title='image "/cluster/home/n/w/nwhite01/storage/ocr_20150623/115/hvd.32044054759790/659.png"; bbox 0 0 4160 6186; ppageno 0'>
   <div class='ocr_carea' id='block_1_1' title="bbox 446 190 580 244">
    <p class='ocr_par' dir='ltr' id='par_1_1' title="bbox 446 190 580 244">
     <span class='ocr_line' id='line_1_1' title="bbox 446 190 580 244; baseline -0.007 -1"><span class='ocrx_word' id='word_1_1' title='bbox 446 193 467 243; x_wconf 81' lang='grc'><strong>1</strong></span> <span class='ocrx_word' id='word_1_2' title='bbox 477 190 580 244; x_wconf 80' lang='grc'><strong>30⁸7</strong></span> 
     </span>
    </p>
   </div>
   <div class='ocr_carea' id='block_1_2' title="bbox 1500 175 2757 237">
    <p class='ocr_par' dir='ltr' id='par_1_2' title="bbox 1500 175 2757 237">
     <span class='ocr_line' id='line_1_2' title="bbox 1500 175 2757 237; baseline -0.005 0"><span class='ocrx_word' id='word_1_3' title='bbox 1500 183 1557 237; x_wconf 83' lang='grc'><strong>8.</strong></span> <span class='ocrx_word' id='word_1_4' title='bbox 1597 175 1974 236; x_wconf 80' lang='lat' dir='ltr'><strong>PBUDENTII</strong></span> <span class='ocrx_word' id='word_1_5' title='bbox 2012 175 2387 232; x_wconf 71' lang='lat' dir='ltr'><strong>TRIOENSIS</strong></span> <span class='ocrx_word' id='word_1_6' title='bbox 2427 176 2757 233; x_wconf 82' lang='lat' dir='ltr'><strong>EPISCOPI.</strong></span> 
     </span>
    </p>
   </div>
   <div class='ocr_carea' id='block_1_3' title="bbox 3734 182 3874 236">
    <p class='ocr_par' dir='ltr' id='par_1_3' title="bbox 3734 182 3874 236">
     <span class='ocr_line' id='line_1_3' title="bbox 3734 182 3874 236; baseline 0.029 -4"><span class='ocrx_word' id='word_1_7' title='bbox 3734 182 3874 236; x_wconf 70' lang='grc'><strong>1301</strong></span> 
     </span>
    </p>
   </div>
   <div class='ocr_carea' id='block_1_4' title="bbox 517 300 3876 378">
    <p class='ocr_par' dir='ltr' id='par_1_4' title="bbox 517 300 3876 378">
     <span class='ocr_line' id='line_1_4' title="bbox 517 300 3876 378; baseline -0.003 -12"><span class='ocrx_word' id='word_1_8' title='bbox 517 311 678 366; x_wconf 88' lang='lat' dir='ltr'><strong>Idem</strong></span> <span class='ocrx_word' id='word_1_9' title='bbox 702 309 763 364; x_wconf 90' lang='lat' dir='ltr'><strong>in</strong></span> <span class='ocrx_word' id='word_1_10' title='bbox 794 306 1166 378; x_wconf 82' lang='lat' dir='ltr'><strong>expositione</strong></span> <span class='ocrx_word' id='word_1_11' title='bbox 1197 304 1500 373; x_wconf 75' lang='lat' dir='ltr'><strong>Evangelii</strong></span> <span class='ocrx_word' id='word_1_12' title='bbox 1525 304 1684 360; x_wconf 91' lang='lat' dir='ltr'><strong>beati</strong></span> <span class='ocrx_word' id='word_1_13' title='bbox 1727 305 1896 358; x_wconf 63' lang='lat' dir='ltr'><strong>Lucae</strong></span> <span class='ocrx_word' id='word_1_14' title='bbox 1927 301 2001 370; x_wconf 88' lang='lat' dir='ltr'><strong>(c.</strong></span> <span class='ocrx_word' id='word_1_15' title='bbox 2029 316 2090 366; x_wconf 86' lang='grc' dir='ltr'>ιι,</span> <span class='ocrx_word' id='word_1_16' title='bbox 2124 304 2170 355; x_wconf 83' lang='grc' dir='ltr'>Α</span> <span class='ocrx_word' id='word_1_17' title='bbox 2208 315 2290 367; x_wconf 89' lang='lat' dir='ltr'><strong>re,</strong></span> <span class='ocrx_word' id='word_1_18' title='bbox 2316 301 2376 355; x_wconf 91' lang='lat' dir='ltr'><strong>in</strong></span> <span class='ocrx_word' id='word_1_19' title='bbox 2403 317 2527 372; x_wconf 93' lang='lat' dir='ltr'><strong>quo</strong></span> <span class='ocrx_word' id='word_1_20' title='bbox 2548 306 2683 358; x_wconf 90' lang='lat' dir='ltr'><strong>ante</strong></span> <span class='ocrx_word' id='word_1_21' title='bbox 2705 300 2927 356; x_wconf 62' lang='lat' dir='ltr'><strong>saecula</strong></span> <span class='ocrx_word' id='word_1_22' title='bbox 2953 316 3059 371; x_wconf 90' lang='lat' dir='ltr'><strong>per</strong></span> <span class='ocrx_word' id='word_1_23' title='bbox 3097 300 3695 372; x_wconf 82' lang='lat' dir='ltr'><strong>praedestinationem</strong></span> <span class='ocrx_word' id='word_1_24' title='bbox 3725 317 3876 358; x_wconf 86' lang='lat' dir='ltr'><strong>con-</strong></span> 
     </span>
    </p>
   </div>
   <div class='ocr_carea' id='block_1_5' title="bbox 443 388 2096 467">
    <p class='ocr_par' dir='ltr' id='par_1_5' title="bbox 443 388 2096 467">
     <span class='ocr_line' id='line_1_5' title="bbox 443 388 2096 467; baseline -0.006 -14"><span class='ocrx_word' id='word_1_25' title='bbox 443 401 512 453; x_wconf 77' lang='lat'><strong>25</strong></span> <span class='ocrx_word' id='word_1_26' title='bbox 558 397 708 467; x_wconf 89' lang='lat' dir='ltr'><strong>seq.)</strong></span> <span class='ocrx_word' id='word_1_27' title='bbox 741 413 752 446; x_wconf 90' lang='lat'><strong>:</strong></span> <span class='ocrx_word' id='word_1_28' title='bbox 787 395 951 464; x_wconf 82' lang='lat' dir='ltr'><strong>[Ecce</strong></span> <span class='ocrx_word' id='word_1_29' title='bbox 996 398 1052 448; x_wconf 90' lang='lat' dir='ltr'><strong>et</strong></span> <span class='ocrx_word' id='word_1_30' title='bbox 1100 393 1338 447; x_wconf 82' lang='lat' dir='ltr'><strong>Simeon</strong></span> <span class='ocrx_word' id='word_1_31' title='bbox 1387 392 1704 466; x_wconf 85' lang='lat' dir='ltr'><strong>prophetat</strong></span> <span class='ocrx_word' id='word_1_32' title='bbox 1750 391 1810 446; x_wconf 90' lang='lat' dir='ltr'><strong>in</strong></span> <span class='ocrx_word' id='word_1_33' title='bbox 1858 388 2096 444; x_wconf 87' lang='lat' dir='ltr'><strong>ruinam</strong></span> 
     </span>
    </p>
   </div>
   <div class='ocr_carea' id='block_1_6' title="bbox 446 477 2098 552">
    <p class='ocr_par' dir='ltr' id='par_1_6' title="bbox 446 477 2098 552">
     <span class='ocr_line' id='line_1_6' title="bbox 446 477 2098 552; baseline -0.004 -14"><span class='ocrx_word' id='word_1_34' title='bbox 446 492 501 540; x_wconf 89' lang='lat' dir='ltr'><strong>et</strong></span> <span class='ocrx_word' id='word_1_35' title='bbox 529 481 1019 537; x_wconf 77' lang='lat' dir='ltr'><strong>resurrectionem</strong></span> <span class='ocrx_word' id='word_1_36' title='bbox 1057 480 1453 552; x_wconf 88' lang='lat' dir='ltr'><strong>plurimorum</strong></span> <span class='ocrx_word' id='word_1_37' title='bbox 1508 479 1744 534; x_wconf 84' lang='lat' dir='ltr'><strong>venisse</strong></span> <span class='ocrx_word' id='word_1_38' title='bbox 1776 477 2098 534; x_wconf 89' lang='lat' dir='ltr'><strong>Dominum</strong></span> 
     </span>
    </p>
   </div>
   <div class='ocr_carea' id='block_1_7' title="bbox 443 569 2098 641">
    <p class='ocr_par' dir='ltr' id='par_1_7' title="bbox 443 569 2098 641">
     <span class='ocr_line' id='line_1_7' title="bbox 443 569 2098 641; baseline -0.004 -15"><span class='ocrx_word' id='word_1_39' title='bbox 443 575 649 626; x_wconf 89' lang='lat' dir='ltr'><strong>Jesum</strong></span> <span class='ocrx_word' id='word_1_40' title='bbox 685 570 1003 634; x_wconf 77' lang='lat' dir='ltr'><strong>Christum,</strong></span> <span class='ocrx_word' id='word_1_41' title='bbox 1034 574 1097 624; x_wconf 88' lang='lat' dir='ltr'><strong>ut</strong></span> <span class='ocrx_word' id='word_1_42' title='bbox 1120 569 1443 640; x_wconf 88' lang='lat' dir='ltr'><strong>justorum,</strong></span> <span class='ocrx_word' id='word_1_43' title='bbox 1476 569 1943 641; x_wconf 89' lang='lat' dir='ltr'><strong>iniquorumque</strong></span> <span class='ocrx_word' id='word_1_44' title='bbox 1974 580 2098 620; x_wconf 90' lang='lat' dir='ltr'><strong>me-</strong></span> 
     </span>
    </p>
   </div>
   <div class='ocr_carea' id='block_1_8' title="bbox 443 653 2100 729">
    <p class='ocr_par' dir='ltr' id='par_1_8' title="bbox 443 653 2100 729">
     <span class='ocr_line' id='line_1_8' title="bbox 443 653 2100 729; baseline -0.004 -14"><span class='ocrx_word' id='word_1_45' title='bbox 443 661 555 715; x_wconf 88' lang='lat' dir='ltr'><strong>rita</strong></span> <span class='ocrx_word' id='word_1_46' title='bbox 603 659 923 720; x_wconf 84' lang='lat' dir='ltr'><strong>discernat,</strong></span> <span class='ocrx_word' id='word_1_47' title='bbox 965 662 1021 713; x_wconf 91' lang='lat' dir='ltr'><strong>et</strong></span> <span class='ocrx_word' id='word_1_48' title='bbox 1050 673 1159 728; x_wconf 94' lang='lat' dir='ltr'><strong>pro</strong></span> <span class='ocrx_word' id='word_1_49' title='bbox 1207 662 1552 713; x_wconf 88' lang='lat' dir='ltr'><strong>nostrorum</strong></span> <span class='ocrx_word' id='word_1_50' title='bbox 1583 657 1869 729; x_wconf 83' lang='lat' dir='ltr'><strong>qualitate</strong></span> <span class='ocrx_word' id='word_1_51' title='bbox 1922 653 2100 710; x_wconf 87' lang='lat' dir='ltr'><strong>facto-</strong></span> 
     </span>
    </p>
   </div>
   <div class='ocr_carea' id='block_1_9' title="bbox 444 743 2102 818">
    <p class='ocr_par' dir='ltr' id='par_1_9' title="bbox 444 743 2102 818">
     <span class='ocr_line' id='line_1_9' title="bbox 444 743 2102 818; baseline -0.004 -15"><span class='ocrx_word' id='word_1_52' title='bbox 444 765 602 811; x_wconf 90' lang='lat' dir='ltr'><strong>rum,</strong></span> <span class='ocrx_word' id='word_1_53' title='bbox 631 747 817 818; x_wconf 87' lang='lat' dir='ltr'><strong>judex</strong></span> <span class='ocrx_word' id='word_1_54' title='bbox 847 763 1025 802; x_wconf 86' lang='lat' dir='ltr'><strong>verus</strong></span> <span class='ocrx_word' id='word_1_55' title='bbox 1047 751 1102 802; x_wconf 91' lang='lat' dir='ltr'><strong>et</strong></span> <span class='ocrx_word' id='word_1_56' title='bbox 1127 747 1344 817; x_wconf 90' lang='lat' dir='ltr'><strong>justus,</strong></span> <span class='ocrx_word' id='word_1_57' title='bbox 1369 751 1472 801; x_wconf 91' lang='lat' dir='ltr'><strong>aut</strong></span> <span class='ocrx_word' id='word_1_58' title='bbox 1498 744 1791 818; x_wconf 91' lang='lat' dir='ltr'><strong>supplicia</strong></span> <span class='ocrx_word' id='word_1_59' title='bbox 1819 743 2102 799; x_wconf 85' lang='lat' dir='ltr'><strong>decernat</strong></span> 
     </span>
    </p>
   </div>
   <div class='ocr_carea' id='block_1_10' title="bbox 447 837 848 909">
    <p class='ocr_par' dir='ltr' id='par_1_10' title="bbox 447 837 848 909">
     <span class='ocr_line' id='line_1_10' title="bbox 447 837 848 909; baseline -0.007 -15"><span class='ocrx_word' id='word_1_60' title='bbox 447 843 551 895; x_wconf 88' lang='lat' dir='ltr'><strong>aut</strong></span> <span class='ocrx_word' id='word_1_61' title='bbox 580 837 848 909; x_wconf 82' lang='lat' dir='ltr'><strong>praemia.</strong></span> 
     </span>
    </p>
   </div>
   <div class='ocr_carea' id='block_1_11' title="bbox 517 923 2101 995">
    <p class='ocr_par' dir='ltr' id='par_1_11' title="bbox 517 923 2101 995">
     <span class='ocr_line' id='line_1_11' title="bbox 517 923 2101 995; baseline -0.006 -13"><span class='ocrx_word' id='word_1_62' title='bbox 517 926 883 995; x_wconf 82' lang='lat' dir='ltr'><strong>Augustinus</strong></span> <span class='ocrx_word' id='word_1_63' title='bbox 913 926 975 982; x_wconf 91' lang='lat' dir='ltr'><strong>in</strong></span> <span class='ocrx_word' id='word_1_64' title='bbox 1013 925 1165 981; x_wconf 90' lang='lat' dir='ltr'><strong>libro</strong></span> <span class='ocrx_word' id='word_1_65' title='bbox 1195 925 1268 980; x_wconf 85' lang='lat' dir='ltr'><strong>de</strong></span> <span class='ocrx_word' id='word_1_66' title='bbox 1299 923 1824 979; x_wconf 71' lang='lat' dir='ltr'><strong>Prtedestinatione</strong></span> <span class='ocrx_word' id='word_1_67' title='bbox 1859 923 2101 977; x_wconf 90' lang='lat' dir='ltr'><strong>Sancto-</strong></span> 
     </span>
    </p>
   </div>
   <div class='ocr_carea' id='block_1_12' title="bbox 446 1009 2102 1088">
    <p class='ocr_par' dir='ltr' id='par_1_12' title="bbox 446 1009 2102 1088">
     <span class='ocr_line' id='line_1_12' title="bbox 446 1009 2102 1088; baseline -0.005 -17"><span class='ocrx_word' id='word_1_68' title='bbox 446 1031 582 1072; x_wconf 89' lang='lat' dir='ltr'><strong>rum</strong></span> <span class='ocrx_word' id='word_1_69' title='bbox 631 1015 786 1088; x_wconf 88' lang='lat' dir='ltr'><strong>(cap.</strong></span> <span class='ocrx_word' id='word_1_70' title='bbox 828 1019 915 1081; x_wconf 86' lang='lat' dir='ltr'><strong>l7)</strong></span> <span class='ocrx_word' id='word_1_71' title='bbox 947 1031 959 1069; x_wconf 88' lang='lat'><strong>:</strong></span> <span class='ocrx_word' id='word_1_72' title='bbox 996 1014 1285 1080; x_wconf 86' lang='lat' dir='ltr'><strong>Quocirca</strong></span> <span class='ocrx_word' id='word_1_73' title='bbox 1335 1012 1782 1085; x_wconf 76' lang='lat' dir='ltr'><strong>praedestinatio</strong></span> <span class='ocrx_word' id='word_1_74' title='bbox 1813 1009 1932 1078; x_wconf 85' lang='lat' dir='ltr'><strong>Dei,</strong></span> <span class='ocrx_word' id='word_1_75' title='bbox 1966 1024 2102 1081; x_wconf 70' lang='lat' dir='ltr'><strong>quae</strong></span> 
     </span>
    </p>
   </div>
   <div class='ocr_carea' id='block_1_13' title="bbox 447 1101 1630 1175">
    <p class='ocr_par' dir='ltr' id='par_1_13' title="bbox 447 1101 1630 1175">
     <span class='ocr_line' id='line_1_13' title="bbox 447 1101 1630 1175; baseline -0.003 -15"><span class='ocrx_word' id='word_1_76' title='bbox 447 1104 509 1160; x_wconf 92' lang='lat' dir='ltr'><strong>in</strong></span> <span class='ocrx_word' id='word_1_77' title='bbox 533 1105 698 1160; x_wconf 93' lang='lat' dir='ltr'><strong>bono</strong></span> <span class='ocrx_word' id='word_1_78' title='bbox 730 1108 836 1171; x_wconf 92' lang='lat' dir='ltr'><strong>est,</strong></span> <span class='ocrx_word' id='word_1_79' title='bbox 871 1103 1076 1174; x_wconf 76' lang='lat' dir='ltr'><strong>gratiae</strong></span> <span class='ocrx_word' id='word_1_80' title='bbox 1108 1107 1197 1158; x_wconf 90' lang='lat' dir='ltr'><strong>est</strong></span> <span class='ocrx_word' id='word_1_81' title='bbox 1225 1101 1630 1175; x_wconf 66' lang='lat' dir='ltr'><strong>prmparatio.]</strong></span> 
     </span>
    </p>
   </div>
   <div class='ocr_carea' id='block_1_14' title="bbox 521 1187 2102 1263">
    <p class='ocr_par' dir='ltr' id='par_1_14' title="bbox 521 1187 2102 1263">
     <span class='ocr_line' id='line_1_14' title="bbox 521 1187 2102 1263; baseline -0.002 -19"><span class='ocrx_word' id='word_1_82' title='bbox 521 1195 562 1263; x_wconf 68' lang='grc' dir='ltr'><strong>-ί-</strong></span> <span class='ocrx_word' id='word_1_83' title='bbox 593 1193 778 1259; x_wconf 88' lang='lat' dir='ltr'><strong>Idem,</strong></span> <span class='ocrx_word' id='word_1_84' title='bbox 811 1192 872 1247; x_wconf 91' lang='lat' dir='ltr'><strong>in</strong></span> <span class='ocrx_word' id='word_1_85' title='bbox 926 1192 1079 1248; x_wconf 88' lang='lat' dir='ltr'><strong>libro</strong></span> <span class='ocrx_word' id='word_1_86' title='bbox 1131 1192 1204 1247; x_wconf 91' lang='lat' dir='ltr'><strong>de</strong></span> <span class='ocrx_word' id='word_1_87' title='bbox 1254 1195 1420 1246; x_wconf 92' lang='lat' dir='ltr'><strong>Dono</strong></span> <span class='ocrx_word' id='word_1_88' title='bbox 1463 1187 1915 1262; x_wconf 65' lang='lat' dir='ltr'><strong>perseverantiae</strong></span> <span class='ocrx_word' id='word_1_89' title='bbox 1947 1188 2102 1260; x_wconf 89' lang='lat' dir='ltr'><strong>(cap.</strong></span> 
     </span>
    </p>
   </div>
   <div class='ocr_carea' id='block_1_15' title="bbox 453 1279 2106 1354">
    <p class='ocr_par' dir='ltr' id='par_1_15' title="bbox 453 1279 2106 1354">
     <span class='ocr_line' id='line_1_15' title="bbox 453 1279 2106 1354; baseline -0.004 -17"><span class='ocrx_word' id='word_1_90' title='bbox 453 1283 579 1354; x_wconf 81' lang='lat' dir='ltr'><strong>l7):</strong></span> <span class='ocrx_word' id='word_1_91' title='bbox 619 1285 887 1354; x_wconf 79' lang='lat' dir='ltr'><strong>Namque</strong></span> <span class='ocrx_word' id='word_1_92' title='bbox 939 1282 999 1337; x_wconf 90' lang='lat' dir='ltr'><strong>in</strong></span> <span class='ocrx_word' id='word_1_93' title='bbox 1051 1298 1182 1344; x_wconf 89' lang='lat' dir='ltr'><strong>sua,</strong></span> <span class='ocrx_word' id='word_1_94' title='bbox 1239 1297 1376 1353; x_wconf 82' lang='lat' dir='ltr'><strong>quae</strong></span> <span class='ocrx_word' id='word_1_95' title='bbox 1425 1279 1545 1336; x_wconf 85' lang='lat' dir='ltr'><strong>falli</strong></span> <span class='ocrx_word' id='word_1_96' title='bbox 1598 1279 1936 1350; x_wconf 81' lang='lat' dir='ltr'><strong>mutarique</strong></span> <span class='ocrx_word' id='word_1_97' title='bbox 1982 1292 2106 1332; x_wconf 92' lang='lat' dir='ltr'><strong>non</strong></span> 
     </span>
    </p>
   </div>
   <div class='ocr_carea' id='block_1_16' title="bbox 449 1364 2106 1444">
    <p class='ocr_par' dir='ltr' id='par_1_16' title="bbox 449 1364 2106 1444">
     <span class='ocr_line' id='line_1_16' title="bbox 449 1364 2106 1444; baseline -0.004 -18"><span class='ocrx_word' id='word_1_98' title='bbox 449 1374 664 1444; x_wconf 85' lang='lat' dir='ltr'><strong>potest,</strong></span> <span class='ocrx_word' id='word_1_99' title='bbox 688 1371 1083 1443; x_wconf 83' lang='lat' dir='ltr'><strong>praescientia,</strong></span> <span class='ocrx_word' id='word_1_100' title='bbox 1107 1386 1290 1444; x_wconf 89' lang='lat' dir='ltr'><strong>opera</strong></span> <span class='ocrx_word' id='word_1_101' title='bbox 1319 1385 1428 1425; x_wconf 90' lang='lat' dir='ltr'><strong>sua</strong></span> <span class='ocrx_word' id='word_1_102' title='bbox 1454 1369 1653 1424; x_wconf 84' lang='lat' dir='ltr'><strong>futura</strong></span> <span class='ocrx_word' id='word_1_103' title='bbox 1683 1367 2023 1439; x_wconf 83' lang='lat' dir='ltr'><strong>disponere,</strong></span> <span class='ocrx_word' id='word_1_104' title='bbox 2045 1364 2106 1420; x_wconf 88' lang='lat' dir='ltr'><strong>id</strong></span> 
     </span>
    </p>
   </div>
   <div class='ocr_carea' id='block_1_17' title="bbox 450 1454 2034 1530">
    <p class='ocr_par' dir='ltr' id='par_1_17' title="bbox 450 1454 2034 1530">
     <span class='ocr_line' id='line_1_17' title="bbox 450 1454 2034 1530; baseline -0.004 -15"><span class='ocrx_word' id='word_1_105' title='bbox 450 1459 699 1515; x_wconf 89' lang='lat' dir='ltr'><strong>omnino</strong></span> <span class='ocrx_word' id='word_1_106' title='bbox 729 1475 839 1514; x_wconf 90' lang='lat' dir='ltr'><strong>nec</strong></span> <span class='ocrx_word' id='word_1_107' title='bbox 871 1459 1035 1514; x_wconf 81' lang='lat' dir='ltr'><strong>aliud</strong></span> <span class='ocrx_word' id='word_1_108' title='bbox 1068 1459 1407 1530; x_wconf 87' lang='lat' dir='ltr'><strong>quidquam</strong></span> <span class='ocrx_word' id='word_1_109' title='bbox 1441 1461 1529 1513; x_wconf 91' lang='lat' dir='ltr'><strong>est</strong></span> <span class='ocrx_word' id='word_1_110' title='bbox 1565 1454 2034 1528; x_wconf 67' lang='lat' dir='ltr'><strong>pra:destinare.]</strong></span> 
     </span>
    </p>
   </div>
   <div class='ocr_carea' id='block_1_18' title="bbox 522 1546 2104 1616">
    <p class='ocr_par' dir='ltr' id='par_1_18' title="bbox 522 1546 2104 1616">
     <span class='ocr_line' id='line_1_18' title="bbox 522 1546 2104 1616; baseline -0.004 -14"><span class='ocrx_word' id='word_1_111' title='bbox 522 1550 563 1616; x_wconf 69' lang='grc' dir='ltr'><strong>αι-</strong></span> <span class='ocrx_word' id='word_1_112' title='bbox 613 1547 796 1613; x_wconf 90' lang='lat' dir='ltr'><strong>Idem,</strong></span> <span class='ocrx_word' id='word_1_113' title='bbox 847 1546 922 1602; x_wconf 89' lang='lat' dir='ltr'><strong>de</strong></span> <span class='ocrx_word' id='word_1_114' title='bbox 975 1546 1493 1601; x_wconf 79' lang='lat' dir='ltr'><strong>Praedestinatione</strong></span> <span class='ocrx_word' id='word_1_115' title='bbox 1549 1547 1901 1600; x_wconf 88' lang='lat' dir='ltr'><strong>Sanctorum</strong></span> <span class='ocrx_word' id='word_1_116' title='bbox 1947 1547 2104 1614; x_wconf 87' lang='lat' dir='ltr'><strong>(cap.</strong></span> 
     </span>
    </p>
   </div>
   <div class='ocr_carea' id='block_1_19' title="bbox 459 1631 2180 1704">
    <p class='ocr_par' dir='ltr' id='par_1_19' title="bbox 459 1631 2180 1704">
     <span class='ocr_line' id='line_1_19' title="bbox 459 1631 2180 1704; baseline -0.003 -14"><span class='ocrx_word' id='word_1_117' title='bbox 459 1635 544 1703; x_wconf 87' lang='lat'><strong>16)</strong></span> <span class='ocrx_word' id='word_1_118' title='bbox 578 1651 591 1688; x_wconf 88' lang='lat'><strong>:</strong></span> <span class='ocrx_word' id='word_1_119' title='bbox 624 1635 925 1703; x_wconf 79' lang='lat' dir='ltr'><strong>[Legimus</strong></span> <span class='ocrx_word' id='word_1_120' title='bbox 954 1634 1015 1689; x_wconf 91' lang='lat' dir='ltr'><strong>in</strong></span> <span class='ocrx_word' id='word_1_121' title='bbox 1062 1634 1306 1689; x_wconf 79' lang='lat' dir='ltr'><strong>Actibus</strong></span> <span class='ocrx_word' id='word_1_122' title='bbox 1352 1632 1760 1704; x_wconf 83' lang='lat' dir='ltr'><strong>apostolorum</strong></span> <span class='ocrx_word' id='word_1_123' title='bbox 1795 1650 1806 1686; x_wconf 90' lang='lat'>:</span> <span class='ocrx_word' id='word_1_124' title='bbox 1843 1631 1991 1687; x_wconf 90' lang='lat' dir='ltr'><strong>Cum</strong></span> <span class='ocrx_word' id='word_1_125' title='bbox 2022 1631 2108 1686; x_wconf 86' lang='lat' dir='ltr'><strong>di-</strong></span> <span class='ocrx_word' id='word_1_126' title='bbox 2135 1651 2180 1704; x_wconf 79' lang='grc' dir='ltr'>Β</span> 
     </span>
    </p>
   </div>
   <div class='ocr_carea' id='block_1_20' title="bbox 453 1721 2105 1792">
    <p class='ocr_par' dir='ltr' id='par_1_20' title="bbox 453 1721 2105 1792">
     <span class='ocr_line' id='line_1_20' title="bbox 453 1721 2105 1792; baseline -0.002 -14"><span class='ocrx_word' id='word_1_127' title='bbox 453 1723 618 1778; x_wconf 90' lang='lat' dir='ltr'><strong>missi</strong></span> <span class='ocrx_word' id='word_1_128' title='bbox 655 1737 691 1778; x_wconf 92' lang='lat' dir='ltr'><strong>a</strong></span> <span class='ocrx_word' id='word_1_129' title='bbox 719 1724 949 1780; x_wconf 73' lang='lat' dir='ltr'><strong>Judteis</strong></span> <span class='ocrx_word' id='word_1_130' title='bbox 981 1724 1241 1792; x_wconf 74' lang='lat' dir='ltr'><strong>apostoli</strong></span> <span class='ocrx_word' id='word_1_131' title='bbox 1268 1725 1557 1778; x_wconf 74' lang='lat' dir='ltr'><strong>venissent</strong></span> <span class='ocrx_word' id='word_1_132' title='bbox 1589 1723 1670 1777; x_wconf 87' lang='lat' dir='ltr'><strong>ad</strong></span> <span class='ocrx_word' id='word_1_133' title='bbox 1689 1736 1846 1790; x_wconf 88' lang='lat' dir='ltr'><strong>suos,</strong></span> <span class='ocrx_word' id='word_1_134' title='bbox 1873 1727 1925 1776; x_wconf 90' lang='lat' dir='ltr'><strong>et</strong></span> <span class='ocrx_word' id='word_1_135' title='bbox 1951 1721 2105 1776; x_wconf 78' lang='lat' dir='ltr'><strong>indi-</strong></span> 
     </span>
    </p>
   </div>
   <div class='ocr_carea' id='block_1_21' title="bbox 455 1810 2109 1881">
    <p class='ocr_par' dir='ltr' id='par_1_21' title="bbox 455 1810 2109 1881">
     <span class='ocr_line' id='line_1_21' title="bbox 455 1810 2109 1881; baseline -0.002 -13"><span class='ocrx_word' id='word_1_136' title='bbox 455 1817 685 1869; x_wconf 85' lang='lat' dir='ltr'><strong>cassent</strong></span> <span class='ocrx_word' id='word_1_137' title='bbox 715 1818 943 1881; x_wconf 88' lang='lat' dir='ltr'><strong>quanta</strong></span> <span class='ocrx_word' id='word_1_138' title='bbox 971 1813 1050 1867; x_wconf 89' lang='lat' dir='ltr'><strong>eis</strong></span> <span class='ocrx_word' id='word_1_139' title='bbox 1075 1811 1406 1868; x_wconf 77' lang='lat' dir='ltr'><strong>sacerdotes</strong></span> <span class='ocrx_word' id='word_1_140' title='bbox 1437 1818 1489 1867; x_wconf 90' lang='lat' dir='ltr'><strong>et</strong></span> <span class='ocrx_word' id='word_1_141' title='bbox 1519 1811 1777 1866; x_wconf 76' lang='lat' dir='ltr'><strong>seniores</strong></span> <span class='ocrx_word' id='word_1_142' title='bbox 1823 1810 2109 1865; x_wconf 74' lang='lat' dir='ltr'><strong>dixerunt</strong></span> 
     </span>
    </p>
   </div>
   <div class='ocr_carea' id='block_1_22' title="bbox 455 1898 2109 1973">
    <p class='ocr_par' dir='ltr' id='par_1_22' title="bbox 455 1898 2109 1973">
     <span class='ocr_line' id='line_1_22' title="bbox 455 1898 2109 1973; baseline -0.001 -19"><span class='ocrx_word' id='word_1_143' title='bbox 455 1900 586 1969; x_wconf 87' lang='lat' dir='ltr'><strong>[al.,</strong></span> <span class='ocrx_word' id='word_1_144' title='bbox 627 1898 964 1973; x_wconf 86' lang='lat' dir='ltr'><strong>dixissent],</strong></span> <span class='ocrx_word' id='word_1_145' title='bbox 1001 1901 1348 1955; x_wconf 86' lang='lat' dir='ltr'><strong>levaverunt</strong></span> <span class='ocrx_word' id='word_1_146' title='bbox 1402 1901 1500 1955; x_wconf 91' lang='lat' dir='ltr'><strong>illi</strong></span> <span class='ocrx_word' id='word_1_147' title='bbox 1550 1914 1745 1955; x_wconf 91' lang='lat' dir='ltr'><strong>vocem</strong></span> <span class='ocrx_word' id='word_1_148' title='bbox 1801 1899 2109 1955; x_wconf 83' lang='lat' dir='ltr'><strong>unanimes</strong></span> 
     </span>
    </p>
   </div>
   <div class='ocr_carea' id='block_1_23' title="bbox 457 1991 2109 2057">
    <p class='ocr_par' dir='ltr' id='par_1_23' title="bbox 457 1991 2109 2057">
     <span class='ocr_line' id='line_1_23' title="bbox 457 1991 2109 2057; baseline -0.002 -11"><span class='ocrx_word' id='word_1_149' title='bbox 457 2004 653 2046; x_wconf 82' lang='lat' dir='ltr'><strong>omnes</strong></span> <span class='ocrx_word' id='word_1_150' title='bbox 698 1991 778 2045; x_wconf 88' lang='lat' dir='ltr'><strong>ad</strong></span> <span class='ocrx_word' id='word_1_151' title='bbox 829 1991 1169 2057; x_wconf 88' lang='lat' dir='ltr'><strong>Dominum,</strong></span> <span class='ocrx_word' id='word_1_152' title='bbox 1203 1996 1256 2046; x_wconf 93' lang='lat' dir='ltr'><strong>et</strong></span> <span class='ocrx_word' id='word_1_153' title='bbox 1287 1991 1574 2046; x_wconf 74' lang='lat' dir='ltr'><strong>dixerunt</strong></span> <span class='ocrx_word' id='word_1_154' title='bbox 1610 2007 1622 2044; x_wconf 89' lang='lat'>:</span> <span class='ocrx_word' id='word_1_155' title='bbox 1652 1992 1920 2056; x_wconf 78' lang='lat' dir='ltr'><strong>Domine,</strong></span> <span class='ocrx_word' id='word_1_156' title='bbox 1956 1992 2021 2042; x_wconf 86' lang='lat' dir='ltr'><strong>tu</strong></span> <span class='ocrx_word' id='word_1_157' title='bbox 2050 2003 2109 2043; x_wconf 89' lang='lat' dir='ltr'><strong>es</strong></span> 
     </span>
    </p>
   </div>
   <div class='ocr_carea' id='block_1_24' title="bbox 459 2079 2110 2150">
    <p class='ocr_par' dir='ltr' id='par_1_24' title="bbox 459 2079 2110 2150">
     <span class='ocr_line' id='line_1_24' title="bbox 459 2079 2110 2150; baseline -0.001 -16"><span class='ocrx_word' id='word_1_158' title='bbox 459 2080 563 2150; x_wconf 91' lang='lat' dir='ltr'><strong>qui</strong></span> <span class='ocrx_word' id='word_1_159' title='bbox 589 2080 792 2148; x_wconf 77' lang='lat' dir='ltr'><strong>fecisti</strong></span> <span class='ocrx_word' id='word_1_160' title='bbox 817 2081 1029 2137; x_wconf 65' lang='lat' dir='ltr'><strong>caelum</strong></span> <span class='ocrx_word' id='word_1_161' title='bbox 1051 2087 1104 2136; x_wconf 91' lang='lat' dir='ltr'><strong>et</strong></span> <span class='ocrx_word' id='word_1_162' title='bbox 1137 2086 1360 2136; x_wconf 79' lang='lat' dir='ltr'><strong>terram</strong></span> <span class='ocrx_word' id='word_1_163' title='bbox 1388 2085 1441 2135; x_wconf 94' lang='lat' dir='ltr'><strong>et</strong></span> <span class='ocrx_word' id='word_1_164' title='bbox 1463 2095 1646 2147; x_wconf 84' lang='lat' dir='ltr'><strong>mare,</strong></span> <span class='ocrx_word' id='word_1_165' title='bbox 1673 2084 1727 2135; x_wconf 91' lang='lat' dir='ltr'><strong>et</strong></span> <span class='ocrx_word' id='word_1_166' title='bbox 1753 2079 1954 2134; x_wconf 78' lang='lat' dir='ltr'><strong>omnia</strong></span> <span class='ocrx_word' id='word_1_167' title='bbox 1979 2091 2110 2148; x_wconf 72' lang='lat' dir='ltr'><strong>quae</strong></span> 
     </span>
    </p>
   </div>
   <div class='ocr_carea' id='block_1_25' title="bbox 459 2166 2114 2239">
    <p class='ocr_par' dir='ltr' id='par_1_25' title="bbox 459 2166 2114 2239">
     <span class='ocr_line' id='line_1_25' title="bbox 459 2166 2114 2239; baseline -0.002 -16"><span class='ocrx_word' id='word_1_168' title='bbox 459 2169 521 2223; x_wconf 89' lang='lat' dir='ltr'><strong>in</strong></span> <span class='ocrx_word' id='word_1_169' title='bbox 545 2169 626 2224; x_wconf 86' lang='lat' dir='ltr'><strong>eis</strong></span> <span class='ocrx_word' id='word_1_170' title='bbox 655 2175 816 2235; x_wconf 88' lang='lat' dir='ltr'><strong>sunt,</strong></span> <span class='ocrx_word' id='word_1_171' title='bbox 849 2171 956 2239; x_wconf 88' lang='lat' dir='ltr'><strong>qui</strong></span> <span class='ocrx_word' id='word_1_172' title='bbox 991 2185 1101 2238; x_wconf 83' lang='lat' dir='ltr'><strong>per</strong></span> <span class='ocrx_word' id='word_1_173' title='bbox 1129 2184 1190 2224; x_wconf 87' lang='lat' dir='ltr'><strong>os</strong></span> <span class='ocrx_word' id='word_1_174' title='bbox 1234 2171 1431 2238; x_wconf 84' lang='lat' dir='ltr'><strong>patris</strong></span> <span class='ocrx_word' id='word_1_175' title='bbox 1479 2168 1670 2224; x_wconf 83' lang='lat' dir='ltr'><strong>nostri</strong></span> <span class='ocrx_word' id='word_1_176' title='bbox 1697 2167 1889 2224; x_wconf 82' lang='lat' dir='ltr'><strong>David</strong></span> <span class='ocrx_word' id='word_1_177' title='bbox 1917 2166 2114 2222; x_wconf 86' lang='lat' dir='ltr'><strong>sancti</strong></span> 
     </span>
    </p>
   </div>
   <div class='ocr_carea' id='block_1_26' title="bbox 451 2258 2111 2328">
    <p class='ocr_par' dir='ltr' id='par_1_26' title="bbox 451 2258 2111 2328">
     <span class='ocr_line' id='line_1_26' title="bbox 451 2258 2111 2328; baseline -0.002 -15"><span class='ocrx_word' id='word_1_178' title='bbox 451 2272 630 2326; x_wconf 77' lang='lat' dir='ltr'><strong>pueri</strong></span> <span class='ocrx_word' id='word_1_179' title='bbox 689 2260 780 2314; x_wconf 88' lang='lat' dir='ltr'><strong>tui</strong></span> <span class='ocrx_word' id='word_1_180' title='bbox 833 2259 1090 2314; x_wconf 72' lang='lat' dir='ltr'><strong>dixisti:</strong></span> <span class='ocrx_word' id='word_1_181' title='bbox 1121 2258 1318 2325; x_wconf 81' lang='lat' dir='ltr'><strong>Quare</strong></span> <span class='ocrx_word' id='word_1_182' title='bbox 1363 2259 1740 2328; x_wconf 82' lang='lat' dir='ltr'><strong>fremuerunt</strong></span> <span class='ocrx_word' id='word_1_183' title='bbox 1786 2261 2008 2327; x_wconf 85' lang='lat' dir='ltr'><strong>gentes,</strong></span> <span class='ocrx_word' id='word_1_184' title='bbox 2056 2260 2111 2310; x_wconf 90' lang='lat' dir='ltr'><strong>et</strong></span> 
     </span>
    </p>
   </div>
   <div class='ocr_carea' id='block_1_27' title="bbox 457 2347 2111 2416">
    <p class='ocr_par' dir='ltr' id='par_1_27' title="bbox 457 2347 2111 2416">
     <span class='ocr_line' id='line_1_27' title="bbox 457 2347 2111 2416; baseline -0.001 -16"><span class='ocrx_word' id='word_1_185' title='bbox 457 2347 670 2416; x_wconf 82' lang='lat' dir='ltr'><strong>populi</strong></span> <span class='ocrx_word' id='word_1_186' title='bbox 715 2348 989 2403; x_wconf 84' lang='lat' dir='ltr'><strong>meditati</strong></span> <span class='ocrx_word' id='word_1_187' title='bbox 1038 2353 1176 2402; x_wconf 88' lang='lat' dir='ltr'><strong>sunt</strong></span> <span class='ocrx_word' id='word_1_188' title='bbox 1229 2349 1439 2404; x_wconf 88' lang='lat' dir='ltr'><strong>inania</strong></span> <span class='ocrx_word' id='word_1_189' title='bbox 1494 2365 1508 2402; x_wconf 71' lang='grc' dir='ltr'>ε</span> <span class='ocrx_word' id='word_1_190' title='bbox 1552 2347 1889 2402; x_wconf 85' lang='lat' dir='ltr'><strong>Astiterunt</strong></span> <span class='ocrx_word' id='word_1_191' title='bbox 1947 2358 2111 2412; x_wconf 80' lang='lat' dir='ltr'><strong>reges</strong></span> 
     </span>
    </p>
   </div>
   <div class='ocr_carea' id='block_1_28' title="bbox 461 2434 2112 2505">
    <p class='ocr_par' dir='ltr' id='par_1_28' title="bbox 461 2434 2112 2505">
     <span class='ocr_line' id='line_1_28' title="bbox 461 2434 2112 2505; baseline -0.001 -15"><span class='ocrx_word' id='word_1_192' title='bbox 461 2441 658 2505; x_wconf 69' lang='lat' dir='ltr'><strong>terrae,</strong></span> <span class='ocrx_word' id='word_1_193' title='bbox 682 2442 736 2492; x_wconf 89' lang='lat' dir='ltr'><strong>et</strong></span> <span class='ocrx_word' id='word_1_194' title='bbox 763 2437 1068 2505; x_wconf 80' lang='lat' dir='ltr'><strong>principes</strong></span> <span class='ocrx_word' id='word_1_195' title='bbox 1097 2442 1503 2492; x_wconf 83' lang='lat' dir='ltr'><strong>convenerunt</strong></span> <span class='ocrx_word' id='word_1_196' title='bbox 1536 2437 1598 2491; x_wconf 87' lang='lat' dir='ltr'><strong>in</strong></span> <span class='ocrx_word' id='word_1_197' title='bbox 1620 2451 1806 2490; x_wconf 88' lang='lat' dir='ltr'><strong>unum</strong></span> <span class='ocrx_word' id='word_1_198' title='bbox 1828 2434 2112 2489; x_wconf 82' lang='lat' dir='ltr'><strong>adversus</strong></span> 
     </span>
    </p>
   </div>
   <div class='ocr_carea' id='block_1_29' title="bbox 460 2523 2110 2594">
    <p class='ocr_par' dir='ltr' id='par_1_29' title="bbox 460 2523 2110 2594">
     <span class='ocr_line' id='line_1_29' title="bbox 460 2523 2110 2594; baseline -0.002 -14"><span class='ocrx_word' id='word_1_199' title='bbox 460 2527 800 2589; x_wconf 89' lang='lat' dir='ltr'><strong>Dominum,</strong></span> <span class='ocrx_word' id='word_1_200' title='bbox 825 2532 880 2582; x_wconf 83' lang='lat' dir='ltr'><strong>et</strong></span> <span class='ocrx_word' id='word_1_201' title='bbox 909 2527 1196 2582; x_wconf 87' lang='lat' dir='ltr'><strong>adversus</strong></span> <span class='ocrx_word' id='word_1_202' title='bbox 1223 2527 1531 2583; x_wconf 78' lang='lat' dir='ltr'><strong>Christum</strong></span> <span class='ocrx_word' id='word_1_203' title='bbox 1587 2527 1715 2594; x_wconf 74' lang='lat' dir='ltr'><strong>ejus</strong></span> <span class='ocrx_word' id='word_1_204' title='bbox 1746 2525 1934 2592; x_wconf 83' lang='lat' dir='ltr'><strong>(Psal.</strong></span> <span class='ocrx_word' id='word_1_205' title='bbox 1963 2539 2025 2593; x_wconf 78' lang='grc' dir='ltr'>ιι,</span> <span class='ocrx_word' id='word_1_206' title='bbox 2062 2523 2110 2589; x_wconf 94' lang='lat' dir='ltr'><strong>l,</strong></span> 
     </span>
    </p>
   </div>
   <div class='ocr_carea' id='block_1_30' title="bbox 459 2613 2112 2694">
    <p class='ocr_par' dir='ltr' id='par_1_30' title="bbox 459 2613 2112 2694">
     <span class='ocr_line' id='line_1_30' title="bbox 459 2613 2112 2694; baseline -0.002 -24"><span class='ocrx_word' id='word_1_207' title='bbox 459 2616 535 2694; x_wconf 84' lang='lat'><strong>2).</strong></span> <span class='ocrx_word' id='word_1_208' title='bbox 572 2617 989 2671; x_wconf 87' lang='lat' dir='ltr'><strong>Convenerunt</strong></span> <span class='ocrx_word' id='word_1_209' title='bbox 1045 2617 1198 2671; x_wconf 90' lang='lat' dir='ltr'><strong>enim</strong></span> <span class='ocrx_word' id='word_1_210' title='bbox 1246 2618 1310 2670; x_wconf 88' lang='lat' dir='ltr'><strong>in</strong></span> <span class='ocrx_word' id='word_1_211' title='bbox 1359 2617 1608 2671; x_wconf 81' lang='lat' dir='ltr'><strong>veritate</strong></span> <span class='ocrx_word' id='word_1_212' title='bbox 1639 2616 1699 2670; x_wconf 92' lang='lat' dir='ltr'><strong>in</strong></span> <span class='ocrx_word' id='word_1_213' title='bbox 1732 2615 1970 2670; x_wconf 87' lang='lat' dir='ltr'><strong>civitate</strong></span> <span class='ocrx_word' id='word_1_214' title='bbox 1997 2613 2112 2667; x_wconf 88' lang='lat' dir='ltr'><strong>ista</strong></span> 
     </span>
    </p>
   </div>
   <div class='ocr_carea' id='block_1_31' title="bbox 460 2706 2112 2774">
    <p class='ocr_par' dir='ltr' id='par_1_31' title="bbox 460 2706 2112 2774">
     <span class='ocr_line' id='line_1_31' title="bbox 460 2706 2112 2774; baseline -0.003 -13"><span class='ocrx_word' id='word_1_215' title='bbox 460 2706 743 2762; x_wconf 83' lang='lat' dir='ltr'><strong>adversus</strong></span> <span class='ocrx_word' id='word_1_216' title='bbox 796 2712 1068 2761; x_wconf 85' lang='lat' dir='ltr'><strong>sanctum</strong></span> <span class='ocrx_word' id='word_1_217' title='bbox 1125 2720 1384 2774; x_wconf 82' lang='lat' dir='ltr'><strong>puer-um</strong></span> <span class='ocrx_word' id='word_1_218' title='bbox 1453 2711 1619 2760; x_wconf 82' lang='lat' dir='ltr'><strong>tuum</strong></span> <span class='ocrx_word' id='word_1_219' title='bbox 1665 2706 1888 2772; x_wconf 88' lang='lat' dir='ltr'><strong>Jesum,</strong></span> <span class='ocrx_word' id='word_1_220' title='bbox 1941 2717 2112 2773; x_wconf 85' lang='lat' dir='ltr'><strong>quem</strong></span> 
     </span>
    </p>
   </div>
   <div class='ocr_carea' id='block_1_32' title="bbox 460 2791 2115 2863">
    <p class='ocr_par' dir='ltr' id='par_1_32' title="bbox 460 2791 2115 2863">
     <span class='ocr_line' id='line_1_32' title="bbox 460 2791 2115 2863; baseline -0.002 -13"><span class='ocrx_word' id='word_1_221' title='bbox 460 2796 711 2862; x_wconf 77' lang='lat' dir='ltr'><strong>unxisti,</strong></span> <span class='ocrx_word' id='word_1_222' title='bbox 739 2795 1006 2851; x_wconf 87' lang='lat' dir='ltr'><strong>Herodes</strong></span> <span class='ocrx_word' id='word_1_223' title='bbox 1041 2800 1093 2851; x_wconf 90' lang='lat' dir='ltr'><strong>et</strong></span> <span class='ocrx_word' id='word_1_224' title='bbox 1120 2796 1378 2861; x_wconf 82' lang='lat' dir='ltr'><strong>Pilatus,</strong></span> <span class='ocrx_word' id='word_1_225' title='bbox 1413 2800 1466 2850; x_wconf 88' lang='lat' dir='ltr'><strong>et</strong></span> <span class='ocrx_word' id='word_1_226' title='bbox 1489 2794 1754 2863; x_wconf 86' lang='lat' dir='ltr'><strong>populus</strong></span> <span class='ocrx_word' id='word_1_227' title='bbox 1783 2793 1992 2859; x_wconf 89' lang='lat' dir='ltr'><strong>Israel,</strong></span> <span class='ocrx_word' id='word_1_228' title='bbox 2020 2791 2115 2859; x_wconf 85' lang='lat' dir='ltr'><strong>fa-</strong></span> 
     </span>
    </p>
   </div>
   <div class='ocr_carea' id='block_1_33' title="bbox 461 2880 2114 2954">
    <p class='ocr_par' dir='ltr' id='par_1_33' title="bbox 461 2880 2114 2954">
     <span class='ocr_line' id='line_1_33' title="bbox 461 2880 2114 2954; baseline -0.004 -15"><span class='ocrx_word' id='word_1_229' title='bbox 461 2899 590 2939; x_wconf 87' lang='lat' dir='ltr'><strong>cere</strong></span> <span class='ocrx_word' id='word_1_230' title='bbox 617 2890 848 2954; x_wconf 88' lang='lat' dir='ltr'><strong>quanta</strong></span> <span class='ocrx_word' id='word_1_231' title='bbox 876 2899 1089 2940; x_wconf 88' lang='lat' dir='ltr'><strong>manus</strong></span> <span class='ocrx_word' id='word_1_232' title='bbox 1121 2890 1226 2939; x_wconf 84' lang='lat' dir='ltr'><strong>tua</strong></span> <span class='ocrx_word' id='word_1_233' title='bbox 1253 2889 1306 2940; x_wconf 91' lang='lat' dir='ltr'><strong>et</strong></span> <span class='ocrx_word' id='word_1_234' title='bbox 1329 2884 1643 2939; x_wconf 82' lang='lat' dir='ltr'><strong>consilium</strong></span> <span class='ocrx_word' id='word_1_235' title='bbox 1660 2880 2114 2952; x_wconf 73' lang='lat' dir='ltr'><strong>prtedestinavit</strong></span> 
     </span>
    </p>
   </div>
   <div class='ocr_carea' id='block_1_34' title="bbox 2208 388 3878 463">
    <p class='ocr_par' dir='ltr' id='par_1_34' title="bbox 2208 388 3878 463">
     <span class='ocr_line' id='line_1_34' title="bbox 2208 388 3878 463; baseline -0.001 -19"><span class='ocrx_word' id='word_1_236' title='bbox 2208 389 2362 460; x_wconf 90' lang='lat' dir='ltr'><strong>cepti</strong></span> <span class='ocrx_word' id='word_1_237' title='bbox 2392 406 2623 454; x_wconf 86' lang='lat' dir='ltr'><strong>sumus,</strong></span> <span class='ocrx_word' id='word_1_238' title='bbox 2642 391 2720 444; x_wconf 89' lang='lat' dir='ltr'><strong>ita</strong></span> <span class='ocrx_word' id='word_1_239' title='bbox 2745 395 2806 444; x_wconf 90' lang='lat' dir='ltr'><strong>ut</strong></span> <span class='ocrx_word' id='word_1_240' title='bbox 2827 389 3005 446; x_wconf 89' lang='lat' dir='ltr'><strong>creati</strong></span> <span class='ocrx_word' id='word_1_241' title='bbox 3028 404 3133 460; x_wconf 92' lang='lat' dir='ltr'><strong>per</strong></span> <span class='ocrx_word' id='word_1_242' title='bbox 3164 388 3387 445; x_wconf 75' lang='lat' dir='ltr'><strong>saecula</strong></span> <span class='ocrx_word' id='word_1_243' title='bbox 3409 388 3878 463; x_wconf 84' lang='lat' dir='ltr'><strong>producamur.]</strong></span> 
     </span>
    </p>
   </div>
   <div class='ocr_carea' id='block_1_35' title="bbox 2277 477 3879 550">
    <p class='ocr_par' dir='ltr' id='par_1_35' title="bbox 2277 477 3879 550">
     <span class='ocr_line' id='line_1_35' title="bbox 2277 477 3879 550; baseline 0 -17"><span class='ocrx_word' id='word_1_244' title='bbox 2277 480 2318 548; x_wconf 69' lang='lat' dir='ltr'><strong>~j—</strong></span> <span class='ocrx_word' id='word_1_245' title='bbox 2351 479 2531 546; x_wconf 90' lang='lat' dir='ltr'><strong>Idem,</strong></span> <span class='ocrx_word' id='word_1_246' title='bbox 2565 478 2625 534; x_wconf 83' lang='lat' dir='ltr'><strong>in</strong></span> <span class='ocrx_word' id='word_1_247' title='bbox 2658 478 2914 534; x_wconf 73' lang='lat' dir='ltr'><strong>Ezechiel</strong></span> <span class='ocrx_word' id='word_1_248' title='bbox 2943 477 3189 534; x_wconf 90' lang='lat' dir='ltr'><strong>homilia</strong></span> <span class='ocrx_word' id='word_1_249' title='bbox 3221 478 3416 549; x_wconf 89' lang='lat' dir='ltr'><strong>prima</strong></span> <span class='ocrx_word' id='word_1_250' title='bbox 3449 477 3640 550; x_wconf 88' lang='lat' dir='ltr'><strong>partis</strong></span> <span class='ocrx_word' id='word_1_251' title='bbox 3689 482 3879 533; x_wconf 84' lang='lat' dir='ltr'><strong>extre-</strong></span> 
     </span>
    </p>
   </div>
   <div class='ocr_carea' id='block_1_36' title="bbox 2207 567 3882 638">
    <p class='ocr_par' dir='ltr' id='par_1_36' title="bbox 2207 567 3882 638">
     <span class='ocr_line' id='line_1_36' title="bbox 2207 567 3882 638; baseline 0 -16"><span class='ocrx_word' id='word_1_252' title='bbox 2207 583 2323 622; x_wconf 79' lang='lat' dir='ltr'><strong>mae</strong></span> <span class='ocrx_word' id='word_1_253' title='bbox 2348 567 2526 638; x_wconf 80' lang='lat' dir='ltr'><strong>(hom.</strong></span> <span class='ocrx_word' id='word_1_254' title='bbox 2569 571 2626 623; x_wconf 87' lang='lat' dir='ltr'><strong>I3</strong></span> <span class='ocrx_word' id='word_1_255' title='bbox 2655 573 2786 637; x_wconf 87' lang='lat' dir='ltr'><strong>post</strong></span> <span class='ocrx_word' id='word_1_256' title='bbox 2815 568 3096 635; x_wconf 84' lang='lat' dir='ltr'><strong>medium)</strong></span> <span class='ocrx_word' id='word_1_257' title='bbox 3132 585 3143 622; x_wconf 91' lang='lat'><strong>:</strong></span> <span class='ocrx_word' id='word_1_258' title='bbox 3179 567 3280 638; x_wconf 86' lang='lat' dir='ltr'><strong>[Et</strong></span> <span class='ocrx_word' id='word_1_259' title='bbox 3302 568 3574 623; x_wconf 88' lang='lat' dir='ltr'><strong>calamus</strong></span> <span class='ocrx_word' id='word_1_260' title='bbox 3605 568 3672 622; x_wconf 87' lang='lat' dir='ltr'><strong>in</strong></span> <span class='ocrx_word' id='word_1_261' title='bbox 3713 581 3882 622; x_wconf 82' lang='lat' dir='ltr'><strong>men-</strong></span> 
     </span>
    </p>
   </div>
   <div class='ocr_carea' id='block_1_37' title="bbox 2207 655 3885 728">
    <p class='ocr_par' dir='ltr' id='par_1_37' title="bbox 2207 655 3885 728">
     <span class='ocr_line' id='line_1_37' title="bbox 2207 655 3885 728; baseline 0 -18"><span class='ocrx_word' id='word_1_262' title='bbox 2207 671 2352 711; x_wconf 83' lang='lat' dir='ltr'><strong>sura</strong></span> <span class='ocrx_word' id='word_1_263' title='bbox 2382 658 2444 711; x_wconf 88' lang='lat' dir='ltr'><strong>in</strong></span> <span class='ocrx_word' id='word_1_264' title='bbox 2470 672 2653 712; x_wconf 90' lang='lat' dir='ltr'><strong>manu</strong></span> <span class='ocrx_word' id='word_1_265' title='bbox 2685 659 2833 725; x_wconf 84' lang='lat' dir='ltr'><strong>ejus.</strong></span> <span class='ocrx_word' id='word_1_266' title='bbox 2855 659 2931 712; x_wconf 89' lang='lat' dir='ltr'><strong>De</strong></span> <span class='ocrx_word' id='word_1_267' title='bbox 2956 660 3164 711; x_wconf 85' lang='lat' dir='ltr'><strong>sancta</strong></span> <span class='ocrx_word' id='word_1_268' title='bbox 3194 655 3452 712; x_wconf 86' lang='lat' dir='ltr'><strong>Ecclesia</strong></span> <span class='ocrx_word' id='word_1_269' title='bbox 3480 671 3589 727; x_wconf 86' lang='lat' dir='ltr'><strong>per</strong></span> <span class='ocrx_word' id='word_1_270' title='bbox 3616 655 3885 728; x_wconf 52' lang='lat' dir='ltr'><strong>prophe.</strong></span> 
     </span>
    </p>
   </div>
   <div class='ocr_carea' id='block_1_38' title="bbox 2210 743 3888 816">
    <p class='ocr_par' dir='ltr' id='par_1_38' title="bbox 2210 743 3888 816">
     <span class='ocr_line' id='line_1_38' title="bbox 2210 743 3888 816; baseline -0.001 -18"><span class='ocrx_word' id='word_1_271' title='bbox 2210 749 2332 799; x_wconf 91' lang='lat' dir='ltr'><strong>tam</strong></span> <span class='ocrx_word' id='word_1_272' title='bbox 2361 744 2546 800; x_wconf 89' lang='lat' dir='ltr'><strong>alium</strong></span> <span class='ocrx_word' id='word_1_273' title='bbox 2576 744 2866 799; x_wconf 86' lang='lat' dir='ltr'><strong>Dominus</strong></span> <span class='ocrx_word' id='word_1_274' title='bbox 2917 743 3229 816; x_wconf 88' lang='lat' dir='ltr'><strong>pollicetur</strong></span> <span class='ocrx_word' id='word_1_275' title='bbox 3257 743 3462 798; x_wconf 87' lang='lat' dir='ltr'><strong>dicens</strong></span> <span class='ocrx_word' id='word_1_276' title='bbox 3498 761 3511 798; x_wconf 88' lang='lat'>:</span> <span class='ocrx_word' id='word_1_277' title='bbox 3543 744 3798 800; x_wconf 82' lang='lat' dir='ltr'><strong>Orietur</strong></span> <span class='ocrx_word' id='word_1_278' title='bbox 3822 745 3888 798; x_wconf 75' lang='lat' dir='ltr'><strong>in</strong></span> 
     </span>
    </p>
   </div>
   <div class='ocr_carea' id='block_1_39' title="bbox 2211 831 3881 903">
    <p class='ocr_par' dir='ltr' id='par_1_39' title="bbox 2211 831 3881 903">
     <span class='ocr_line' id='line_1_39' title="bbox 2211 831 3881 903; baseline 0 -15"><span class='ocrx_word' id='word_1_279' title='bbox 2211 848 2277 889; x_wconf 91' lang='lat' dir='ltr'><strong>ea</strong></span> <span class='ocrx_word' id='word_1_280' title='bbox 2305 835 2467 888; x_wconf 85' lang='lat' dir='ltr'><strong>viror</strong></span> <span class='ocrx_word' id='word_1_281' title='bbox 2494 835 2718 889; x_wconf 86' lang='lat' dir='ltr'><strong>calami</strong></span> <span class='ocrx_word' id='word_1_282' title='bbox 2741 840 2794 890; x_wconf 92' lang='lat' dir='ltr'><strong>et</strong></span> <span class='ocrx_word' id='word_1_283' title='bbox 2806 834 2986 903; x_wconf 84' lang='lat' dir='ltr'><strong>junci</strong></span> <span class='ocrx_word' id='word_1_284' title='bbox 3016 834 3148 901; x_wconf 61' lang='lat' dir='ltr'><strong>l&#39;lsa.</strong></span> <span class='ocrx_word' id='word_1_285' title='bbox 3170 835 3423 903; x_wconf 78' lang='lat' dir='ltr'><strong>xxxv,7).</strong></span> <span class='ocrx_word' id='word_1_286' title='bbox 3447 831 3622 898; x_wconf 87' lang='lat' dir='ltr'><strong>Quod</strong></span> <span class='ocrx_word' id='word_1_287' title='bbox 3653 832 3719 888; x_wconf 92' lang='lat' dir='ltr'><strong>in</strong></span> <span class='ocrx_word' id='word_1_288' title='bbox 3739 831 3881 890; x_wconf 85' lang='lat' dir='ltr'><strong>loco</strong></span> 
     </span>
    </p>
   </div>
   <div class='ocr_carea' id='block_1_40' title="bbox 2213 920 3886 993">
    <p class='ocr_par' dir='ltr' id='par_1_40' title="bbox 2213 920 3886 993">
     <span class='ocr_line' id='line_1_40' title="bbox 2213 920 3886 993; baseline 0 -16"><span class='ocrx_word' id='word_1_289' title='bbox 2213 921 2327 977; x_wconf 90' lang='lat' dir='ltr'><strong>alio</strong></span> <span class='ocrx_word' id='word_1_290' title='bbox 2385 922 2731 993; x_wconf 87' lang='lat' dir='ltr'><strong>exposuisse</strong></span> <span class='ocrx_word' id='word_1_291' title='bbox 2804 937 2900 976; x_wconf 90' lang='lat' dir='ltr'><strong>me</strong></span> <span class='ocrx_word' id='word_1_292' title='bbox 2957 920 3250 976; x_wconf 90' lang='lat' dir='ltr'><strong>memini:</strong></span> <span class='ocrx_word' id='word_1_293' title='bbox 3303 926 3368 977; x_wconf 90' lang='lat' dir='ltr'><strong>ut</strong></span> <span class='ocrx_word' id='word_1_294' title='bbox 3415 937 3523 992; x_wconf 92' lang='lat' dir='ltr'><strong>per</strong></span> <span class='ocrx_word' id='word_1_295' title='bbox 3572 922 3886 977; x_wconf 83' lang='lat' dir='ltr'><strong>calamum</strong></span> 
     </span>
    </p>
   </div>
   <div class='ocr_carea' id='block_1_41' title="bbox 2212 1009 3887 1082">
    <p class='ocr_par' dir='ltr' id='par_1_41' title="bbox 2212 1009 3887 1082">
     <span class='ocr_line' id='line_1_41' title="bbox 2212 1009 3887 1082; baseline 0.001 -18"><span class='ocrx_word' id='word_1_296' title='bbox 2212 1010 2547 1082; x_wconf 90' lang='lat' dir='ltr'><strong>scriptores,</strong></span> <span class='ocrx_word' id='word_1_297' title='bbox 2577 1017 2685 1082; x_wconf 81' lang='lat' dir='ltr'><strong>per</strong></span> <span class='ocrx_word' id='word_1_298' title='bbox 2704 1013 2962 1079; x_wconf 82' lang='lat' dir='ltr'><strong>juncum</strong></span> <span class='ocrx_word' id='word_1_299' title='bbox 2995 1025 3136 1066; x_wconf 90' lang='lat' dir='ltr'><strong>vero</strong></span> <span class='ocrx_word' id='word_1_300' title='bbox 3165 1009 3428 1066; x_wconf 86' lang='lat' dir='ltr'><strong>debeant</strong></span> <span class='ocrx_word' id='word_1_301' title='bbox 3455 1009 3765 1065; x_wconf 88' lang='lat' dir='ltr'><strong>auditores</strong></span> <span class='ocrx_word' id='word_1_302' title='bbox 3793 1011 3887 1065; x_wconf 86' lang='lat' dir='ltr'><strong>in-</strong></span> 
     </span>
    </p>
   </div>
   <div class='ocr_carea' id='block_1_42' title="bbox 2212 1099 3888 1172">
    <p class='ocr_par' dir='ltr' id='par_1_42' title="bbox 2212 1099 3888 1172">
     <span class='ocr_line' id='line_1_42' title="bbox 2212 1099 3888 1172; baseline 0.001 -19"><span class='ocrx_word' id='word_1_303' title='bbox 2212 1099 2393 1169; x_wconf 90' lang='lat' dir='ltr'><strong>telligi</strong></span> <span class='ocrx_word' id='word_1_304' title='bbox 2422 1117 2434 1168; x_wconf 89' lang='lat'><strong>;</strong></span> <span class='ocrx_word' id='word_1_305' title='bbox 2467 1100 2571 1154; x_wconf 89' lang='lat' dir='ltr'><strong>sed</strong></span> <span class='ocrx_word' id='word_1_306' title='bbox 2616 1100 2761 1172; x_wconf 88' lang='lat' dir='ltr'><strong>quia</strong></span> <span class='ocrx_word' id='word_1_307' title='bbox 2803 1100 2880 1155; x_wconf 86' lang='lat' dir='ltr'><strong>ad</strong></span> <span class='ocrx_word' id='word_1_308' title='bbox 2911 1099 3231 1155; x_wconf 88' lang='lat' dir='ltr'><strong>humorem</strong></span> <span class='ocrx_word' id='word_1_309' title='bbox 3259 1115 3435 1171; x_wconf 59' lang='lat' dir='ltr'><strong>aqua:</strong></span> <span class='ocrx_word' id='word_1_310' title='bbox 3466 1104 3525 1155; x_wconf 92' lang='lat' dir='ltr'><strong>et</strong></span> <span class='ocrx_word' id='word_1_311' title='bbox 3547 1100 3770 1170; x_wconf 88' lang='lat' dir='ltr'><strong>juncus</strong></span> <span class='ocrx_word' id='word_1_312' title='bbox 3826 1105 3888 1155; x_wconf 89' lang='lat' dir='ltr'><strong>et</strong></span> 
     </span>
    </p>
   </div>
   <div class='ocr_carea' id='block_1_43' title="bbox 2213 1187 3880 1260">
    <p class='ocr_par' dir='ltr' id='par_1_43' title="bbox 2213 1187 3880 1260">
     <span class='ocr_line' id='line_1_43' title="bbox 2213 1187 3880 1260; baseline 0.001 -17"><span class='ocrx_word' id='word_1_313' title='bbox 2213 1187 2482 1244; x_wconf 86' lang='lat' dir='ltr'><strong>calamus</strong></span> <span class='ocrx_word' id='word_1_314' title='bbox 2530 1188 2697 1243; x_wconf 89' lang='lat' dir='ltr'><strong>nasci</strong></span> <span class='ocrx_word' id='word_1_315' title='bbox 2751 1187 2918 1250; x_wconf 85' lang='lat' dir='ltr'><strong>solet,</strong></span> <span class='ocrx_word' id='word_1_316' title='bbox 2953 1191 3009 1243; x_wconf 92' lang='lat' dir='ltr'><strong>et</strong></span> <span class='ocrx_word' id='word_1_317' title='bbox 3055 1203 3128 1244; x_wconf 92' lang='lat' dir='ltr'><strong>ex</strong></span> <span class='ocrx_word' id='word_1_318' title='bbox 3174 1203 3296 1243; x_wconf 91' lang='lat' dir='ltr'><strong>una</strong></span> <span class='ocrx_word' id='word_1_319' title='bbox 3343 1188 3676 1260; x_wconf 87' lang='lat' dir='ltr'><strong>eademque</strong></span> <span class='ocrx_word' id='word_1_320' title='bbox 3706 1203 3880 1260; x_wconf 79' lang='lat' dir='ltr'><strong>aqua</strong></span> 
     </span>
    </p>
   </div>
   <div class='ocr_carea' id='block_1_44' title="bbox 2215 1278 3876 1352">
    <p class='ocr_par' dir='ltr' id='par_1_44' title="bbox 2215 1278 3876 1352">
     <span class='ocr_line' id='line_1_44' title="bbox 2215 1278 3876 1352; baseline 0 -19"><span class='ocrx_word' id='word_1_321' title='bbox 2215 1284 2469 1351; x_wconf 85' lang='lat' dir='ltr'><strong>utraque</strong></span> <span class='ocrx_word' id='word_1_322' title='bbox 2511 1278 2828 1351; x_wconf 86' lang='lat' dir='ltr'><strong>proﬁciunt</strong></span> <span class='ocrx_word' id='word_1_323' title='bbox 2865 1297 2873 1331; x_wconf 83' lang='lat'><strong>2</strong></span> <span class='ocrx_word' id='word_1_324' title='bbox 2908 1283 2962 1334; x_wconf 78' lang='lat' dir='ltr'><strong>et</strong></span> <span class='ocrx_word' id='word_1_325' title='bbox 3004 1278 3274 1335; x_wconf 87' lang='lat' dir='ltr'><strong>calamus</strong></span> <span class='ocrx_word' id='word_1_326' title='bbox 3320 1278 3573 1352; x_wconf 89' lang='lat' dir='ltr'><strong>quidem</strong></span> <span class='ocrx_word' id='word_1_327' title='bbox 3620 1279 3695 1334; x_wconf 87' lang='lat' dir='ltr'><strong>ad</strong></span> <span class='ocrx_word' id='word_1_328' title='bbox 3725 1280 3876 1334; x_wconf 86' lang='lat' dir='ltr'><strong>scri-</strong></span> 
     </span>
    </p>
   </div>
   <div class='ocr_carea' id='block_1_45' title="bbox 2214 1366 3887 1439">
    <p class='ocr_par' dir='ltr' id='par_1_45' title="bbox 2214 1366 3887 1439">
     <span class='ocr_line' id='line_1_45' title="bbox 2214 1366 3887 1439; baseline 0.001 -17"><span class='ocrx_word' id='word_1_329' title='bbox 2214 1367 2484 1423; x_wconf 88' lang='lat' dir='ltr'><strong>bendum</strong></span> <span class='ocrx_word' id='word_1_330' title='bbox 2507 1368 2849 1433; x_wconf 87' lang='lat' dir='ltr'><strong>assumitur,</strong></span> <span class='ocrx_word' id='word_1_331' title='bbox 2874 1383 3010 1423; x_wconf 88' lang='lat' dir='ltr'><strong>cum</strong></span> <span class='ocrx_word' id='word_1_332' title='bbox 3030 1367 3217 1438; x_wconf 90' lang='lat' dir='ltr'><strong>junco</strong></span> <span class='ocrx_word' id='word_1_333' title='bbox 3239 1383 3380 1422; x_wconf 90' lang='lat' dir='ltr'><strong>vero</strong></span> <span class='ocrx_word' id='word_1_334' title='bbox 3423 1366 3604 1422; x_wconf 89' lang='lat' dir='ltr'><strong>scribi</strong></span> <span class='ocrx_word' id='word_1_335' title='bbox 3626 1383 3750 1423; x_wconf 92' lang='lat' dir='ltr'><strong>non</strong></span> <span class='ocrx_word' id='word_1_336' title='bbox 3775 1383 3887 1439; x_wconf 91' lang='lat' dir='ltr'><strong>po-</strong></span> 
     </span>
    </p>
   </div>
   <div class='ocr_carea' id='block_1_46' title="bbox 2216 1455 3887 1528">
    <p class='ocr_par' dir='ltr' id='par_1_46' title="bbox 2216 1455 3887 1528">
     <span class='ocr_line' id='line_1_46' title="bbox 2216 1455 3887 1528; baseline 0.001 -17"><span class='ocrx_word' id='word_1_337' title='bbox 2216 1459 2348 1521; x_wconf 85' lang='lat' dir='ltr'><strong>test;</strong></span> <span class='ocrx_word' id='word_1_338' title='bbox 2370 1456 2515 1528; x_wconf 90' lang='lat' dir='ltr'><strong>quid</strong></span> <span class='ocrx_word' id='word_1_339' title='bbox 2533 1456 2594 1511; x_wconf 94' lang='lat' dir='ltr'><strong>in</strong></span> <span class='ocrx_word' id='word_1_340' title='bbox 2610 1457 2797 1527; x_wconf 89' lang='lat' dir='ltr'><strong>junco</strong></span> <span class='ocrx_word' id='word_1_341' title='bbox 2813 1462 2866 1512; x_wconf 89' lang='lat' dir='ltr'><strong>et</strong></span> <span class='ocrx_word' id='word_1_342' title='bbox 2888 1456 3120 1512; x_wconf 87' lang='lat' dir='ltr'><strong>calamo</strong></span> <span class='ocrx_word' id='word_1_343' title='bbox 3139 1456 3408 1528; x_wconf 88' lang='lat' dir='ltr'><strong>accipere</strong></span> <span class='ocrx_word' id='word_1_344' title='bbox 3429 1455 3748 1522; x_wconf 88' lang='lat' dir='ltr'><strong>debemus,</strong></span> <span class='ocrx_word' id='word_1_345' title='bbox 3761 1456 3887 1512; x_wconf 87' lang='lat' dir='ltr'><strong>nisi</strong></span> 
     </span>
    </p>
   </div>
   <div class='ocr_carea' id='block_1_47' title="bbox 2216 1545 3882 1618">
    <p class='ocr_par' dir='ltr' id='par_1_47' title="bbox 2216 1545 3882 1618">
     <span class='ocr_line' id='line_1_47' title="bbox 2216 1545 3882 1618; baseline 0 -17"><span class='ocrx_word' id='word_1_346' title='bbox 2216 1545 2386 1618; x_wconf 91' lang='lat' dir='ltr'><strong>quod</strong></span> <span class='ocrx_word' id='word_1_347' title='bbox 2406 1562 2527 1602; x_wconf 88' lang='lat' dir='ltr'><strong>una</strong></span> <span class='ocrx_word' id='word_1_348' title='bbox 2547 1551 2635 1602; x_wconf 90' lang='lat' dir='ltr'><strong>est</strong></span> <span class='ocrx_word' id='word_1_349' title='bbox 2659 1545 2931 1602; x_wconf 87' lang='lat' dir='ltr'><strong>doctrina</strong></span> <span class='ocrx_word' id='word_1_350' title='bbox 2954 1545 3212 1602; x_wconf 86' lang='lat' dir='ltr'><strong>veritatis</strong></span> <span class='ocrx_word' id='word_1_351' title='bbox 3235 1562 3372 1618; x_wconf 69' lang='lat' dir='ltr'><strong>quas</strong></span> <span class='ocrx_word' id='word_1_352' title='bbox 3399 1545 3623 1600; x_wconf 91' lang='lat' dir='ltr'><strong>multos</strong></span> <span class='ocrx_word' id='word_1_353' title='bbox 3641 1545 3882 1602; x_wconf 84' lang='lat' dir='ltr'><strong>audito-</strong></span> 
     </span>
    </p>
   </div>
   <div class='ocr_carea' id='block_1_48' title="bbox 2218 1633 3890 1706">
    <p class='ocr_par' dir='ltr' id='par_1_48' title="bbox 2218 1633 3890 1706">
     <span class='ocr_line' id='line_1_48' title="bbox 2218 1633 3890 1706; baseline 0.001 -17"><span class='ocrx_word' id='word_1_354' title='bbox 2218 1651 2313 1690; x_wconf 91' lang='lat' dir='ltr'><strong>res</strong></span> <span class='ocrx_word' id='word_1_355' title='bbox 2342 1635 2594 1705; x_wconf 83' lang='lat' dir='ltr'><strong>irrigat?</strong></span> <span class='ocrx_word' id='word_1_356' title='bbox 2623 1633 2736 1691; x_wconf 91' lang='lat' dir='ltr'><strong>Sed</strong></span> <span class='ocrx_word' id='word_1_357' title='bbox 2757 1634 2979 1700; x_wconf 68' lang='lat' dir='ltr'><strong>irrigati</strong></span> <span class='ocrx_word' id='word_1_358' title='bbox 3012 1633 3112 1690; x_wconf 85' lang='lat' dir='ltr'><strong>alii</strong></span> <span class='ocrx_word' id='word_1_359' title='bbox 3132 1634 3209 1689; x_wconf 90' lang='lat' dir='ltr'><strong>ad</strong></span> <span class='ocrx_word' id='word_1_360' title='bbox 3237 1634 3352 1689; x_wconf 93' lang='lat' dir='ltr'><strong>hoc</strong></span> <span class='ocrx_word' id='word_1_361' title='bbox 3383 1649 3578 1706; x_wconf 86' lang='lat' dir='ltr'><strong>usque</strong></span> <span class='ocrx_word' id='word_1_362' title='bbox 3607 1634 3668 1688; x_wconf 92' lang='lat' dir='ltr'><strong>in</strong></span> <span class='ocrx_word' id='word_1_363' title='bbox 3697 1633 3890 1690; x_wconf 80' lang='lat' dir='ltr'><strong>verbo</strong></span> 
     </span>
    </p>
   </div>
   <div class='ocr_carea' id='block_1_49' title="bbox 2221 1722 3893 1796">
    <p class='ocr_par' dir='ltr' id='par_1_49' title="bbox 2221 1722 3893 1796">
     <span class='ocr_line' id='line_1_49' title="bbox 2221 1722 3893 1796; baseline 0.002 -22"><span class='ocrx_word' id='word_1_364' title='bbox 2221 1723 2322 1779; x_wconf 89' lang='lat' dir='ltr'><strong>Dei</strong></span> <span class='ocrx_word' id='word_1_365' title='bbox 2347 1722 2688 1796; x_wconf 87' lang='lat' dir='ltr'><strong>proﬁciunt,</strong></span> <span class='ocrx_word' id='word_1_366' title='bbox 2722 1727 2782 1778; x_wconf 89' lang='lat' dir='ltr'><strong>ut</strong></span> <span class='ocrx_word' id='word_1_367' title='bbox 2813 1724 2994 1778; x_wconf 82' lang='lat' dir='ltr'><strong>etiam</strong></span> <span class='ocrx_word' id='word_1_368' title='bbox 3029 1722 3349 1795; x_wconf 88' lang='lat' dir='ltr'><strong>scriptores</strong></span> <span class='ocrx_word' id='word_1_369' title='bbox 3407 1722 3576 1790; x_wconf 85' lang='lat' dir='ltr'><strong>ﬁant,</strong></span> <span class='ocrx_word' id='word_1_370' title='bbox 3612 1722 3893 1778; x_wconf 78' lang='lat' dir='ltr'><strong>videlicet</strong></span> 
     </span>
    </p>
   </div>
   <div class='ocr_carea' id='block_1_50' title="bbox 2220 1811 3892 1886">
    <p class='ocr_par' dir='ltr' id='par_1_50' title="bbox 2220 1811 3892 1886">
     <span class='ocr_line' id='line_1_50' title="bbox 2220 1811 3892 1886; baseline -0.001 -16"><span class='ocrx_word' id='word_1_371' title='bbox 2220 1819 2510 1886; x_wconf 87' lang='lat' dir='ltr'><strong>tanquam</strong></span> <span class='ocrx_word' id='word_1_372' title='bbox 2545 1813 2799 1880; x_wconf 87' lang='lat' dir='ltr'><strong>calami;</strong></span> <span class='ocrx_word' id='word_1_373' title='bbox 2833 1813 2931 1868; x_wconf 77' lang='lat' dir='ltr'><strong>alii</strong></span> <span class='ocrx_word' id='word_1_374' title='bbox 2959 1828 3103 1869; x_wconf 87' lang='lat' dir='ltr'><strong>vero</strong></span> <span class='ocrx_word' id='word_1_375' title='bbox 3133 1811 3386 1868; x_wconf 85' lang='lat' dir='ltr'><strong>verbum</strong></span> <span class='ocrx_word' id='word_1_376' title='bbox 3419 1813 3552 1868; x_wconf 81' lang='lat' dir='ltr'><strong>vitae</strong></span> <span class='ocrx_word' id='word_1_377' title='bbox 3608 1812 3892 1878; x_wconf 89' lang='lat' dir='ltr'><strong>audiunt,</strong></span> 
     </span>
    </p>
   </div>
   <div class='ocr_carea' id='block_1_51' title="bbox 2218 1902 3888 1975">
    <p class='ocr_par' dir='ltr' id='par_1_51' title="bbox 2218 1902 3888 1975">
     <span class='ocr_line' id='line_1_51' title="bbox 2218 1902 3888 1975; baseline -0.001 -16"><span class='ocrx_word' id='word_1_378' title='bbox 2218 1904 2394 1959; x_wconf 66' lang='lat' dir='ltr'><strong>bona:</strong></span> <span class='ocrx_word' id='word_1_379' title='bbox 2422 1903 2548 1975; x_wconf 91' lang='lat' dir='ltr'><strong>spei</strong></span> <span class='ocrx_word' id='word_1_380' title='bbox 2569 1909 2626 1958; x_wconf 91' lang='lat' dir='ltr'><strong>et</strong></span> <span class='ocrx_word' id='word_1_381' title='bbox 2644 1909 2944 1958; x_wconf 88' lang='lat' dir='ltr'><strong>rectorum</strong></span> <span class='ocrx_word' id='word_1_382' title='bbox 2975 1918 3227 1974; x_wconf 90' lang='lat' dir='ltr'><strong>operum</strong></span> <span class='ocrx_word' id='word_1_383' title='bbox 3259 1902 3619 1959; x_wconf 87' lang='lat' dir='ltr'><strong>viriditatem</strong></span> <span class='ocrx_word' id='word_1_384' title='bbox 3652 1907 3888 1958; x_wconf 90' lang='lat' dir='ltr'><strong>tenent:</strong></span> 
     </span>
    </p>
   </div>
   <div class='ocr_carea' id='block_1_52' title="bbox 2220 1990 3890 2063">
    <p class='ocr_par' dir='ltr' id='par_1_52' title="bbox 2220 1990 3890 2063">
     <span class='ocr_line' id='line_1_52' title="bbox 2220 1990 3890 2063; baseline 0 -17"><span class='ocrx_word' id='word_1_385' title='bbox 2220 1993 2327 2047; x_wconf 91' lang='lat' dir='ltr'><strong>sed</strong></span> <span class='ocrx_word' id='word_1_386' title='bbox 2373 1997 2573 2049; x_wconf 88' lang='lat' dir='ltr'><strong>tamen</strong></span> <span class='ocrx_word' id='word_1_387' title='bbox 2630 1991 2707 2048; x_wconf 91' lang='lat' dir='ltr'><strong>ad</strong></span> <span class='ocrx_word' id='word_1_388' title='bbox 2753 1991 3140 2047; x_wconf 84' lang='lat' dir='ltr'><strong>scribendum</strong></span> <span class='ocrx_word' id='word_1_389' title='bbox 3188 1990 3475 2063; x_wconf 89' lang='lat' dir='ltr'><strong>proﬁcere</strong></span> <span class='ocrx_word' id='word_1_390' title='bbox 3531 1990 3890 2046; x_wconf 86' lang='lat' dir='ltr'><strong>nullatenus</strong></span> 
     </span>
    </p>
   </div>
   <div class='ocr_carea' id='block_1_53' title="bbox 2218 2078 3894 2152">
    <p class='ocr_par' dir='ltr' id='par_1_53' title="bbox 2218 2078 3894 2152">
     <span class='ocr_line' id='line_1_53' title="bbox 2218 2078 3894 2152; baseline 0.001 -17"><span class='ocrx_word' id='word_1_391' title='bbox 2218 2086 2510 2152; x_wconf 88' lang='lat' dir='ltr'><strong>possunt;</strong></span> <span class='ocrx_word' id='word_1_392' title='bbox 2543 2081 2602 2136; x_wconf 91' lang='lat' dir='ltr'><strong>hi</strong></span> <span class='ocrx_word' id='word_1_393' title='bbox 2632 2080 2778 2152; x_wconf 90' lang='lat' dir='ltr'><strong>quid</strong></span> <span class='ocrx_word' id='word_1_394' title='bbox 2810 2080 2867 2135; x_wconf 90' lang='lat' dir='ltr'><strong>in</strong></span> <span class='ocrx_word' id='word_1_395' title='bbox 2901 2097 3062 2152; x_wconf 81' lang='lat' dir='ltr'><strong>aqua</strong></span> <span class='ocrx_word' id='word_1_396' title='bbox 3093 2081 3212 2142; x_wconf 91' lang='lat' dir='ltr'><strong>Dei,</strong></span> <span class='ocrx_word' id='word_1_397' title='bbox 3242 2079 3354 2134; x_wconf 91' lang='lat' dir='ltr'><strong>nisi</strong></span> <span class='ocrx_word' id='word_1_398' title='bbox 3402 2078 3660 2152; x_wconf 88' lang='lat' dir='ltr'><strong>quidam</strong></span> <span class='ocrx_word' id='word_1_399' title='bbox 3693 2081 3783 2151; x_wconf 88' lang='lat' dir='ltr'><strong>(ut</strong></span> <span class='ocrx_word' id='word_1_400' title='bbox 3809 2079 3894 2136; x_wconf 86' lang='lat' dir='ltr'><strong>ita</strong></span> 
     </span>
    </p>
   </div>
   <div class='ocr_carea' id='block_1_54' title="bbox 2220 2168 3891 2244">
    <p class='ocr_par' dir='ltr' id='par_1_54' title="bbox 2220 2168 3891 2244">
     <span class='ocr_line' id='line_1_54' title="bbox 2220 2168 3891 2244; baseline 0.001 -18"><span class='ocrx_word' id='word_1_401' title='bbox 2220 2171 2438 2242; x_wconf 87' lang='lat' dir='ltr'><strong>dicam)</strong></span> <span class='ocrx_word' id='word_1_402' title='bbox 2463 2171 2630 2241; x_wconf 90' lang='lat' dir='ltr'><strong>junci</strong></span> <span class='ocrx_word' id='word_1_403' title='bbox 2664 2174 2822 2239; x_wconf 91' lang='lat' dir='ltr'><strong>sunt,</strong></span> <span class='ocrx_word' id='word_1_404' title='bbox 2850 2170 2956 2241; x_wconf 88' lang='lat' dir='ltr'><strong>qui</strong></span> <span class='ocrx_word' id='word_1_405' title='bbox 2985 2169 3135 2242; x_wconf 90' lang='lat' dir='ltr'><strong>quid</strong></span> <span class='ocrx_word' id='word_1_406' title='bbox 3163 2168 3708 2226; x_wconf 85' lang='lat' dir='ltr'><strong>viridescendendo</strong></span> <span class='ocrx_word' id='word_1_407' title='bbox 3752 2185 3891 2244; x_wconf 81' lang='lat' dir='ltr'><strong>pro-</strong></span> 
     </span>
    </p>
   </div>
   <div class='ocr_carea' id='block_1_55' title="bbox 2219 2259 3890 2331">
    <p class='ocr_par' dir='ltr' id='par_1_55' title="bbox 2219 2259 3890 2331">
     <span class='ocr_line' id='line_1_55' title="bbox 2219 2259 3890 2331; baseline 0 -17"><span class='ocrx_word' id='word_1_408' title='bbox 2219 2259 2448 2328; x_wconf 88' lang='lat' dir='ltr'><strong>ﬁciunt,</strong></span> <span class='ocrx_word' id='word_1_409' title='bbox 2482 2259 2588 2314; x_wconf 91' lang='lat' dir='ltr'><strong>sed</strong></span> <span class='ocrx_word' id='word_1_410' title='bbox 2617 2259 2841 2315; x_wconf 88' lang='lat' dir='ltr'><strong>litteras</strong></span> <span class='ocrx_word' id='word_1_411' title='bbox 2870 2259 3203 2331; x_wconf 80' lang='lat' dir='ltr'><strong>exprimere</strong></span> <span class='ocrx_word' id='word_1_412' title='bbox 3234 2274 3630 2331; x_wconf 89' lang='lat' dir='ltr'><strong>nequaquam</strong></span> <span class='ocrx_word' id='word_1_413' title='bbox 3660 2259 3890 2324; x_wconf 71' lang='lat' dir='ltr'><strong>valent.</strong></span> 
     </span>
    </p>
   </div>
   <div class='ocr_carea' id='block_1_56' title="bbox 2222 2347 3890 2420">
    <p class='ocr_par' dir='ltr' id='par_1_56' title="bbox 2222 2347 3890 2420">
     <span class='ocr_line' id='line_1_56' title="bbox 2222 2347 3890 2420; baseline 0.002 -20"><span class='ocrx_word' id='word_1_414' title='bbox 2222 2348 2585 2420; x_wconf 84' lang='lat' dir='ltr'><strong>Redemptor</strong></span> <span class='ocrx_word' id='word_1_415' title='bbox 2635 2349 2814 2415; x_wconf 85' lang='lat' dir='ltr'><strong>igitur</strong></span> <span class='ocrx_word' id='word_1_416' title='bbox 2851 2353 3071 2416; x_wconf 87' lang='lat' dir='ltr'><strong>noster,</strong></span> <span class='ocrx_word' id='word_1_417' title='bbox 3123 2347 3269 2420; x_wconf 87' lang='lat' dir='ltr'><strong>quia</strong></span> <span class='ocrx_word' id='word_1_418' title='bbox 3313 2347 3502 2404; x_wconf 85' lang='lat' dir='ltr'><strong>verba</strong></span> <span class='ocrx_word' id='word_1_419' title='bbox 3549 2364 3687 2420; x_wconf 71' lang='lat' dir='ltr'><strong>quin</strong></span> <span class='ocrx_word' id='word_1_420' title='bbox 3737 2348 3890 2404; x_wconf 88' lang='lat' dir='ltr'><strong>dixit</strong></span> 
     </span>
    </p>
   </div>
   <div class='ocr_carea' id='block_1_57' title="bbox 2223 2436 3885 2508">
    <p class='ocr_par' dir='ltr' id='par_1_57' title="bbox 2223 2436 3885 2508">
     <span class='ocr_line' id='line_1_57' title="bbox 2223 2436 3885 2508; baseline -0.001 -16"><span class='ocrx_word' id='word_1_421' title='bbox 2223 2438 2402 2492; x_wconf 89' lang='lat' dir='ltr'><strong>etiam</strong></span> <span class='ocrx_word' id='word_1_422' title='bbox 2435 2452 2541 2508; x_wconf 90' lang='lat' dir='ltr'><strong>per</strong></span> <span class='ocrx_word' id='word_1_423' title='bbox 2570 2436 2886 2492; x_wconf 89' lang='lat' dir='ltr'><strong>doctorum</strong></span> <span class='ocrx_word' id='word_1_424' title='bbox 2936 2437 3204 2492; x_wconf 88' lang='lat' dir='ltr'><strong>studium</strong></span> <span class='ocrx_word' id='word_1_425' title='bbox 3260 2436 3436 2492; x_wconf 90' lang='lat' dir='ltr'><strong>scribi</strong></span> <span class='ocrx_word' id='word_1_426' title='bbox 3486 2436 3738 2506; x_wconf 90' lang='lat' dir='ltr'><strong>largitus</strong></span> <span class='ocrx_word' id='word_1_427' title='bbox 3772 2443 3885 2505; x_wconf 89' lang='lat' dir='ltr'><strong>est,</strong></span> 
     </span>
    </p>
   </div>
   <div class='ocr_carea' id='block_1_58' title="bbox 2222 2525 3877 2598">
    <p class='ocr_par' dir='ltr' id='par_1_58' title="bbox 2222 2525 3877 2598">
     <span class='ocr_line' id='line_1_58' title="bbox 2222 2525 3877 2598; baseline -0.002 -16"><span class='ocrx_word' id='word_1_428' title='bbox 2222 2527 2283 2582; x_wconf 92' lang='lat' dir='ltr'><strong>in</strong></span> <span class='ocrx_word' id='word_1_429' title='bbox 2313 2541 2500 2582; x_wconf 91' lang='lat' dir='ltr'><strong>manu</strong></span> <span class='ocrx_word' id='word_1_430' title='bbox 2530 2527 2833 2582; x_wconf 89' lang='lat' dir='ltr'><strong>calamum</strong></span> <span class='ocrx_word' id='word_1_431' title='bbox 2865 2526 3072 2595; x_wconf 81' lang='lat' dir='ltr'><strong>tenuit,</strong></span> <span class='ocrx_word' id='word_1_432' title='bbox 3123 2526 3227 2598; x_wconf 92' lang='lat' dir='ltr'><strong>qui</strong></span> <span class='ocrx_word' id='word_1_433' title='bbox 3275 2525 3548 2582; x_wconf 90' lang='lat' dir='ltr'><strong>calamus</strong></span> <span class='ocrx_word' id='word_1_434' title='bbox 3587 2541 3877 2581; x_wconf 76' lang='lat' dir='ltr'><strong>mensurae</strong></span> 
     </span>
    </p>
   </div>
   <div class='ocr_carea' id='block_1_59' title="bbox 2223 2613 3879 2688">
    <p class='ocr_par' dir='ltr' id='par_1_59' title="bbox 2223 2613 3879 2688">
     <span class='ocr_line' id='line_1_59' title="bbox 2223 2613 3879 2688; baseline -0.001 -17"><span class='ocrx_word' id='word_1_435' title='bbox 2223 2615 2438 2672; x_wconf 87' lang='lat' dir='ltr'><strong>dicitur</strong></span> <span class='ocrx_word' id='word_1_436' title='bbox 2473 2634 2485 2683; x_wconf 94' lang='lat'><strong>;</strong></span> <span class='ocrx_word' id='word_1_437' title='bbox 2520 2615 2663 2688; x_wconf 91' lang='lat' dir='ltr'><strong>quia</strong></span> <span class='ocrx_word' id='word_1_438' title='bbox 2706 2615 2840 2688; x_wconf 89' lang='lat' dir='ltr'><strong>ipsa</strong></span> <span class='ocrx_word' id='word_1_439' title='bbox 2870 2617 2999 2686; x_wconf 90' lang='lat' dir='ltr'><strong>[al.,</strong></span> <span class='ocrx_word' id='word_1_440' title='bbox 3045 2617 3102 2670; x_wconf 83' lang='lat' dir='ltr'><strong>in</strong></span> <span class='ocrx_word' id='word_1_441' title='bbox 3151 2615 3307 2688; x_wconf 90' lang='lat' dir='ltr'><strong>ipsa]</strong></span> <span class='ocrx_word' id='word_1_442' title='bbox 3339 2615 3649 2673; x_wconf 90' lang='lat' dir='ltr'><strong>doctorum</strong></span> <span class='ocrx_word' id='word_1_443' title='bbox 3677 2613 3879 2670; x_wconf 86' lang='lat' dir='ltr'><strong>studia</strong></span> 
     </span>
    </p>
   </div>
   <div class='ocr_carea' id='block_1_60' title="bbox 2225 2705 3889 2777">
    <p class='ocr_par' dir='ltr' id='par_1_60' title="bbox 2225 2705 3889 2777">
     <span class='ocr_line' id='line_1_60' title="bbox 2225 2705 3889 2777; baseline 0 -17"><span class='ocrx_word' id='word_1_444' title='bbox 2225 2705 2340 2760; x_wconf 90' lang='lat' dir='ltr'><strong>sub</strong></span> <span class='ocrx_word' id='word_1_445' title='bbox 2369 2705 2637 2777; x_wconf 89' lang='lat' dir='ltr'><strong>quadam</strong></span> <span class='ocrx_word' id='word_1_446' title='bbox 2670 2705 2883 2760; x_wconf 88' lang='lat' dir='ltr'><strong>occulti</strong></span> <span class='ocrx_word' id='word_1_447' title='bbox 2909 2705 3121 2775; x_wconf 81' lang='lat' dir='ltr'><strong>judicii</strong></span> <span class='ocrx_word' id='word_1_448' title='bbox 3153 2705 3601 2777; x_wconf 88' lang='lat' dir='ltr'><strong>dispensatione</strong></span> <span class='ocrx_word' id='word_1_449' title='bbox 3627 2706 3889 2761; x_wconf 56' lang='lat' dir='ltr'><strong>retineri.</strong></span> 
     </span>
    </p>
   </div>
   <div class='ocr_carea' id='block_1_61' title="bbox 2227 2794 3889 2865">
    <p class='ocr_par' dir='ltr' id='par_1_61' title="bbox 2227 2794 3889 2865">
     <span class='ocr_line' id='line_1_61' title="bbox 2227 2794 3889 2865; baseline -0.001 -15"><span class='ocrx_word' id='word_1_450' title='bbox 2227 2804 2320 2850; x_wconf 88' lang='lat' dir='ltr'><strong>tur</strong></span> <span class='ocrx_word' id='word_1_451' title='bbox 2343 2795 2470 2864; x_wconf 91' lang='lat' dir='ltr'><strong>[al.,</strong></span> <span class='ocrx_word' id='word_1_452' title='bbox 2503 2794 2884 2864; x_wconf 82' lang='lat' dir='ltr'><strong>detinentur],</strong></span> <span class='ocrx_word' id='word_1_453' title='bbox 2922 2802 2982 2850; x_wconf 84' lang='lat' dir='ltr'><strong>ut</strong></span> <span class='ocrx_word' id='word_1_454' title='bbox 3009 2801 3064 2850; x_wconf 89' lang='lat' dir='ltr'><strong>et</strong></span> <span class='ocrx_word' id='word_1_455' title='bbox 3092 2794 3224 2850; x_wconf 90' lang='lat' dir='ltr'><strong>aliis</strong></span> <span class='ocrx_word' id='word_1_456' title='bbox 3266 2794 3597 2865; x_wconf 80' lang='lat' dir='ltr'><strong>legentibus</strong></span> <span class='ocrx_word' id='word_1_457' title='bbox 3623 2795 3889 2865; x_wconf 85' lang='lat' dir='ltr'><strong>prosint.</strong></span> 
     </span>
    </p>
   </div>
   <div class='ocr_carea' id='block_1_62' title="bbox 2225 2882 3896 2956">
    <p class='ocr_par' dir='ltr' id='par_1_62' title="bbox 2225 2882 3896 2956">
     <span class='ocr_line' id='line_1_62' title="bbox 2225 2882 3896 2956; baseline 0.001 -18"><span class='ocrx_word' id='word_1_458' title='bbox 2225 2888 2281 2938; x_wconf 91' lang='lat' dir='ltr'><strong>et</strong></span> <span class='ocrx_word' id='word_1_459' title='bbox 2310 2883 2439 2938; x_wconf 91' lang='lat' dir='ltr'><strong>aliis</strong></span> <span class='ocrx_word' id='word_1_460' title='bbox 2483 2882 2820 2952; x_wconf 81' lang='lat' dir='ltr'><strong>legentibus</strong></span> <span class='ocrx_word' id='word_1_461' title='bbox 2852 2882 3140 2954; x_wconf 90' lang='lat' dir='ltr'><strong>prodesse</strong></span> <span class='ocrx_word' id='word_1_462' title='bbox 3199 2899 3324 2939; x_wconf 92' lang='lat' dir='ltr'><strong>non</strong></span> <span class='ocrx_word' id='word_1_463' title='bbox 3353 2884 3594 2956; x_wconf 88' lang='lat' dir='ltr'><strong>possint.</strong></span> <span class='ocrx_word' id='word_1_464' title='bbox 3629 2883 3800 2938; x_wconf 83' lang='lat' dir='ltr'><strong>Unde</strong></span> <span class='ocrx_word' id='word_1_465' title='bbox 3827 2887 3896 2940; x_wconf 79' lang='lat' dir='ltr'><strong>et</strong></span> 
     </span>
    </p>
   </div>
   <div class='ocr_carea' id='block_1_63' title="bbox 457 2973 3896 3060">
    <p class='ocr_par' dir='ltr' id='par_1_63' title="bbox 457 2973 3896 3060">
     <span class='ocr_line' id='line_1_63' title="bbox 457 2973 3896 3060; baseline 0 -32"><span class='ocrx_word' id='word_1_466' title='bbox 457 2973 594 3041; x_wconf 81' lang='lat' dir='ltr'><strong>ﬁeri</strong></span> <span class='ocrx_word' id='word_1_467' title='bbox 623 2974 774 3043; x_wconf 86' lang='lat' dir='ltr'><strong>(Act.</strong></span> <span class='ocrx_word' id='word_1_468' title='bbox 808 2978 992 3037; x_wconf 81' lang='lat' dir='ltr'><strong>1v,27,</strong></span> <span class='ocrx_word' id='word_1_469' title='bbox 1026 2975 1138 3046; x_wconf 84' lang='lat'><strong>29).</strong></span> <span class='ocrx_word' id='word_1_470' title='bbox 1173 2976 1318 3029; x_wconf 87' lang='lat' dir='ltr'><strong>Ecce</strong></span> <span class='ocrx_word' id='word_1_471' title='bbox 1343 2973 1508 3044; x_wconf 90' lang='lat' dir='ltr'><strong>quod</strong></span> <span class='ocrx_word' id='word_1_472' title='bbox 1536 2973 1763 3028; x_wconf 89' lang='lat' dir='ltr'><strong>dictum</strong></span> <span class='ocrx_word' id='word_1_473' title='bbox 1795 2975 1879 3024; x_wconf 91' lang='lat' dir='ltr'><strong>est</strong></span> <span class='ocrx_word' id='word_1_474' title='bbox 1906 2984 2116 3024; x_wconf 87' lang='lat' dir='ltr'><strong>secun-</strong></span> <span class='ocrx_word' id='word_1_475' title='bbox 2147 3004 2187 3060; x_wconf 66' lang='grc' dir='ltr'>Ο</span> <span class='ocrx_word' id='word_1_476' title='bbox 2228 2974 2415 3029; x_wconf 79' lang='lat' dir='ltr'><strong>sancti</strong></span> <span class='ocrx_word' id='word_1_477' title='bbox 2471 2973 2748 3044; x_wconf 78' lang='lat' dir='ltr'><strong>apostoli,</strong></span> <span class='ocrx_word' id='word_1_478' title='bbox 2799 2989 2938 3029; x_wconf 91' lang='lat' dir='ltr'><strong>cum</strong></span> <span class='ocrx_word' id='word_1_479' title='bbox 2991 2973 3345 3042; x_wconf 86' lang='lat' dir='ltr'><strong>magistram</strong></span> <span class='ocrx_word' id='word_1_480' title='bbox 3396 2975 3712 3030; x_wconf 87' lang='lat' dir='ltr'><strong>Veritatem</strong></span> <span class='ocrx_word' id='word_1_481' title='bbox 3772 2973 3896 3030; x_wconf 84' lang='lat' dir='ltr'><strong>sibi</strong></span> 
     </span>
    </p>
   </div>
   <div class='ocr_carea' id='block_1_64' title="bbox 461 3061 2116 3136">
    <p class='ocr_par' dir='ltr' id='par_1_64' title="bbox 461 3061 2116 3136">
     <span class='ocr_line' id='line_1_64' title="bbox 461 3061 2116 3136; baseline -0.003 -20"><span class='ocrx_word' id='word_1_482' title='bbox 461 3061 609 3118; x_wconf 87' lang='lat' dir='ltr'><strong>dum</strong></span> <span class='ocrx_word' id='word_1_483' title='bbox 664 3063 1050 3132; x_wconf 79' lang='lat' dir='ltr'><strong>Evangelium</strong></span> <span class='ocrx_word' id='word_1_484' title='bbox 1109 3063 1356 3136; x_wconf 89' lang='lat' dir='ltr'><strong>quidem</strong></span> <span class='ocrx_word' id='word_1_485' title='bbox 1414 3061 1638 3118; x_wconf 90' lang='lat' dir='ltr'><strong>inimici</strong></span> <span class='ocrx_word' id='word_1_486' title='bbox 1709 3064 1952 3132; x_wconf 86' lang='lat' dir='ltr'><strong>propter</strong></span> <span class='ocrx_word' id='word_1_487' title='bbox 2005 3073 2116 3113; x_wconf 91' lang='lat' dir='ltr'><strong>vos</strong></span> 
     </span>
    </p>
   </div>
   <div class='ocr_carea' id='block_1_65' title="bbox 463 3147 2116 3225">
    <p class='ocr_par' dir='ltr' id='par_1_65' title="bbox 463 3147 2116 3225">
     <span class='ocr_line' id='line_1_65' title="bbox 463 3147 2116 3225; baseline -0.004 -19"><span class='ocrx_word' id='word_1_488' title='bbox 463 3150 652 3221; x_wconf 85' lang='lat' dir='ltr'><strong>(Rom.</strong></span> <span class='ocrx_word' id='word_1_489' title='bbox 683 3168 764 3219; x_wconf 75' lang='grc' dir='ltr'>χι,</span> <span class='ocrx_word' id='word_1_490' title='bbox 813 3157 934 3222; x_wconf 78' lang='lat'><strong>28);</strong></span> <span class='ocrx_word' id='word_1_491' title='bbox 971 3158 1134 3210; x_wconf 89' lang='lat' dir='ltr'><strong>tanta</strong></span> <span class='ocrx_word' id='word_1_492' title='bbox 1182 3152 1408 3225; x_wconf 91' lang='lat' dir='ltr'><strong>quippe</strong></span> <span class='ocrx_word' id='word_1_493' title='bbox 1467 3150 1544 3204; x_wconf 89' lang='lat' dir='ltr'><strong>ab</strong></span> <span class='ocrx_word' id='word_1_494' title='bbox 1575 3148 1831 3204; x_wconf 88' lang='lat' dir='ltr'><strong>inimicis</strong></span> <span class='ocrx_word' id='word_1_495' title='bbox 1875 3147 2116 3217; x_wconf 71' lang='lat' dir='ltr'><strong>Iudaeis,</strong></span> 
     </span>
    </p>
   </div>
   <div class='ocr_carea' id='block_1_66' title="bbox 462 3238 2117 3310">
    <p class='ocr_par' dir='ltr' id='par_1_66' title="bbox 462 3238 2117 3310">
     <span class='ocr_line' id='line_1_66' title="bbox 462 3238 2117 3310; baseline -0.002 -16"><span class='ocrx_word' id='word_1_496' title='bbox 462 3255 677 3295; x_wconf 87' lang='lat' dir='ltr'><strong>manus</strong></span> <span class='ocrx_word' id='word_1_497' title='bbox 708 3243 816 3298; x_wconf 87' lang='lat' dir='ltr'><strong>Dei</strong></span> <span class='ocrx_word' id='word_1_498' title='bbox 839 3247 894 3298; x_wconf 87' lang='lat' dir='ltr'><strong>et</strong></span> <span class='ocrx_word' id='word_1_499' title='bbox 925 3245 1239 3299; x_wconf 88' lang='lat' dir='ltr'><strong>consilium</strong></span> <span class='ocrx_word' id='word_1_500' title='bbox 1263 3239 1712 3310; x_wconf 70' lang='lat' dir='ltr'><strong>praedestinavit</strong></span> <span class='ocrx_word' id='word_1_501' title='bbox 1741 3238 1895 3306; x_wconf 80' lang='lat' dir='ltr'><strong>fieri,</strong></span> <span class='ocrx_word' id='word_1_502' title='bbox 1927 3251 2117 3308; x_wconf 89' lang='lat' dir='ltr'><strong>quan-</strong></span> 
     </span>
    </p>
   </div>
   <div class='ocr_carea' id='block_1_67' title="bbox 464 3325 1976 3399">
    <p class='ocr_par' dir='ltr' id='par_1_67' title="bbox 464 3325 1976 3399">
     <span class='ocr_line' id='line_1_67' title="bbox 464 3325 1976 3399; baseline -0.002 -16"><span class='ocrx_word' id='word_1_503' title='bbox 464 3332 525 3384; x_wconf 87' lang='lat' dir='ltr'><strong>ta</strong></span> <span class='ocrx_word' id='word_1_504' title='bbox 556 3331 901 3386; x_wconf 87' lang='lat' dir='ltr'><strong>necessaria</strong></span> <span class='ocrx_word' id='word_1_505' title='bbox 930 3331 1169 3386; x_wconf 84' lang='lat' dir='ltr'><strong>fuerunt</strong></span> <span class='ocrx_word' id='word_1_506' title='bbox 1196 3328 1516 3398; x_wconf 87' lang='lat' dir='ltr'><strong>Evangelio</strong></span> <span class='ocrx_word' id='word_1_507' title='bbox 1545 3332 1788 3399; x_wconf 90' lang='lat' dir='ltr'><strong>propter</strong></span> <span class='ocrx_word' id='word_1_508' title='bbox 1817 3325 1976 3396; x_wconf 89' lang='lat' dir='ltr'><strong>nos.]</strong></span> 
     </span>
    </p>
   </div>
   <div class='ocr_carea' id='block_1_68' title="bbox 536 3417 2120 3486">
    <p class='ocr_par' dir='ltr' id='par_1_68' title="bbox 536 3417 2120 3486">
     <span class='ocr_line' id='line_1_68' title="bbox 536 3417 2120 3486; baseline -0.003 -14"><span class='ocrx_word' id='word_1_509' title='bbox 536 3419 577 3486; x_wconf 67' lang='grc' dir='ltr'><strong>οξ-</strong></span> <span class='ocrx_word' id='word_1_510' title='bbox 614 3417 719 3472; x_wconf 86' lang='lat' dir='ltr'><strong>Ubi</strong></span> <span class='ocrx_word' id='word_1_511' title='bbox 750 3421 804 3474; x_wconf 91' lang='lat' dir='ltr'><strong>S.</strong></span> <span class='ocrx_word' id='word_1_512' title='bbox 838 3420 1207 3486; x_wconf 84' lang='lat' dir='ltr'><strong>Augustinus</strong></span> <span class='ocrx_word' id='word_1_513' title='bbox 1234 3418 1293 3472; x_wconf 91' lang='lat' dir='ltr'><strong>in</strong></span> <span class='ocrx_word' id='word_1_514' title='bbox 1323 3417 1665 3473; x_wconf 89' lang='lat' dir='ltr'><strong>testimonio</strong></span> <span class='ocrx_word' id='word_1_515' title='bbox 1695 3419 1950 3470; x_wconf 86' lang='lat' dir='ltr'><strong>Actuum</strong></span> <span class='ocrx_word' id='word_1_516' title='bbox 1977 3429 2120 3486; x_wconf 91' lang='lat' dir='ltr'><strong>apo-</strong></span> 
     </span>
    </p>
   </div>
   <div class='ocr_carea' id='block_1_69' title="bbox 466 3502 2120 3576">
    <p class='ocr_par' dir='ltr' id='par_1_69' title="bbox 466 3502 2120 3576">
     <span class='ocr_line' id='line_1_69' title="bbox 466 3502 2120 3576; baseline -0.002 -18"><span class='ocrx_word' id='word_1_517' title='bbox 466 3505 754 3559; x_wconf 88' lang='lat' dir='ltr'><strong>stolorum</strong></span> <span class='ocrx_word' id='word_1_518' title='bbox 794 3506 995 3576; x_wconf 87' lang='lat' dir='ltr'><strong>posuit</strong></span> <span class='ocrx_word' id='word_1_519' title='bbox 1036 3506 1513 3574; x_wconf 71' lang='lat' dir='ltr'><strong>praedestinavit,</strong></span> <span class='ocrx_word' id='word_1_520' title='bbox 1546 3503 1626 3558; x_wconf 88' lang='lat' dir='ltr'><strong>ibi</strong></span> <span class='ocrx_word' id='word_1_521' title='bbox 1669 3503 1854 3558; x_wconf 85' lang='lat' dir='ltr'><strong>nostri</strong></span> <span class='ocrx_word' id='word_1_522' title='bbox 1884 3502 2120 3558; x_wconf 90' lang='lat' dir='ltr'><strong>codices</strong></span> 
     </span>
    </p>
   </div>
   <div class='ocr_carea' id='block_1_70' title="bbox 467 3591 1000 3648">
    <p class='ocr_par' dir='ltr' id='par_1_70' title="bbox 467 3591 1000 3648">
     <span class='ocr_line' id='line_1_70' title="bbox 467 3591 1000 3648; baseline 0 -2"><span class='ocrx_word' id='word_1_523' title='bbox 467 3591 692 3648; x_wconf 85' lang='lat' dir='ltr'><strong>habent</strong></span> <span class='ocrx_word' id='word_1_524' title='bbox 720 3593 1000 3648; x_wconf 84' lang='lat' dir='ltr'><strong>decrevit.</strong></span> 
     </span>
    </p>
   </div>
   <div class='ocr_carea' id='block_1_71' title="bbox 541 3678 2123 3751">
    <p class='ocr_par' dir='ltr' id='par_1_71' title="bbox 541 3678 2123 3751">
     <span class='ocr_line' id='line_1_71' title="bbox 541 3678 2123 3751; baseline -0.001 -17"><span class='ocrx_word' id='word_1_525' title='bbox 541 3679 702 3735; x_wconf 88' lang='lat' dir='ltr'><strong>Idem</strong></span> <span class='ocrx_word' id='word_1_526' title='bbox 725 3679 798 3735; x_wconf 92' lang='lat' dir='ltr'><strong>de</strong></span> <span class='ocrx_word' id='word_1_527' title='bbox 815 3680 1024 3736; x_wconf 86' lang='lat' dir='ltr'><strong>Genesi</strong></span> <span class='ocrx_word' id='word_1_528' title='bbox 1047 3679 1124 3735; x_wconf 90' lang='lat' dir='ltr'><strong>ad</strong></span> <span class='ocrx_word' id='word_1_529' title='bbox 1147 3679 1254 3736; x_wconf 91' lang='lat' dir='ltr'><strong>litt.</strong></span> <span class='ocrx_word' id='word_1_530' title='bbox 1271 3679 1373 3736; x_wconf 90' lang='lat' dir='ltr'><strong>lib.</strong></span> <span class='ocrx_word' id='word_1_531' title='bbox 1392 3697 1445 3736; x_wconf 78' lang='lat' dir='ltr'><strong>Ix</strong></span> <span class='ocrx_word' id='word_1_532' title='bbox 1467 3681 1536 3751; x_wconf 93' lang='lat' dir='ltr'><strong>(c.</strong></span> <span class='ocrx_word' id='word_1_533' title='bbox 1551 3681 1626 3750; x_wconf 70' lang='lat'><strong>4):</strong></span> <span class='ocrx_word' id='word_1_534' title='bbox 1650 3681 1790 3751; x_wconf 90' lang='lat' dir='ltr'><strong>[Cur</strong></span> <span class='ocrx_word' id='word_1_535' title='bbox 1809 3693 1952 3749; x_wconf 92' lang='lat' dir='ltr'><strong>ergo</strong></span> <span class='ocrx_word' id='word_1_536' title='bbox 1973 3678 2123 3734; x_wconf 83' lang='lat' dir='ltr'><strong>coie-</strong></span> 
     </span>
    </p>
   </div>
   <div class='ocr_carea' id='block_1_72' title="bbox 467 3767 2124 3841">
    <p class='ocr_par' dir='ltr' id='par_1_72' title="bbox 467 3767 2124 3841">
     <span class='ocr_line' id='line_1_72' title="bbox 467 3767 2124 3841; baseline 0.001 -18"><span class='ocrx_word' id='word_1_537' title='bbox 467 3771 624 3834; x_wconf 88' lang='lat' dir='ltr'><strong>runt,</strong></span> <span class='ocrx_word' id='word_1_538' title='bbox 640 3768 754 3823; x_wconf 87' lang='lat' dir='ltr'><strong>nisi</strong></span> <span class='ocrx_word' id='word_1_539' title='bbox 770 3785 908 3824; x_wconf 91' lang='lat' dir='ltr'><strong>cum</strong></span> <span class='ocrx_word' id='word_1_540' title='bbox 931 3769 1190 3825; x_wconf 86' lang='lat' dir='ltr'><strong>exissent</strong></span> <span class='ocrx_word' id='word_1_541' title='bbox 1209 3769 1284 3824; x_wconf 92' lang='lat' dir='ltr'><strong>de</strong></span> <span class='ocrx_word' id='word_1_542' title='bbox 1296 3769 1609 3841; x_wconf 85' lang='lat' dir='ltr'><strong>paradiso?</strong></span> <span class='ocrx_word' id='word_1_543' title='bbox 1631 3769 1754 3825; x_wconf 86' lang='lat' dir='ltr'><strong>Cito</strong></span> <span class='ocrx_word' id='word_1_544' title='bbox 1770 3767 2124 3840; x_wconf 89' lang='lat' dir='ltr'><strong>responderi</strong></span> 
     </span>
    </p>
   </div>
   <div class='ocr_carea' id='block_1_73' title="bbox 467 3857 2120 3931">
    <p class='ocr_par' dir='ltr' id='par_1_73' title="bbox 467 3857 2120 3931">
     <span class='ocr_line' id='line_1_73' title="bbox 467 3857 2120 3931; baseline -0.001 -18"><span class='ocrx_word' id='word_1_545' title='bbox 467 3862 678 3929; x_wconf 89' lang='lat' dir='ltr'><strong>potest:</strong></span> <span class='ocrx_word' id='word_1_546' title='bbox 695 3858 838 3930; x_wconf 91' lang='lat' dir='ltr'><strong>quia</strong></span> <span class='ocrx_word' id='word_1_547' title='bbox 849 3863 1217 3925; x_wconf 87' lang='lat' dir='ltr'><strong>mox,creata</strong></span> <span class='ocrx_word' id='word_1_548' title='bbox 1231 3859 1494 3930; x_wconf 88' lang='lat' dir='ltr'><strong>muliere,</strong></span> <span class='ocrx_word' id='word_1_549' title='bbox 1509 3860 1861 3931; x_wconf 88' lang='lat' dir='ltr'><strong>priusquam</strong></span> <span class='ocrx_word' id='word_1_550' title='bbox 1877 3857 2120 3924; x_wconf 86' lang='lat' dir='ltr'><strong>coirent,</strong></span> 
     </span>
    </p>
   </div>
   <div class='ocr_carea' id='block_1_74' title="bbox 469 3946 2123 4019">
    <p class='ocr_par' dir='ltr' id='par_1_74' title="bbox 469 3946 2123 4019">
     <span class='ocr_line' id='line_1_74' title="bbox 469 3946 2123 4019; baseline 0 -17"><span class='ocrx_word' id='word_1_551' title='bbox 469 3946 626 4003; x_wconf 87' lang='lat' dir='ltr'><strong>facta</strong></span> <span class='ocrx_word' id='word_1_552' title='bbox 646 3954 738 4003; x_wconf 91' lang='lat' dir='ltr'><strong>est</strong></span> <span class='ocrx_word' id='word_1_553' title='bbox 756 3947 858 4004; x_wconf 92' lang='lat' dir='ltr'><strong>illa</strong></span> <span class='ocrx_word' id='word_1_554' title='bbox 880 3949 1302 4019; x_wconf 87' lang='lat' dir='ltr'><strong>transgressio,</strong></span> <span class='ocrx_word' id='word_1_555' title='bbox 1330 3949 1504 4019; x_wconf 91' lang='lat' dir='ltr'><strong>cujus</strong></span> <span class='ocrx_word' id='word_1_556' title='bbox 1527 3949 1738 4004; x_wconf 88' lang='lat' dir='ltr'><strong>merito</strong></span> <span class='ocrx_word' id='word_1_557' title='bbox 1777 3948 1838 4002; x_wconf 92' lang='lat' dir='ltr'><strong>in</strong></span> <span class='ocrx_word' id='word_1_558' title='bbox 1869 3951 2123 4003; x_wconf 89' lang='lat' dir='ltr'><strong>mortem</strong></span> 
     </span>
    </p>
   </div>
   <div class='ocr_carea' id='block_1_75' title="bbox 469 4035 2123 4109">
    <p class='ocr_par' dir='ltr' id='par_1_75' title="bbox 469 4035 2123 4109">
     <span class='ocr_line' id='line_1_75' title="bbox 469 4035 2123 4109; baseline 0.001 -18"><span class='ocrx_word' id='word_1_559' title='bbox 469 4035 808 4102; x_wconf 86' lang='lat' dir='ltr'><strong>destinavit,</strong></span> <span class='ocrx_word' id='word_1_560' title='bbox 841 4038 1020 4093; x_wconf 89' lang='lat' dir='ltr'><strong>etiam</strong></span> <span class='ocrx_word' id='word_1_561' title='bbox 1052 4038 1126 4093; x_wconf 88' lang='lat' dir='ltr'><strong>de</strong></span> <span class='ocrx_word' id='word_1_562' title='bbox 1152 4038 1282 4094; x_wconf 94' lang='lat' dir='ltr'><strong>loco</strong></span> <span class='ocrx_word' id='word_1_563' title='bbox 1305 4037 1461 4093; x_wconf 90' lang='lat' dir='ltr'><strong>illius</strong></span> <span class='ocrx_word' id='word_1_564' title='bbox 1491 4037 1784 4094; x_wconf 86' lang='lat' dir='ltr'><strong>felicitatis</strong></span> <span class='ocrx_word' id='word_1_565' title='bbox 1811 4037 2123 4109; x_wconf 88' lang='lat' dir='ltr'><strong>exicrunt.]</strong></span> 
     </span>
    </p>
   </div>
   <div class='ocr_carea' id='block_1_76' title="bbox 540 4125 2120 4196">
    <p class='ocr_par' dir='ltr' id='par_1_76' title="bbox 540 4125 2120 4196">
     <span class='ocr_line' id='line_1_76' title="bbox 540 4125 2120 4196; baseline 0.001 -16"><span class='ocrx_word' id='word_1_566' title='bbox 540 4127 582 4193; x_wconf 54' lang='grc' dir='ltr'><strong>λι-</strong></span> <span class='ocrx_word' id='word_1_567' title='bbox 640 4125 952 4195; x_wconf 83' lang='lat' dir='ltr'><strong>Gregorius</strong></span> <span class='ocrx_word' id='word_1_568' title='bbox 1000 4127 1060 4181; x_wconf 94' lang='lat' dir='ltr'><strong>in</strong></span> <span class='ocrx_word' id='word_1_569' title='bbox 1111 4127 1427 4183; x_wconf 87' lang='lat' dir='ltr'><strong>Moralibus</strong></span> <span class='ocrx_word' id='word_1_570' title='bbox 1484 4126 1637 4183; x_wconf 90' lang='lat' dir='ltr'><strong>libro</strong></span> <span class='ocrx_word' id='word_1_571' title='bbox 1683 4142 1865 4182; x_wconf 82' lang='lat' dir='ltr'><strong>xxvui</strong></span> <span class='ocrx_word' id='word_1_572' title='bbox 1909 4126 1984 4196; x_wconf 91' lang='lat' dir='ltr'><strong>(c.</strong></span> <span class='ocrx_word' id='word_1_573' title='bbox 2019 4127 2120 4194; x_wconf 85' lang='lat'><strong>6):</strong></span> 
     </span>
    </p>
   </div>
   <div class='ocr_carea' id='block_1_77' title="bbox 470 4213 2124 4288">
    <p class='ocr_par' dir='ltr' id='par_1_77' title="bbox 470 4213 2124 4288">
     <span class='ocr_line' id='line_1_77' title="bbox 470 4213 2124 4288; baseline 0 -20"><span class='ocrx_word' id='word_1_574' title='bbox 470 4213 666 4284; x_wconf 85' lang='lat' dir='ltr'><strong>[Quod</strong></span> <span class='ocrx_word' id='word_1_575' title='bbox 695 4213 916 4269; x_wconf 91' lang='lat' dir='ltr'><strong>idcirco</strong></span> <span class='ocrx_word' id='word_1_576' title='bbox 939 4231 974 4271; x_wconf 89' lang='lat' dir='ltr'><strong>a</strong></span> <span class='ocrx_word' id='word_1_577' title='bbox 1001 4217 1252 4272; x_wconf 90' lang='lat' dir='ltr'><strong>Domino</strong></span> <span class='ocrx_word' id='word_1_578' title='bbox 1277 4217 1406 4286; x_wconf 89' lang='lat' dir='ltr'><strong>jam</strong></span> <span class='ocrx_word' id='word_1_579' title='bbox 1433 4216 1608 4288; x_wconf 90' lang='lat' dir='ltr'><strong>quasi</strong></span> <span class='ocrx_word' id='word_1_580' title='bbox 1637 4215 1999 4287; x_wconf 61' lang='lat' dir='ltr'><strong>prmteritum</strong></span> <span class='ocrx_word' id='word_1_581' title='bbox 2025 4214 2124 4268; x_wconf 91' lang='lat' dir='ltr'><strong>de-</strong></span> 
     </span>
    </p>
   </div>
   <div class='ocr_carea' id='block_1_78' title="bbox 471 4302 2122 4378">
    <p class='ocr_par' dir='ltr' id='par_1_78' title="bbox 471 4302 2122 4378">
     <span class='ocr_line' id='line_1_78' title="bbox 471 4302 2122 4378; baseline 0 -20"><span class='ocrx_word' id='word_1_582' title='bbox 471 4302 765 4366; x_wconf 86' lang='lat' dir='ltr'><strong>scribitur,</strong></span> <span class='ocrx_word' id='word_1_583' title='bbox 792 4305 934 4376; x_wconf 89' lang='lat' dir='ltr'><strong>quia</strong></span> <span class='ocrx_word' id='word_1_584' title='bbox 963 4305 1263 4378; x_wconf 88' lang='lat' dir='ltr'><strong>quidquid</strong></span> <span class='ocrx_word' id='word_1_585' title='bbox 1293 4306 1452 4361; x_wconf 88' lang='lat' dir='ltr'><strong>foras</strong></span> <span class='ocrx_word' id='word_1_586' title='bbox 1482 4307 1748 4360; x_wconf 84' lang='lat' dir='ltr'><strong>futurum</strong></span> <span class='ocrx_word' id='word_1_587' title='bbox 1773 4308 1865 4360; x_wconf 91' lang='lat' dir='ltr'><strong>est</strong></span> <span class='ocrx_word' id='word_1_588' title='bbox 1893 4305 1952 4359; x_wconf 91' lang='lat' dir='ltr'><strong>in</strong></span> <span class='ocrx_word' id='word_1_589' title='bbox 1984 4319 2122 4376; x_wconf 91' lang='lat' dir='ltr'><strong>ope-</strong></span> 
     </span>
    </p>
   </div>
   <div class='ocr_carea' id='block_1_79' title="bbox 470 4394 1944 4467">
    <p class='ocr_par' dir='ltr' id='par_1_79' title="bbox 470 4394 1944 4467">
     <span class='ocr_line' id='line_1_79' title="bbox 470 4394 1944 4467; baseline 0 -19"><span class='ocrx_word' id='word_1_590' title='bbox 470 4409 555 4460; x_wconf 88' lang='lat' dir='ltr'><strong>re,</strong></span> <span class='ocrx_word' id='word_1_591' title='bbox 583 4394 742 4449; x_wconf 89' lang='lat' dir='ltr'><strong>intus</strong></span> <span class='ocrx_word' id='word_1_592' title='bbox 771 4395 894 4465; x_wconf 89' lang='lat' dir='ltr'><strong>jam</strong></span> <span class='ocrx_word' id='word_1_593' title='bbox 925 4396 1147 4452; x_wconf 83' lang='lat' dir='ltr'><strong>factum</strong></span> <span class='ocrx_word' id='word_1_594' title='bbox 1179 4403 1266 4451; x_wconf 90' lang='lat' dir='ltr'><strong>est</strong></span> <span class='ocrx_word' id='word_1_595' title='bbox 1290 4396 1349 4451; x_wconf 92' lang='lat' dir='ltr'><strong>in</strong></span> <span class='ocrx_word' id='word_1_596' title='bbox 1375 4394 1944 4467; x_wconf 69' lang='lat' dir='ltr'><strong>praedestinatione.]</strong></span> 
     </span>
    </p>
   </div>
   <div class='ocr_carea' id='block_1_80' title="bbox 543 4483 2125 4556">
    <p class='ocr_par' dir='ltr' id='par_1_80' title="bbox 543 4483 2125 4556">
     <span class='ocr_line' id='line_1_80' title="bbox 543 4483 2125 4556; baseline 0.001 -18"><span class='ocrx_word' id='word_1_597' title='bbox 543 4485 584 4553; x_wconf 65' lang='grc' dir='ltr'><strong>-ξ-</strong></span> <span class='ocrx_word' id='word_1_598' title='bbox 617 4483 780 4540; x_wconf 90' lang='lat' dir='ltr'><strong>ldem</strong></span> <span class='ocrx_word' id='word_1_599' title='bbox 827 4484 886 4540; x_wconf 92' lang='lat' dir='ltr'><strong>in</strong></span> <span class='ocrx_word' id='word_1_600' title='bbox 916 4485 1019 4540; x_wconf 90' lang='lat' dir='ltr'><strong>lib.</strong></span> <span class='ocrx_word' id='word_1_601' title='bbox 1051 4501 1151 4539; x_wconf 83' lang='lat' dir='ltr'><strong>x1x</strong></span> <span class='ocrx_word' id='word_1_602' title='bbox 1200 4485 1272 4556; x_wconf 96' lang='lat' dir='ltr'><strong>(c.</strong></span> <span class='ocrx_word' id='word_1_603' title='bbox 1301 4484 1402 4539; x_wconf 87' lang='lat' dir='ltr'><strong>ult.</strong></span> <span class='ocrx_word' id='word_1_604' title='bbox 1454 4483 1566 4539; x_wconf 90' lang='lat' dir='ltr'><strong>sub</strong></span> <span class='ocrx_word' id='word_1_605' title='bbox 1594 4483 1796 4553; x_wconf 88' lang='lat' dir='ltr'><strong>ﬁnem)</strong></span> <span class='ocrx_word' id='word_1_606' title='bbox 1833 4500 1844 4538; x_wconf 92' lang='lat'><strong>:</strong></span> <span class='ocrx_word' id='word_1_607' title='bbox 1875 4484 2125 4544; x_wconf 88' lang='lat' dir='ltr'><strong>[Arcum</strong></span> 
     </span>
    </p>
   </div>
   <div class='ocr_carea' id='block_1_81' title="bbox 470 4572 2126 4646">
    <p class='ocr_par' dir='ltr' id='par_1_81' title="bbox 470 4572 2126 4646">
     <span class='ocr_line' id='line_1_81' title="bbox 470 4572 2126 4646; baseline -0.001 -18"><span class='ocrx_word' id='word_1_608' title='bbox 470 4588 735 4646; x_wconf 88' lang='lat' dir='ltr'><strong>namque</strong></span> <span class='ocrx_word' id='word_1_609' title='bbox 763 4589 936 4631; x_wconf 87' lang='lat' dir='ltr'><strong>suum</strong></span> <span class='ocrx_word' id='word_1_610' title='bbox 962 4575 1249 4630; x_wconf 88' lang='lat' dir='ltr'><strong>Dominus</strong></span> <span class='ocrx_word' id='word_1_611' title='bbox 1280 4573 1548 4644; x_wconf 87' lang='lat' dir='ltr'><strong>tetendit,</strong></span> <span class='ocrx_word' id='word_1_612' title='bbox 1570 4572 1714 4645; x_wconf 90' lang='lat' dir='ltr'><strong>quia</strong></span> <span class='ocrx_word' id='word_1_613' title='bbox 1734 4572 1964 4628; x_wconf 89' lang='lat' dir='ltr'><strong>cunctis</strong></span> <span class='ocrx_word' id='word_1_614' title='bbox 1992 4588 2126 4645; x_wconf 89' lang='lat' dir='ltr'><strong>pec-</strong></span> 
     </span>
    </p>
   </div>
   <div class='ocr_carea' id='block_1_82' title="bbox 472 4661 2125 4738">
    <p class='ocr_par' dir='ltr' id='par_1_82' title="bbox 472 4661 2125 4738">
     <span class='ocr_line' id='line_1_82' title="bbox 472 4661 2125 4738; baseline -0.001 -20"><span class='ocrx_word' id='word_1_615' title='bbox 472 4665 773 4721; x_wconf 87' lang='lat' dir='ltr'><strong>catoribus</strong></span> <span class='ocrx_word' id='word_1_616' title='bbox 795 4681 902 4738; x_wconf 90' lang='lat' dir='ltr'><strong>per</strong></span> <span class='ocrx_word' id='word_1_617' title='bbox 934 4665 1299 4737; x_wconf 86' lang='lat' dir='ltr'><strong>Scripturam</strong></span> <span class='ocrx_word' id='word_1_618' title='bbox 1324 4679 1561 4720; x_wconf 88' lang='lat' dir='ltr'><strong>sacram</strong></span> <span class='ocrx_word' id='word_1_619' title='bbox 1591 4662 1788 4719; x_wconf 89' lang='lat' dir='ltr'><strong>minas</strong></span> <span class='ocrx_word' id='word_1_620' title='bbox 1817 4661 2125 4731; x_wconf 85' lang='lat' dir='ltr'><strong>exhibuit;</strong></span> 
     </span>
    </p>
   </div>
   <div class='ocr_carea' id='block_1_83' title="bbox 473 4751 2126 4826">
    <p class='ocr_par' dir='ltr' id='par_1_83' title="bbox 473 4751 2126 4826">
     <span class='ocr_line' id='line_1_83' title="bbox 473 4751 2126 4826; baseline 0.001 -20"><span class='ocrx_word' id='word_1_621' title='bbox 473 4751 532 4808; x_wconf 90' lang='lat' dir='ltr'><strong>in</strong></span> <span class='ocrx_word' id='word_1_622' title='bbox 561 4770 682 4826; x_wconf 88' lang='lat' dir='ltr'><strong>quo</strong></span> <span class='ocrx_word' id='word_1_623' title='bbox 713 4771 857 4810; x_wconf 87' lang='lat' dir='ltr'><strong>arcu</strong></span> <span class='ocrx_word' id='word_1_624' title='bbox 888 4755 1108 4811; x_wconf 90' lang='lat' dir='ltr'><strong>scilicet</strong></span> <span class='ocrx_word' id='word_1_625' title='bbox 1137 4770 1284 4810; x_wconf 90' lang='lat' dir='ltr'><strong>vasa</strong></span> <span class='ocrx_word' id='word_1_626' title='bbox 1327 4753 1535 4810; x_wconf 88' lang='lat' dir='ltr'><strong>mortis</strong></span> <span class='ocrx_word' id='word_1_627' title='bbox 1579 4759 1881 4826; x_wconf 83' lang='lat' dir='ltr'><strong>praeparat</strong></span> <span class='ocrx_word' id='word_1_628' title='bbox 1913 4769 1925 4806; x_wconf 87' lang='lat'><strong>:</strong></span> <span class='ocrx_word' id='word_1_629' title='bbox 1959 4752 2126 4824; x_wconf 89' lang='lat' dir='ltr'><strong>quia,</strong></span> 
     </span>
    </p>
   </div>
   <div class='ocr_carea' id='block_1_84' title="bbox 474 4843 2129 4918">
    <p class='ocr_par' dir='ltr' id='par_1_84' title="bbox 474 4843 2129 4918">
     <span class='ocr_line' id='line_1_84' title="bbox 474 4843 2129 4918; baseline 0.002 -24"><span class='ocrx_word' id='word_1_630' title='bbox 474 4846 806 4900; x_wconf 90' lang='lat' dir='ltr'><strong>secundum</strong></span> <span class='ocrx_word' id='word_1_631' title='bbox 857 4845 1079 4918; x_wconf 91' lang='lat' dir='ltr'><strong>eloquii</strong></span> <span class='ocrx_word' id='word_1_632' title='bbox 1132 4845 1224 4901; x_wconf 87' lang='lat' dir='ltr'><strong>sui</strong></span> <span class='ocrx_word' id='word_1_633' title='bbox 1279 4845 1658 4908; x_wconf 88' lang='lat' dir='ltr'><strong>sententiam,</strong></span> <span class='ocrx_word' id='word_1_634' title='bbox 1691 4859 1794 4900; x_wconf 86' lang='lat' dir='ltr'><strong>eos</strong></span> <span class='ocrx_word' id='word_1_635' title='bbox 1821 4843 1926 4916; x_wconf 87' lang='lat' dir='ltr'><strong>qui</strong></span> <span class='ocrx_word' id='word_1_636' title='bbox 1967 4857 2129 4898; x_wconf 90' lang='lat' dir='ltr'><strong>nunc</strong></span> 
     </span>
    </p>
   </div>
   <div class='ocr_carea' id='block_1_85' title="bbox 476 4930 1687 5005">
    <p class='ocr_par' dir='ltr' id='par_1_85' title="bbox 476 4930 1687 5005">
     <span class='ocr_line' id='line_1_85' title="bbox 476 4930 1687 5005; baseline 0.007 -25"><span class='ocrx_word' id='word_1_637' title='bbox 476 4930 690 4996; x_wconf 89' lang='lat' dir='ltr'><strong>corrigi</strong></span> <span class='ocrx_word' id='word_1_638' title='bbox 714 4932 1039 5000; x_wconf 86' lang='lat' dir='ltr'><strong>negligunt,</strong></span> <span class='ocrx_word' id='word_1_639' title='bbox 1065 4933 1355 5005; x_wconf 88' lang='lat' dir='ltr'><strong>reprobos</strong></span> <span class='ocrx_word' id='word_1_640' title='bbox 1387 4933 1687 5002; x_wconf 60' lang='lat' dir='ltr'><strong>damnat]</strong></span> 
     </span>
    </p>
   </div>
   <div class='ocr_carea' id='block_1_86' title="bbox 546 5015 2130 5095">
    <p class='ocr_par' dir='ltr' id='par_1_86' title="bbox 546 5015 2130 5095">
     <span class='ocr_line' id='line_1_86' title="bbox 546 5015 2130 5095; baseline 0.005 -27"><span class='ocrx_word' id='word_1_641' title='bbox 546 5018 588 5084; x_wconf 67' lang='grc' dir='ltr'><strong>-ί-</strong></span> <span class='ocrx_word' id='word_1_642' title='bbox 614 5015 778 5072; x_wconf 88' lang='lat' dir='ltr'><strong>Idem</strong></span> <span class='ocrx_word' id='word_1_643' title='bbox 809 5021 1006 5089; x_wconf 87' lang='lat' dir='ltr'><strong>(Ibid.,</strong></span> <span class='ocrx_word' id='word_1_644' title='bbox 1034 5040 1131 5090; x_wconf 88' lang='lat' dir='ltr'><strong>xv,</strong></span> <span class='ocrx_word' id='word_1_645' title='bbox 1161 5039 1296 5095; x_wconf 91' lang='lat' dir='ltr'><strong>cap.</strong></span> <span class='ocrx_word' id='word_1_646' title='bbox 1323 5025 1414 5094; x_wconf 91' lang='lat'><strong>30)</strong></span> <span class='ocrx_word' id='word_1_647' title='bbox 1449 5041 1461 5075; x_wconf 89' lang='lat'><strong>:</strong></span> <span class='ocrx_word' id='word_1_648' title='bbox 1504 5025 1671 5094; x_wconf 88' lang='lat' dir='ltr'><strong>[Ante</strong></span> <span class='ocrx_word' id='word_1_649' title='bbox 1701 5022 2130 5094; x_wconf 89' lang='lat' dir='ltr'><strong>omnipotentis</strong></span> 
     </span>
    </p>
   </div>
   <div class='ocr_carea' id='block_1_87' title="bbox 479 5104 2133 5184">
    <p class='ocr_par' dir='ltr' id='par_1_87' title="bbox 479 5104 2133 5184">
     <span class='ocr_line' id='line_1_87' title="bbox 479 5104 2133 5184; baseline 0.002 -24"><span class='ocrx_word' id='word_1_650' title='bbox 479 5105 580 5160; x_wconf 91' lang='lat' dir='ltr'><strong>Dei</strong></span> <span class='ocrx_word' id='word_1_651' title='bbox 611 5104 816 5161; x_wconf 91' lang='lat' dir='ltr'><strong>oculos</strong></span> <span class='ocrx_word' id='word_1_652' title='bbox 847 5108 1032 5180; x_wconf 88' lang='lat' dir='ltr'><strong>iniqui</strong></span> <span class='ocrx_word' id='word_1_653' title='bbox 1063 5112 1180 5167; x_wconf 89' lang='lat' dir='ltr'><strong>vita</strong></span> <span class='ocrx_word' id='word_1_654' title='bbox 1200 5113 1401 5168; x_wconf 82' lang='lat' dir='ltr'><strong>favilla</strong></span> <span class='ocrx_word' id='word_1_655' title='bbox 1423 5118 1541 5180; x_wconf 87' lang='lat' dir='ltr'><strong>est;</strong></span> <span class='ocrx_word' id='word_1_656' title='bbox 1567 5113 1727 5184; x_wconf 91' lang='lat' dir='ltr'><strong>quia,</strong></span> <span class='ocrx_word' id='word_1_657' title='bbox 1751 5111 1856 5167; x_wconf 87' lang='lat' dir='ltr'><strong>etsi</strong></span> <span class='ocrx_word' id='word_1_658' title='bbox 1880 5114 2133 5182; x_wconf 86' lang='lat' dir='ltr'><strong>apparet</strong></span> 
     </span>
    </p>
   </div>
   <div class='ocr_carea' id='block_1_88' title="bbox 479 5193 2130 5272">
    <p class='ocr_par' dir='ltr' id='par_1_88' title="bbox 479 5193 2130 5272">
     <span class='ocr_line' id='line_1_88' title="bbox 479 5193 2130 5272; baseline 0.001 -20"><span class='ocrx_word' id='word_1_659' title='bbox 479 5193 559 5252; x_wconf 86' lang='lat' dir='ltr'><strong>ad</strong></span> <span class='ocrx_word' id='word_1_660' title='bbox 585 5201 960 5252; x_wconf 89' lang='lat' dir='ltr'><strong>momentum</strong></span> <span class='ocrx_word' id='word_1_661' title='bbox 993 5199 1215 5265; x_wconf 91' lang='lat' dir='ltr'><strong>viridis,</strong></span> <span class='ocrx_word' id='word_1_662' title='bbox 1243 5201 1320 5255; x_wconf 91' lang='lat' dir='ltr'><strong>ab</strong></span> <span class='ocrx_word' id='word_1_663' title='bbox 1351 5202 1478 5272; x_wconf 89' lang='lat' dir='ltr'><strong>ejus</strong></span> <span class='ocrx_word' id='word_1_664' title='bbox 1509 5205 1709 5257; x_wconf 78' lang='lat' dir='ltr'><strong>tamen</strong></span> <span class='ocrx_word' id='word_1_665' title='bbox 1753 5200 1979 5270; x_wconf 91' lang='lat' dir='ltr'><strong>judicio</strong></span> <span class='ocrx_word' id='word_1_666' title='bbox 2001 5199 2130 5268; x_wconf 91' lang='lat' dir='ltr'><strong>jam</strong></span> 
     </span>
    </p>
   </div>
   <div class='ocr_carea' id='block_1_89' title="bbox 481 5285 2130 5360">
    <p class='ocr_par' dir='ltr' id='par_1_89' title="bbox 481 5285 2130 5360">
     <span class='ocr_line' id='line_1_89' title="bbox 481 5285 2130 5360; baseline 0.001 -20"><span class='ocrx_word' id='word_1_667' title='bbox 481 5290 840 5358; x_wconf 85' lang='lat' dir='ltr'><strong>consumpta</strong></span> <span class='ocrx_word' id='word_1_668' title='bbox 873 5285 1165 5342; x_wconf 89' lang='lat' dir='ltr'><strong>cernitur:</strong></span> <span class='ocrx_word' id='word_1_669' title='bbox 1193 5289 1336 5358; x_wconf 88' lang='lat' dir='ltr'><strong>quia</strong></span> <span class='ocrx_word' id='word_1_670' title='bbox 1373 5289 1814 5360; x_wconf 87' lang='lat' dir='ltr'><strong>consumptioni</strong></span> <span class='ocrx_word' id='word_1_671' title='bbox 1845 5293 1931 5344; x_wconf 83' lang='lat' dir='ltr'><strong>est</strong></span> <span class='ocrx_word' id='word_1_672' title='bbox 1962 5291 2130 5342; x_wconf 69' lang='lat' dir='ltr'><strong>aeter-</strong></span> 
     </span>
    </p>
   </div>
   <div class='ocr_carea' id='block_1_90' title="bbox 479 5375 932 5446">
    <p class='ocr_par' dir='ltr' id='par_1_90' title="bbox 479 5375 932 5446">
     <span class='ocr_line' id='line_1_90' title="bbox 479 5375 932 5446; baseline 0.009 -18"><span class='ocrx_word' id='word_1_673' title='bbox 479 5388 573 5428; x_wconf 69' lang='lat' dir='ltr'><strong>nae</strong></span> <span class='ocrx_word' id='word_1_674' title='bbox 601 5375 932 5446; x_wconf 68' lang='lat' dir='ltr'><strong>deputata.)</strong></span> 
     </span>
    </p>
   </div>
   <div class='ocr_carea' id='block_1_91' title="bbox 552 5463 2132 5538">
    <p class='ocr_par' dir='ltr' id='par_1_91' title="bbox 552 5463 2132 5538">
     <span class='ocr_line' id='line_1_91' title="bbox 552 5463 2132 5538; baseline 0.006 -24"><span class='ocrx_word' id='word_1_675' title='bbox 552 5465 593 5533; x_wconf 77' lang='grc' dir='ltr'><strong>-ι-</strong></span> <span class='ocrx_word' id='word_1_676' title='bbox 625 5463 785 5519; x_wconf 90' lang='lat' dir='ltr'><strong>Idem</strong></span> <span class='ocrx_word' id='word_1_677' title='bbox 819 5466 986 5535; x_wconf 79' lang='lat' dir='ltr'><strong>(Ibid.</strong></span> <span class='ocrx_word' id='word_1_678' title='bbox 1013 5464 1052 5520; x_wconf 91' lang='lat' dir='ltr'><strong>l.</strong></span> <span class='ocrx_word' id='word_1_679' title='bbox 1085 5479 1205 5531; x_wconf 79' lang='lat' dir='ltr'><strong>xw,</strong></span> <span class='ocrx_word' id='word_1_680' title='bbox 1239 5479 1290 5519; x_wconf 93' lang='lat' dir='ltr'><strong>c.</strong></span> <span class='ocrx_word' id='word_1_681' title='bbox 1312 5463 1405 5531; x_wconf 86' lang='lat'><strong>28)</strong></span> <span class='ocrx_word' id='word_1_682' title='bbox 1432 5482 1443 5519; x_wconf 91' lang='lat'><strong>:</strong></span> <span class='ocrx_word' id='word_1_683' title='bbox 1469 5466 1554 5534; x_wconf 93' lang='lat' dir='ltr'><strong>[In</strong></span> <span class='ocrx_word' id='word_1_684' title='bbox 1581 5469 1748 5519; x_wconf 89' lang='lat' dir='ltr'><strong>utero</strong></span> <span class='ocrx_word' id='word_1_685' title='bbox 1779 5469 1978 5521; x_wconf 88' lang='lat' dir='ltr'><strong>autem</strong></span> <span class='ocrx_word' id='word_1_686' title='bbox 2001 5481 2132 5538; x_wconf 83' lang='lat' dir='ltr'><strong>pro-</strong></span> 
     </span>
    </p>
   </div>
   <div class='ocr_carea' id='block_1_92' title="bbox 480 5551 2134 5628">
    <p class='ocr_par' dir='ltr' id='par_1_92' title="bbox 480 5551 2134 5628">
     <span class='ocr_line' id='line_1_92' title="bbox 480 5551 2134 5628; baseline 0.003 -20"><span class='ocrx_word' id='word_1_687' title='bbox 480 5551 566 5609; x_wconf 92' lang='lat' dir='ltr'><strong>les</strong></span> <span class='ocrx_word' id='word_1_688' title='bbox 587 5553 940 5626; x_wconf 86' lang='lat' dir='ltr'><strong>concipitur,</strong></span> <span class='ocrx_word' id='word_1_689' title='bbox 959 5573 1093 5628; x_wconf 71' lang='lat' dir='ltr'><strong>quae</strong></span> <span class='ocrx_word' id='word_1_690' title='bbox 1115 5555 1174 5611; x_wconf 91' lang='lat' dir='ltr'><strong>in</strong></span> <span class='ocrx_word' id='word_1_691' title='bbox 1203 5555 1317 5610; x_wconf 86' lang='lat' dir='ltr'><strong>hac</strong></span> <span class='ocrx_word' id='word_1_692' title='bbox 1347 5555 1466 5610; x_wconf 87' lang='lat' dir='ltr'><strong>vita</strong></span> <span class='ocrx_word' id='word_1_693' title='bbox 1497 5553 1848 5626; x_wconf 84' lang='lat' dir='ltr'><strong>proferatur.</strong></span> <span class='ocrx_word' id='word_1_694' title='bbox 1875 5555 2027 5622; x_wconf 86' lang='lat' dir='ltr'><strong>Quid</strong></span> <span class='ocrx_word' id='word_1_695' title='bbox 2048 5573 2134 5612; x_wconf 89' lang='lat' dir='ltr'><strong>er-</strong></span> 
     </span>
    </p>
   </div>
   <div class='ocr_carea' id='block_1_93' title="bbox 483 5643 2137 5720">
    <p class='ocr_par' dir='ltr' id='par_1_93' title="bbox 483 5643 2137 5720">
     <span class='ocr_line' id='line_1_93' title="bbox 483 5643 2137 5720; baseline 0.002 -19"><span class='ocrx_word' id='word_1_696' title='bbox 483 5657 560 5713; x_wconf 84' lang='lat' dir='ltr'><strong>go</strong></span> <span class='ocrx_word' id='word_1_697' title='bbox 580 5648 818 5702; x_wconf 90' lang='lat' dir='ltr'><strong>uterum</strong></span> <span class='ocrx_word' id='word_1_698' title='bbox 834 5646 952 5718; x_wconf 89' lang='lat' dir='ltr'><strong>Dei,</strong></span> <span class='ocrx_word' id='word_1_699' title='bbox 974 5647 1088 5703; x_wconf 84' lang='lat' dir='ltr'><strong>nisi</strong></span> <span class='ocrx_word' id='word_1_700' title='bbox 1109 5647 1240 5718; x_wconf 89' lang='lat' dir='ltr'><strong>ejus</strong></span> <span class='ocrx_word' id='word_1_701' title='bbox 1263 5645 1579 5704; x_wconf 84' lang='lat' dir='ltr'><strong>consilium</strong></span> <span class='ocrx_word' id='word_1_702' title='bbox 1595 5643 1886 5703; x_wconf 78' lang='lat' dir='ltr'><strong>debemus</strong></span> <span class='ocrx_word' id='word_1_703' title='bbox 1907 5647 2137 5720; x_wconf 87' lang='lat' dir='ltr'><strong>accipe-</strong></span> 
     </span>
    </p>
   </div>
   <div class='ocr_carea' id='block_1_94' title="bbox 2152 4353 2199 4407">
    <p class='ocr_par' dir='ltr' id='par_1_94' title="bbox 2152 4353 2199 4407">
     <span class='ocr_line' id='line_1_94' title="bbox 2152 4353 2199 4407; baseline 0 0"><span class='ocrx_word' id='word_1_704' title='bbox 2152 4353 2199 4407; x_wconf 93' lang='lat' dir='ltr'><strong>D</strong></span> 
     </span>
    </p>
   </div>
   <div class='ocr_carea' id='block_1_95' title="bbox 2227 3061 3894 3135">
    <p class='ocr_par' dir='ltr' id='par_1_95' title="bbox 2227 3061 3894 3135">
     <span class='ocr_line' id='line_1_95' title="bbox 2227 3061 3894 3135; baseline 0.001 -18"><span class='ocrx_word' id='word_1_705' title='bbox 2227 3062 2488 3135; x_wconf 88' lang='lat' dir='ltr'><strong>apertius</strong></span> <span class='ocrx_word' id='word_1_706' title='bbox 2554 3061 2900 3134; x_wconf 90' lang='lat' dir='ltr'><strong>loquentem</strong></span> <span class='ocrx_word' id='word_1_707' title='bbox 2963 3063 3351 3134; x_wconf 88' lang='lat' dir='ltr'><strong>requirerent,</strong></span> <span class='ocrx_word' id='word_1_708' title='bbox 3409 3079 3515 3118; x_wconf 89' lang='lat' dir='ltr'><strong>cur</strong></span> <span class='ocrx_word' id='word_1_709' title='bbox 3585 3061 3779 3118; x_wconf 89' lang='lat' dir='ltr'><strong>turbis</strong></span> <span class='ocrx_word' id='word_1_710' title='bbox 3828 3063 3894 3119; x_wconf 88' lang='lat' dir='ltr'><strong>in</strong></span> 
     </span>
    </p>
   </div>
   <div class='ocr_carea' id='block_1_96' title="bbox 2227 3149 3892 3223">
    <p class='ocr_par' dir='ltr' id='par_1_96' title="bbox 2227 3149 3892 3223">
     <span class='ocr_line' id='line_1_96' title="bbox 2227 3149 3892 3223; baseline 0.001 -17"><span class='ocrx_word' id='word_1_711' title='bbox 2227 3150 2532 3222; x_wconf 90' lang='lat' dir='ltr'><strong>parabolis</strong></span> <span class='ocrx_word' id='word_1_712' title='bbox 2585 3149 2946 3223; x_wconf 89' lang='lat' dir='ltr'><strong>loqueretur,</strong></span> <span class='ocrx_word' id='word_1_713' title='bbox 3004 3152 3344 3214; x_wconf 85' lang='lat' dir='ltr'><strong>audierunt,</strong></span> <span class='ocrx_word' id='word_1_714' title='bbox 3386 3152 3528 3222; x_wconf 86' lang='lat' dir='ltr'><strong>quia</strong></span> <span class='ocrx_word' id='word_1_715' title='bbox 3575 3152 3738 3208; x_wconf 79' lang='lat' dir='ltr'><strong>vobis</strong></span> <span class='ocrx_word' id='word_1_716' title='bbox 3783 3152 3892 3208; x_wconf 80' lang='lat' dir='ltr'><strong>da-</strong></span> 
     </span>
    </p>
   </div>
   <div class='ocr_carea' id='block_1_97' title="bbox 2228 3241 3893 3310">
    <p class='ocr_par' dir='ltr' id='par_1_97' title="bbox 2228 3241 3893 3310">
     <span class='ocr_line' id='line_1_97' title="bbox 2228 3241 3893 3310; baseline 0.001 -16"><span class='ocrx_word' id='word_1_717' title='bbox 2228 3246 2352 3295; x_wconf 88' lang='lat' dir='ltr'><strong>tum</strong></span> <span class='ocrx_word' id='word_1_718' title='bbox 2409 3246 2494 3295; x_wconf 88' lang='lat' dir='ltr'><strong>est</strong></span> <span class='ocrx_word' id='word_1_719' title='bbox 2551 3255 2717 3295; x_wconf 91' lang='lat' dir='ltr'><strong>nosse</strong></span> <span class='ocrx_word' id='word_1_720' title='bbox 2763 3241 3113 3310; x_wconf 83' lang='lat' dir='ltr'><strong>mysterium</strong></span> <span class='ocrx_word' id='word_1_721' title='bbox 3172 3244 3347 3310; x_wconf 79' lang='lat' dir='ltr'><strong>regni</strong></span> <span class='ocrx_word' id='word_1_722' title='bbox 3399 3241 3712 3306; x_wconf 65' lang='lat' dir='ltr'><strong>calorum,</strong></span> <span class='ocrx_word' id='word_1_723' title='bbox 3766 3241 3893 3296; x_wconf 76' lang='lat' dir='ltr'><strong>illis</strong></span> 
     </span>
    </p>
   </div>
   <div class='ocr_carea' id='block_1_98' title="bbox 2229 3328 3895 3402">
    <p class='ocr_par' dir='ltr' id='par_1_98' title="bbox 2229 3328 3895 3402">
     <span class='ocr_line' id='line_1_98' title="bbox 2229 3328 3895 3402; baseline 0.001 -18"><span class='ocrx_word' id='word_1_724' title='bbox 2229 3335 2426 3385; x_wconf 89' lang='lat' dir='ltr'><strong>autem</strong></span> <span class='ocrx_word' id='word_1_725' title='bbox 2481 3345 2600 3384; x_wconf 90' lang='lat' dir='ltr'><strong>non</strong></span> <span class='ocrx_word' id='word_1_726' title='bbox 2647 3328 2887 3402; x_wconf 81' lang='lat' dir='ltr'><strong>(Matth.</strong></span> <span class='ocrx_word' id='word_1_727' title='bbox 2929 3345 3050 3400; x_wconf 84' lang='lat' dir='ltr'><strong>xm,</strong></span> <span class='ocrx_word' id='word_1_728' title='bbox 3103 3331 3206 3401; x_wconf 80' lang='lat' dir='ltr'><strong>tl).</strong></span> <span class='ocrx_word' id='word_1_729' title='bbox 3257 3329 3357 3386; x_wconf 83' lang='lat' dir='ltr'><strong>Vel</strong></span> <span class='ocrx_word' id='word_1_730' title='bbox 3399 3335 3556 3385; x_wconf 84' lang='lat' dir='ltr'><strong>certe</strong></span> <span class='ocrx_word' id='word_1_731' title='bbox 3614 3329 3895 3386; x_wconf 78' lang='lat' dir='ltr'><strong>calamus</strong></span> 
     </span>
    </p>
   </div>
   <div class='ocr_carea' id='block_1_99' title="bbox 2229 3417 3897 3491">
    <p class='ocr_par' dir='ltr' id='par_1_99' title="bbox 2229 3417 3897 3491">
     <span class='ocr_line' id='line_1_99' title="bbox 2229 3417 3897 3491; baseline 0.001 -19"><span class='ocrx_word' id='word_1_732' title='bbox 2229 3432 2529 3472; x_wconf 66' lang='lat' dir='ltr'><strong>mensurae</strong></span> <span class='ocrx_word' id='word_1_733' title='bbox 2585 3421 2693 3487; x_wconf 91' lang='lat' dir='ltr'><strong>est,</strong></span> <span class='ocrx_word' id='word_1_734' title='bbox 2743 3417 2888 3488; x_wconf 91' lang='lat' dir='ltr'><strong>quia</strong></span> <span class='ocrx_word' id='word_1_735' title='bbox 2935 3417 2994 3472; x_wconf 92' lang='lat' dir='ltr'><strong>in</strong></span> <span class='ocrx_word' id='word_1_736' title='bbox 3052 3417 3184 3490; x_wconf 88' lang='lat' dir='ltr'><strong>ipso</strong></span> <span class='ocrx_word' id='word_1_737' title='bbox 3240 3434 3410 3474; x_wconf 88' lang='lat' dir='ltr'><strong>sacro</strong></span> <span class='ocrx_word' id='word_1_738' title='bbox 3467 3419 3601 3489; x_wconf 86' lang='lat' dir='ltr'><strong>ejus</strong></span> <span class='ocrx_word' id='word_1_739' title='bbox 3654 3417 3897 3491; x_wconf 87' lang='lat' dir='ltr'><strong>eloquio</strong></span> 
     </span>
    </p>
   </div>
   <div class='ocr_carea' id='block_1_100' title="bbox 2229 3504 3900 3577">
    <p class='ocr_par' dir='ltr' id='par_1_100' title="bbox 2229 3504 3900 3577">
     <span class='ocr_line' id='line_1_100' title="bbox 2229 3504 3900 3577; baseline 0.001 -17"><span class='ocrx_word' id='word_1_740' title='bbox 2229 3505 2395 3576; x_wconf 90' lang='lat' dir='ltr'><strong>quod</strong></span> <span class='ocrx_word' id='word_1_741' title='bbox 2447 3504 2622 3559; x_wconf 92' lang='lat' dir='ltr'><strong>nobis</strong></span> <span class='ocrx_word' id='word_1_742' title='bbox 2676 3505 3081 3577; x_wconf 90' lang='lat' dir='ltr'><strong>conscriptum</strong></span> <span class='ocrx_word' id='word_1_743' title='bbox 3133 3511 3243 3572; x_wconf 89' lang='lat' dir='ltr'><strong>est,</strong></span> <span class='ocrx_word' id='word_1_744' title='bbox 3297 3506 3563 3562; x_wconf 88' lang='lat' dir='ltr'><strong>occultas</strong></span> <span class='ocrx_word' id='word_1_745' title='bbox 3621 3522 3753 3562; x_wconf 89' lang='lat' dir='ltr'><strong>esse</strong></span> <span class='ocrx_word' id='word_1_746' title='bbox 3805 3506 3900 3562; x_wconf 84' lang='lat' dir='ltr'><strong>di-</strong></span> 
     </span>
    </p>
   </div>
   <div class='ocr_carea' id='block_1_101' title="bbox 2232 3591 3900 3666">
    <p class='ocr_par' dir='ltr' id='par_1_101' title="bbox 2232 3591 3900 3666">
     <span class='ocr_line' id='line_1_101' title="bbox 2232 3591 3900 3666; baseline 0.002 -20"><span class='ocrx_word' id='word_1_747' title='bbox 2232 3591 2647 3664; x_wconf 87' lang='lat' dir='ltr'><strong>spensationes</strong></span> <span class='ocrx_word' id='word_1_748' title='bbox 2691 3593 2820 3663; x_wconf 89' lang='lat' dir='ltr'><strong>ejus</strong></span> <span class='ocrx_word' id='word_1_749' title='bbox 2871 3593 3276 3663; x_wconf 89' lang='lat' dir='ltr'><strong>agnoscimus.</strong></span> <span class='ocrx_word' id='word_1_750' title='bbox 3311 3597 3460 3650; x_wconf 79' lang='lat' dir='ltr'><strong>Nam</strong></span> <span class='ocrx_word' id='word_1_751' title='bbox 3509 3610 3618 3666; x_wconf 82' lang='lat' dir='ltr'><strong>per</strong></span> <span class='ocrx_word' id='word_1_752' title='bbox 3661 3594 3900 3650; x_wconf 84' lang='lat' dir='ltr'><strong>incom-</strong></span> 
     </span>
    </p>
   </div>
   <div class='ocr_carea' id='block_1_102' title="bbox 2231 3680 3897 3753">
    <p class='ocr_par' dir='ltr' id='par_1_102' title="bbox 2231 3680 3897 3753">
     <span class='ocr_line' id='line_1_102' title="bbox 2231 3680 3897 3753; baseline 0.002 -18"><span class='ocrx_word' id='word_1_753' title='bbox 2231 3680 2636 3753; x_wconf 90' lang='lat' dir='ltr'><strong>prehensibile</strong></span> <span class='ocrx_word' id='word_1_754' title='bbox 2683 3681 2813 3752; x_wconf 90' lang='lat' dir='ltr'><strong>ejus</strong></span> <span class='ocrx_word' id='word_1_755' title='bbox 2842 3681 3160 3752; x_wconf 89' lang='lat' dir='ltr'><strong>judicium,</strong></span> <span class='ocrx_word' id='word_1_756' title='bbox 3189 3687 3247 3739; x_wconf 90' lang='lat' dir='ltr'><strong>et</strong></span> <span class='ocrx_word' id='word_1_757' title='bbox 3288 3681 3434 3738; x_wconf 90' lang='lat' dir='ltr'><strong>alter</strong></span> <span class='ocrx_word' id='word_1_758' title='bbox 3463 3682 3620 3739; x_wconf 88' lang='lat' dir='ltr'><strong>intra</strong></span> <span class='ocrx_word' id='word_1_759' title='bbox 3652 3699 3897 3739; x_wconf 83' lang='lat' dir='ltr'><strong>mensu-</strong></span> 
     </span>
    </p>
   </div>
   <div class='ocr_carea' id='block_1_103' title="bbox 2232 3770 3899 3846">
    <p class='ocr_par' dir='ltr' id='par_1_103' title="bbox 2232 3770 3899 3846">
     <span class='ocr_line' id='line_1_103' title="bbox 2232 3770 3899 3846; baseline 0.002 -21"><span class='ocrx_word' id='word_1_760' title='bbox 2232 3787 2361 3825; x_wconf 88' lang='lat' dir='ltr'><strong>ram</strong></span> <span class='ocrx_word' id='word_1_761' title='bbox 2411 3770 2736 3826; x_wconf 91' lang='lat' dir='ltr'><strong>electorum</strong></span> <span class='ocrx_word' id='word_1_762' title='bbox 2789 3771 3058 3841; x_wconf 90' lang='lat' dir='ltr'><strong>mittitur,</strong></span> <span class='ocrx_word' id='word_1_763' title='bbox 3087 3776 3144 3828; x_wconf 92' lang='lat' dir='ltr'><strong>et</strong></span> <span class='ocrx_word' id='word_1_764' title='bbox 3195 3773 3340 3829; x_wconf 87' lang='lat' dir='ltr'><strong>alter</strong></span> <span class='ocrx_word' id='word_1_765' title='bbox 3399 3773 3558 3828; x_wconf 80' lang='lat' dir='ltr'><strong>foras</strong></span> <span class='ocrx_word' id='word_1_766' title='bbox 3612 3773 3899 3846; x_wconf 86' lang='lat' dir='ltr'><strong>relinqui-</strong></span> 
     </span>
    </p>
   </div>
   <div class='ocr_carea' id='block_1_104' title="bbox 2233 3859 3899 3936">
    <p class='ocr_par' dir='ltr' id='par_1_104' title="bbox 2233 3859 3899 3936">
     <span class='ocr_line' id='line_1_104' title="bbox 2233 3859 3899 3936; baseline 0.002 -20"><span class='ocrx_word' id='word_1_767' title='bbox 2233 3865 2346 3926; x_wconf 92' lang='lat' dir='ltr'><strong>tur,</strong></span> <span class='ocrx_word' id='word_1_768' title='bbox 2384 3864 2446 3916; x_wconf 90' lang='lat' dir='ltr'><strong>ut</strong></span> <span class='ocrx_word' id='word_1_769' title='bbox 2475 3859 2639 3915; x_wconf 89' lang='lat' dir='ltr'><strong>nullo</strong></span> <span class='ocrx_word' id='word_1_770' title='bbox 2671 3860 2855 3916; x_wconf 91' lang='lat' dir='ltr'><strong>modo</strong></span> <span class='ocrx_word' id='word_1_771' title='bbox 2905 3861 2982 3917; x_wconf 89' lang='lat' dir='ltr'><strong>ad</strong></span> <span class='ocrx_word' id='word_1_772' title='bbox 3039 3861 3363 3917; x_wconf 89' lang='lat' dir='ltr'><strong>electorum</strong></span> <span class='ocrx_word' id='word_1_773' title='bbox 3411 3878 3738 3919; x_wconf 90' lang='lat' dir='ltr'><strong>numerum</strong></span> <span class='ocrx_word' id='word_1_774' title='bbox 3767 3879 3899 3936; x_wconf 72' lang='grc' dir='ltr'><strong>ρει-ο</strong></span> 
     </span>
    </p>
   </div>
   <div class='ocr_carea' id='block_1_105' title="bbox 2234 3949 3900 4021">
    <p class='ocr_par' dir='ltr' id='par_1_105' title="bbox 2234 3949 3900 4021">
     <span class='ocr_line' id='line_1_105' title="bbox 2234 3949 3900 4021; baseline 0.004 -18"><span class='ocrx_word' id='word_1_775' title='bbox 2234 3949 2417 4004; x_wconf 85' lang='lat' dir='ltr'><strong>tincre</strong></span> <span class='ocrx_word' id='word_1_776' title='bbox 2464 3953 2783 4005; x_wconf 89' lang='lat' dir='ltr'><strong>mereatur.</strong></span> <span class='ocrx_word' id='word_1_777' title='bbox 2829 3949 3015 4004; x_wconf 90' lang='lat' dir='ltr'><strong>Habet</strong></span> <span class='ocrx_word' id='word_1_778' title='bbox 3041 3966 3183 4020; x_wconf 88' lang='lat' dir='ltr'><strong>ergo</strong></span> <span class='ocrx_word' id='word_1_779' title='bbox 3229 3951 3585 4021; x_wconf 87' lang='lat' dir='ltr'><strong>funiculum,</strong></span> <span class='ocrx_word' id='word_1_780' title='bbox 3625 3952 3900 4009; x_wconf 86' lang='lat' dir='ltr'><strong>habetin</strong></span> 
     </span>
    </p>
   </div>
   <div class='ocr_carea' id='block_1_106' title="bbox 2233 4039 3903 4105">
    <p class='ocr_par' dir='ltr' id='par_1_106' title="bbox 2233 4039 3903 4105">
     <span class='ocr_line' id='line_1_106' title="bbox 2233 4039 3903 4105; baseline 0.003 -11"><span class='ocrx_word' id='word_1_781' title='bbox 2233 4055 2422 4095; x_wconf 92' lang='lat' dir='ltr'><strong>manu</strong></span> <span class='ocrx_word' id='word_1_782' title='bbox 2451 4039 2757 4095; x_wconf 90' lang='lat' dir='ltr'><strong>calamum</strong></span> <span class='ocrx_word' id='word_1_783' title='bbox 2778 4055 3095 4095; x_wconf 78' lang='lat' dir='ltr'><strong>mensurae.</strong></span> <span class='ocrx_word' id='word_1_784' title='bbox 3124 4040 3234 4105; x_wconf 91' lang='lat' dir='ltr'><strong>Qui</strong></span> <span class='ocrx_word' id='word_1_785' title='bbox 3265 4041 3425 4097; x_wconf 90' lang='lat' dir='ltr'><strong>enim</strong></span> <span class='ocrx_word' id='word_1_786' title='bbox 3450 4042 3788 4099; x_wconf 85' lang='lat' dir='ltr'><strong>funiculum</strong></span> <span class='ocrx_word' id='word_1_787' title='bbox 3814 4042 3903 4098; x_wconf 84' lang='lat' dir='ltr'><strong>lo-</strong></span> 
     </span>
    </p>
   </div>
   <div class='ocr_carea' id='block_1_107' title="bbox 2233 4128 3901 4201">
    <p class='ocr_par' dir='ltr' id='par_1_107' title="bbox 2233 4128 3901 4201">
     <span class='ocr_line' id='line_1_107' title="bbox 2233 4128 3901 4201; baseline 0.003 -18"><span class='ocrx_word' id='word_1_788' title='bbox 2233 4144 2374 4184; x_wconf 91' lang='lat' dir='ltr'><strong>cum</strong></span> <span class='ocrx_word' id='word_1_789' title='bbox 2423 4129 2679 4199; x_wconf 89' lang='lat' dir='ltr'><strong>metitur,</strong></span> <span class='ocrx_word' id='word_1_790' title='bbox 2712 4128 2855 4184; x_wconf 90' lang='lat' dir='ltr'><strong>alibi</strong></span> <span class='ocrx_word' id='word_1_791' title='bbox 2904 4128 3240 4186; x_wconf 89' lang='lat' dir='ltr'><strong>funiculum</strong></span> <span class='ocrx_word' id='word_1_792' title='bbox 3288 4131 3486 4201; x_wconf 89' lang='lat' dir='ltr'><strong>trahit,</strong></span> <span class='ocrx_word' id='word_1_793' title='bbox 3510 4131 3754 4188; x_wconf 87' lang='lat' dir='ltr'><strong>aliunde</strong></span> <span class='ocrx_word' id='word_1_794' title='bbox 3805 4147 3901 4188; x_wconf 81' lang='lat' dir='ltr'><strong>ra-</strong></span> 
     </span>
    </p>
   </div>
   <div class='ocr_carea' id='block_1_108' title="bbox 2235 4216 3898 4290">
    <p class='ocr_par' dir='ltr' id='par_1_108' title="bbox 2235 4216 3898 4290">
     <span class='ocr_line' id='line_1_108' title="bbox 2235 4216 3898 4290; baseline 0.002 -18"><span class='ocrx_word' id='word_1_795' title='bbox 2235 4218 2435 4278; x_wconf 85' lang='lat' dir='ltr'><strong>trahit,</strong></span> <span class='ocrx_word' id='word_1_796' title='bbox 2459 4221 2515 4272; x_wconf 91' lang='lat' dir='ltr'><strong>et</strong></span> <span class='ocrx_word' id='word_1_797' title='bbox 2541 4217 2659 4271; x_wconf 89' lang='lat' dir='ltr'><strong>huc</strong></span> <span class='ocrx_word' id='word_1_798' title='bbox 2680 4216 2864 4284; x_wconf 90' lang='lat' dir='ltr'><strong>ducit,</strong></span> <span class='ocrx_word' id='word_1_799' title='bbox 2886 4233 3070 4290; x_wconf 91' lang='lat' dir='ltr'><strong>quem</strong></span> <span class='ocrx_word' id='word_1_800' title='bbox 3101 4217 3344 4276; x_wconf 91' lang='lat' dir='ltr'><strong>aliunde</strong></span> <span class='ocrx_word' id='word_1_801' title='bbox 3367 4219 3672 4276; x_wconf 84' lang='lat' dir='ltr'><strong>subducit.</strong></span> <span class='ocrx_word' id='word_1_802' title='bbox 3696 4221 3792 4277; x_wconf 85' lang='lat' dir='ltr'><strong>Sic</strong></span> <span class='ocrx_word' id='word_1_803' title='bbox 3810 4221 3898 4278; x_wconf 83' lang='lat' dir='ltr'><strong>ni-</strong></span> 
     </span>
    </p>
   </div>
   <div class='ocr_carea' id='block_1_109' title="bbox 2239 4305 3897 4377">
    <p class='ocr_par' dir='ltr' id='par_1_109' title="bbox 2239 4305 3897 4377">
     <span class='ocr_line' id='line_1_109' title="bbox 2239 4305 3897 4377; baseline 0.003 -16"><span class='ocrx_word' id='word_1_804' title='bbox 2239 4306 2457 4361; x_wconf 88' lang='lat' dir='ltr'><strong>mirum</strong></span> <span class='ocrx_word' id='word_1_805' title='bbox 2490 4305 2573 4360; x_wconf 92' lang='lat' dir='ltr'><strong>sic</strong></span> <span class='ocrx_word' id='word_1_806' title='bbox 2605 4305 2965 4377; x_wconf 82' lang='lat' dir='ltr'><strong>Redemptor</strong></span> <span class='ocrx_word' id='word_1_807' title='bbox 2994 4312 3200 4363; x_wconf 89' lang='lat' dir='ltr'><strong>noster</strong></span> <span class='ocrx_word' id='word_1_808' title='bbox 3229 4308 3288 4364; x_wconf 90' lang='lat' dir='ltr'><strong>in</strong></span> <span class='ocrx_word' id='word_1_809' title='bbox 3321 4308 3668 4365; x_wconf 89' lang='lat' dir='ltr'><strong>collectione</strong></span> <span class='ocrx_word' id='word_1_810' title='bbox 3699 4309 3897 4366; x_wconf 89' lang='lat' dir='ltr'><strong>homi-</strong></span> 
     </span>
    </p>
   </div>
   <div class='ocr_carea' id='block_1_110' title="bbox 2237 4395 3893 4471">
    <p class='ocr_par' dir='ltr' id='par_1_110' title="bbox 2237 4395 3893 4471">
     <span class='ocr_line' id='line_1_110' title="bbox 2237 4395 3893 4471; baseline 0.003 -21"><span class='ocrx_word' id='word_1_811' title='bbox 2237 4412 2382 4451; x_wconf 92' lang='lat' dir='ltr'><strong>num</strong></span> <span class='ocrx_word' id='word_1_812' title='bbox 2416 4395 2574 4463; x_wconf 88' lang='lat' dir='ltr'><strong>facit,</strong></span> <span class='ocrx_word' id='word_1_813' title='bbox 2621 4395 2768 4449; x_wconf 89' lang='lat' dir='ltr'><strong>dum</strong></span> <span class='ocrx_word' id='word_1_814' title='bbox 2803 4395 2952 4450; x_wconf 91' lang='lat' dir='ltr'><strong>alios</strong></span> <span class='ocrx_word' id='word_1_815' title='bbox 2982 4413 3019 4453; x_wconf 90' lang='lat' dir='ltr'><strong>a</strong></span> <span class='ocrx_word' id='word_1_816' title='bbox 3050 4398 3176 4452; x_wconf 89' lang='lat' dir='ltr'><strong>suis</strong></span> <span class='ocrx_word' id='word_1_817' title='bbox 3225 4398 3642 4471; x_wconf 86' lang='lat' dir='ltr'><strong>iniquitatibus</strong></span> <span class='ocrx_word' id='word_1_818' title='bbox 3667 4400 3893 4468; x_wconf 88' lang='lat' dir='ltr'><strong>educit,</strong></span> 
     </span>
    </p>
   </div>
   <div class='ocr_carea' id='block_1_111' title="bbox 2239 4482 3898 4561">
    <p class='ocr_par' dir='ltr' id='par_1_111' title="bbox 2239 4482 3898 4561">
     <span class='ocr_line' id='line_1_111' title="bbox 2239 4482 3898 4561; baseline 0.002 -21"><span class='ocrx_word' id='word_1_819' title='bbox 2239 4483 2386 4540; x_wconf 88' lang='lat' dir='ltr'><strong>alios</strong></span> <span class='ocrx_word' id='word_1_820' title='bbox 2404 4483 2462 4537; x_wconf 91' lang='lat' dir='ltr'><strong>in</strong></span> <span class='ocrx_word' id='word_1_821' title='bbox 2483 4499 2593 4538; x_wconf 92' lang='lat' dir='ltr'><strong>sua</strong></span> <span class='ocrx_word' id='word_1_822' title='bbox 2619 4482 2928 4555; x_wconf 86' lang='lat' dir='ltr'><strong>iniquitate</strong></span> <span class='ocrx_word' id='word_1_823' title='bbox 2954 4483 3330 4558; x_wconf 91' lang='lat' dir='ltr'><strong>derelinquit.</strong></span> <span class='ocrx_word' id='word_1_824' title='bbox 3351 4491 3414 4544; x_wconf 92' lang='lat' dir='ltr'><strong>In</strong></span> <span class='ocrx_word' id='word_1_825' title='bbox 3441 4488 3534 4544; x_wconf 89' lang='lat' dir='ltr'><strong>his</strong></span> <span class='ocrx_word' id='word_1_826' title='bbox 3556 4489 3719 4545; x_wconf 88' lang='lat' dir='ltr'><strong>enim</strong></span> <span class='ocrx_word' id='word_1_827' title='bbox 3742 4505 3898 4561; x_wconf 86' lang='lat' dir='ltr'><strong>quos</strong></span> 
     </span>
    </p>
   </div>
   <div class='ocr_carea' id='block_1_112' title="bbox 2238 4572 3894 4642">
    <p class='ocr_par' dir='ltr' id='par_1_112' title="bbox 2238 4572 3894 4642">
     <span class='ocr_line' id='line_1_112' title="bbox 2238 4572 3894 4642; baseline 0.003 -14"><span class='ocrx_word' id='word_1_828' title='bbox 2238 4573 2514 4641; x_wconf 89' lang='lat' dir='ltr'><strong>colligere</strong></span> <span class='ocrx_word' id='word_1_829' title='bbox 2529 4572 2811 4642; x_wconf 91' lang='lat' dir='ltr'><strong>dignatus</strong></span> <span class='ocrx_word' id='word_1_830' title='bbox 2833 4578 2942 4641; x_wconf 91' lang='lat' dir='ltr'><strong>est,</strong></span> <span class='ocrx_word' id='word_1_831' title='bbox 2962 4575 3210 4632; x_wconf 82' lang='lat' dir='ltr'><strong>occultae</strong></span> <span class='ocrx_word' id='word_1_832' title='bbox 3233 4593 3530 4633; x_wconf 65' lang='lat' dir='ltr'><strong>mensurae</strong></span> <span class='ocrx_word' id='word_1_833' title='bbox 3555 4577 3894 4634; x_wconf 77' lang='lat' dir='ltr'><strong>funiculum</strong></span> 
     </span>
    </p>
   </div>
   <div class='ocr_carea' id='block_1_113' title="bbox 2238 4661 3891 4739">
    <p class='ocr_par' dir='ltr' id='par_1_113' title="bbox 2238 4661 3891 4739">
     <span class='ocr_line' id='line_1_113' title="bbox 2238 4661 3891 4739; baseline 0.002 -21"><span class='ocrx_word' id='word_1_834' title='bbox 2238 4662 2430 4728; x_wconf 85' lang='lat' dir='ltr'><strong>traxit,</strong></span> <span class='ocrx_word' id='word_1_835' title='bbox 2463 4665 2519 4716; x_wconf 92' lang='lat' dir='ltr'><strong>et</strong></span> <span class='ocrx_word' id='word_1_836' title='bbox 2547 4661 2625 4716; x_wconf 90' lang='lat' dir='ltr'><strong>ab</strong></span> <span class='ocrx_word' id='word_1_837' title='bbox 2655 4661 2748 4716; x_wconf 92' lang='lat' dir='ltr'><strong>his</strong></span> <span class='ocrx_word' id='word_1_838' title='bbox 2774 4677 2930 4733; x_wconf 92' lang='lat' dir='ltr'><strong>quos</strong></span> <span class='ocrx_word' id='word_1_839' title='bbox 2953 4663 3458 4738; x_wconf 89' lang='lat' dir='ltr'><strong>derelinquendos</strong></span> <span class='ocrx_word' id='word_1_840' title='bbox 3486 4683 3617 4722; x_wconf 85' lang='lat' dir='ltr'><strong>esse</strong></span> <span class='ocrx_word' id='word_1_841' title='bbox 3666 4666 3891 4739; x_wconf 82' lang='lat' dir='ltr'><strong>judica-</strong></span> 
     </span>
    </p>
   </div>
   <div class='ocr_carea' id='block_1_114' title="bbox 2239 4750 3899 4829">
    <p class='ocr_par' dir='ltr' id='par_1_114' title="bbox 2239 4750 3899 4829">
     <span class='ocr_line' id='line_1_114' title="bbox 2239 4750 3899 4829; baseline 0.005 -24"><span class='ocrx_word' id='word_1_842' title='bbox 2239 4752 2336 4818; x_wconf 82' lang='lat' dir='ltr'><strong>vit,</strong></span> <span class='ocrx_word' id='word_1_843' title='bbox 2359 4751 2506 4823; x_wconf 88' lang='lat' dir='ltr'><strong>quid</strong></span> <span class='ocrx_word' id='word_1_844' title='bbox 2537 4750 2700 4808; x_wconf 90' lang='lat' dir='ltr'><strong>aliud</strong></span> <span class='ocrx_word' id='word_1_845' title='bbox 2731 4751 2846 4809; x_wconf 89' lang='lat' dir='ltr'><strong>nisi</strong></span> <span class='ocrx_word' id='word_1_846' title='bbox 2875 4751 3209 4809; x_wconf 90' lang='lat' dir='ltr'><strong>funiculum</strong></span> <span class='ocrx_word' id='word_1_847' title='bbox 3257 4755 3541 4812; x_wconf 74' lang='lat' dir='ltr'><strong>retraxit?</strong></span> <span class='ocrx_word' id='word_1_848' title='bbox 3567 4759 3636 4812; x_wconf 90' lang='lat' dir='ltr'><strong>Ut</strong></span> <span class='ocrx_word' id='word_1_849' title='bbox 3665 4761 3719 4813; x_wconf 89' lang='lat' dir='ltr'><strong>et</strong></span> <span class='ocrx_word' id='word_1_850' title='bbox 3749 4757 3899 4829; x_wconf 86' lang='lat' dir='ltr'><strong>poni</strong></span> 
     </span>
    </p>
   </div>
   <div class='ocr_carea' id='block_1_115' title="bbox 2240 4842 3901 4914">
    <p class='ocr_par' dir='ltr' id='par_1_115' title="bbox 2240 4842 3901 4914">
     <span class='ocr_line' id='line_1_115' title="bbox 2240 4842 3901 4914; baseline 0.004 -17"><span class='ocrx_word' id='word_1_851' title='bbox 2240 4842 2394 4898; x_wconf 90' lang='lat' dir='ltr'><strong>intra</strong></span> <span class='ocrx_word' id='word_1_852' title='bbox 2423 4857 2771 4898; x_wconf 90' lang='lat' dir='ltr'><strong>mensuram</strong></span> <span class='ocrx_word' id='word_1_853' title='bbox 2799 4843 3053 4901; x_wconf 67' lang='lat' dir='ltr'><strong>caelestis</strong></span> <span class='ocrx_word' id='word_1_854' title='bbox 3079 4843 3321 4900; x_wconf 74' lang='lat' dir='ltr'><strong>fabricae</strong></span> <span class='ocrx_word' id='word_1_855' title='bbox 3345 4849 3639 4914; x_wconf 86' lang='lat' dir='ltr'><strong>teneatur,</strong></span> <span class='ocrx_word' id='word_1_856' title='bbox 3672 4851 3730 4903; x_wconf 89' lang='lat' dir='ltr'><strong>et</strong></span> <span class='ocrx_word' id='word_1_857' title='bbox 3755 4846 3901 4904; x_wconf 85' lang='lat' dir='ltr'><strong>mali</strong></span> 
     </span>
    </p>
   </div>
   <div class='ocr_carea' id='block_1_116' title="bbox 2240 4933 3903 5008">
    <p class='ocr_par' dir='ltr' id='par_1_116' title="bbox 2240 4933 3903 5008">
     <span class='ocr_line' id='line_1_116' title="bbox 2240 4933 3903 5008; baseline 0.004 -20"><span class='ocrx_word' id='word_1_858' title='bbox 2240 4938 2403 4989; x_wconf 88' lang='lat' dir='ltr'><strong>extra</strong></span> <span class='ocrx_word' id='word_1_859' title='bbox 2425 4933 2736 5003; x_wconf 84' lang='lat' dir='ltr'><strong>fabricam,</strong></span> <span class='ocrx_word' id='word_1_860' title='bbox 2763 4933 2825 4988; x_wconf 93' lang='lat' dir='ltr'><strong>in</strong></span> <span class='ocrx_word' id='word_1_861' title='bbox 2851 4934 3072 5006; x_wconf 89' lang='lat' dir='ltr'><strong>quibus</strong></span> <span class='ocrx_word' id='word_1_862' title='bbox 3103 4934 3266 4992; x_wconf 88' lang='lat' dir='ltr'><strong>bona</strong></span> <span class='ocrx_word' id='word_1_863' title='bbox 3297 4953 3436 5008; x_wconf 70' lang='lat' dir='ltr'><strong>quin</strong></span> <span class='ocrx_word' id='word_1_864' title='bbox 3484 4937 3903 4994; x_wconf 85' lang='lat' dir='ltr'><strong>existimentur</strong></span> 
     </span>
    </p>
   </div>
   <div class='ocr_carea' id='block_1_117' title="bbox 2241 5023 3904 5098">
    <p class='ocr_par' dir='ltr' id='par_1_117' title="bbox 2241 5023 3904 5098">
     <span class='ocr_line' id='line_1_117' title="bbox 2241 5023 3904 5098; baseline 0.004 -19"><span class='ocrx_word' id='word_1_865' title='bbox 2241 5024 2370 5094; x_wconf 84' lang='lat' dir='ltr'><strong>[al.,</strong></span> <span class='ocrx_word' id='word_1_866' title='bbox 2404 5023 2799 5094; x_wconf 69' lang='lat' dir='ltr'><strong>aestimantur]</strong></span> <span class='ocrx_word' id='word_1_867' title='bbox 2852 5039 2973 5080; x_wconf 92' lang='lat' dir='ltr'><strong>non</strong></span> <span class='ocrx_word' id='word_1_868' title='bbox 3029 5029 3186 5091; x_wconf 88' lang='lat' dir='ltr'><strong>sunt,</strong></span> <span class='ocrx_word' id='word_1_869' title='bbox 3227 5027 3372 5098; x_wconf 87' lang='lat' dir='ltr'><strong>quia</strong></span> <span class='ocrx_word' id='word_1_870' title='bbox 3430 5027 3557 5083; x_wconf 83' lang='lat' dir='ltr'><strong>sine</strong></span> <span class='ocrx_word' id='word_1_871' title='bbox 3611 5043 3904 5085; x_wconf 80' lang='lat' dir='ltr'><strong>mensura</strong></span> 
     </span>
    </p>
   </div>
   <div class='ocr_carea' id='block_1_118' title="bbox 2239 5110 3907 5182">
    <p class='ocr_par' dir='ltr' id='par_1_118' title="bbox 2239 5110 3907 5182">
     <span class='ocr_line' id='line_1_118' title="bbox 2239 5110 3907 5182; baseline 0.004 -17"><span class='ocrx_word' id='word_1_872' title='bbox 2239 5113 2608 5166; x_wconf 88' lang='lat' dir='ltr'><strong>remaneant.</strong></span> <span class='ocrx_word' id='word_1_873' title='bbox 2653 5110 2825 5167; x_wconf 86' lang='lat' dir='ltr'><strong>Hunc</strong></span> <span class='ocrx_word' id='word_1_874' title='bbox 2873 5111 3234 5182; x_wconf 88' lang='lat' dir='ltr'><strong>funiculum,</strong></span> <span class='ocrx_word' id='word_1_875' title='bbox 3285 5119 3343 5169; x_wconf 92' lang='lat' dir='ltr'><strong>et</strong></span> <span class='ocrx_word' id='word_1_876' title='bbox 3387 5131 3690 5171; x_wconf 68' lang='lat' dir='ltr'><strong>mensurae</strong></span> <span class='ocrx_word' id='word_1_877' title='bbox 3746 5116 3907 5173; x_wconf 83' lang='lat' dir='ltr'><strong>cala-</strong></span> 
     </span>
    </p>
   </div>
   <div class='ocr_carea' id='block_1_119' title="bbox 2241 5199 3906 5274">
    <p class='ocr_par' dir='ltr' id='par_1_119' title="bbox 2241 5199 3906 5274">
     <span class='ocr_line' id='line_1_119' title="bbox 2241 5199 3906 5274; baseline 0.005 -21"><span class='ocrx_word' id='word_1_878' title='bbox 2241 5216 2408 5254; x_wconf 90' lang='lat' dir='ltr'><strong>mum</strong></span> <span class='ocrx_word' id='word_1_879' title='bbox 2458 5199 2520 5254; x_wconf 91' lang='lat' dir='ltr'><strong>in</strong></span> <span class='ocrx_word' id='word_1_880' title='bbox 2560 5216 2746 5255; x_wconf 89' lang='lat' dir='ltr'><strong>manu</strong></span> <span class='ocrx_word' id='word_1_881' title='bbox 2773 5217 2882 5257; x_wconf 90' lang='lat' dir='ltr'><strong>sua</strong></span> <span class='ocrx_word' id='word_1_882' title='bbox 2912 5201 3274 5274; x_wconf 82' lang='lat' dir='ltr'><strong>Redemptor</strong></span> <span class='ocrx_word' id='word_1_883' title='bbox 3298 5209 3500 5260; x_wconf 86' lang='lat' dir='ltr'><strong>noster</strong></span> <span class='ocrx_word' id='word_1_884' title='bbox 3527 5206 3738 5272; x_wconf 81' lang='lat' dir='ltr'><strong>tenuit,</strong></span> <span class='ocrx_word' id='word_1_885' title='bbox 3763 5221 3906 5261; x_wconf 87' lang='lat' dir='ltr'><strong>cum</strong></span> 
     </span>
    </p>
   </div>
   <div class='ocr_carea' id='block_1_120' title="bbox 2240 5286 3904 5362">
    <p class='ocr_par' dir='ltr' id='par_1_120' title="bbox 2240 5286 3904 5362">
     <span class='ocr_line' id='line_1_120' title="bbox 2240 5286 3904 5362; baseline 0.005 -20"><span class='ocrx_word' id='word_1_886' title='bbox 2240 5286 2491 5343; x_wconf 90' lang='lat' dir='ltr'><strong>Paulum</strong></span> <span class='ocrx_word' id='word_1_887' title='bbox 2518 5288 2858 5360; x_wconf 90' lang='lat' dir='ltr'><strong>apostolum</strong></span> <span class='ocrx_word' id='word_1_888' title='bbox 2908 5305 3016 5361; x_wconf 90' lang='lat' dir='ltr'><strong>per</strong></span> <span class='ocrx_word' id='word_1_889' title='bbox 3053 5296 3446 5362; x_wconf 84' lang='lat' dir='ltr'><strong>apparentem</strong></span> <span class='ocrx_word' id='word_1_890' title='bbox 3474 5292 3674 5348; x_wconf 87' lang='lat' dir='ltr'><strong>virum</strong></span> <span class='ocrx_word' id='word_1_891' title='bbox 3719 5296 3904 5350; x_wconf 76' lang='lat' dir='ltr'><strong>Mace-</strong></span> 
     </span>
    </p>
   </div>
   <div class='ocr_carea' id='block_1_121' title="bbox 2242 5377 3904 5449">
    <p class='ocr_par' dir='ltr' id='par_1_121' title="bbox 2242 5377 3904 5449">
     <span class='ocr_line' id='line_1_121' title="bbox 2242 5377 3904 5449; baseline 0.004 -15"><span class='ocrx_word' id='word_1_892' title='bbox 2242 5377 2467 5434; x_wconf 90' lang='lat' dir='ltr'><strong>donem</strong></span> <span class='ocrx_word' id='word_1_893' title='bbox 2523 5378 2852 5436; x_wconf 89' lang='lat' dir='ltr'><strong>admonere</strong></span> <span class='ocrx_word' id='word_1_894' title='bbox 2904 5379 3190 5449; x_wconf 87' lang='lat' dir='ltr'><strong>dignatus</strong></span> <span class='ocrx_word' id='word_1_895' title='bbox 3255 5387 3362 5447; x_wconf 88' lang='lat' dir='ltr'><strong>est,</strong></span> <span class='ocrx_word' id='word_1_896' title='bbox 3423 5383 3502 5441; x_wconf 82' lang='lat' dir='ltr'><strong>ita</strong></span> <span class='ocrx_word' id='word_1_897' title='bbox 3560 5387 3625 5440; x_wconf 87' lang='lat' dir='ltr'><strong>ut</strong></span> <span class='ocrx_word' id='word_1_898' title='bbox 3683 5383 3904 5442; x_wconf 87' lang='lat' dir='ltr'><strong>iisdem</strong></span> 
     </span>
    </p>
   </div>
   <div class='ocr_carea' id='block_1_122' title="bbox 2241 5468 3902 5544">
    <p class='ocr_par' dir='ltr' id='par_1_122' title="bbox 2241 5468 3902 5544">
     <span class='ocr_line' id='line_1_122' title="bbox 2241 5468 3902 5544; baseline 0.004 -20"><span class='ocrx_word' id='word_1_899' title='bbox 2241 5468 2481 5524; x_wconf 89' lang='lat' dir='ltr'><strong>Macedo</strong></span> <span class='ocrx_word' id='word_1_900' title='bbox 2512 5469 2604 5524; x_wconf 88' lang='lat' dir='ltr'><strong>vir</strong></span> <span class='ocrx_word' id='word_1_901' title='bbox 2663 5469 2882 5526; x_wconf 89' lang='lat' dir='ltr'><strong>diceret</strong></span> <span class='ocrx_word' id='word_1_902' title='bbox 2915 5486 2926 5522; x_wconf 93' lang='lat'>:</span> <span class='ocrx_word' id='word_1_903' title='bbox 2968 5471 3285 5529; x_wconf 82' lang='lat' dir='ltr'><strong>Transiens</strong></span> <span class='ocrx_word' id='word_1_904' title='bbox 3316 5474 3542 5544; x_wconf 86' lang='lat' dir='ltr'><strong>adjuva</strong></span> <span class='ocrx_word' id='word_1_905' title='bbox 3585 5489 3695 5530; x_wconf 74' lang='lat' dir='ltr'><strong>nos</strong></span> <span class='ocrx_word' id='word_1_906' title='bbox 3740 5475 3902 5543; x_wconf 85' lang='lat' dir='ltr'><strong>(Act.</strong></span> 
     </span>
    </p>
   </div>
   <div class='ocr_carea' id='block_1_123' title="bbox 2242 5558 3903 5635">
    <p class='ocr_par' dir='ltr' id='par_1_123' title="bbox 2242 5558 3903 5635">
     <span class='ocr_line' id='line_1_123' title="bbox 2242 5558 3903 5635; baseline 0.004 -22"><span class='ocrx_word' id='word_1_907' title='bbox 2242 5573 2363 5623; x_wconf 73' lang='lat' dir='ltr'><strong>xw,</strong></span> <span class='ocrx_word' id='word_1_908' title='bbox 2414 5558 2488 5628; x_wconf 88' lang='lat'><strong>9).</strong></span> <span class='ocrx_word' id='word_1_909' title='bbox 2542 5561 2608 5614; x_wconf 88' lang='lat' dir='ltr'><strong>Et</strong></span> <span class='ocrx_word' id='word_1_910' title='bbox 2651 5562 2851 5614; x_wconf 88' lang='lat' dir='ltr'><strong>tamen</strong></span> <span class='ocrx_word' id='word_1_911' title='bbox 2911 5558 3178 5617; x_wconf 86' lang='lat' dir='ltr'><strong>volentes</strong></span> <span class='ocrx_word' id='word_1_912' title='bbox 3247 5562 3554 5635; x_wconf 86' lang='lat' dir='ltr'><strong>apostolos</strong></span> <span class='ocrx_word' id='word_1_913' title='bbox 3607 5564 3743 5634; x_wconf 84' lang='lat' dir='ltr'><strong>[al.,</strong></span> <span class='ocrx_word' id='word_1_914' title='bbox 3803 5579 3903 5620; x_wconf 78' lang='lat' dir='ltr'><strong>vo-</strong></span> 
     </span>
    </p>
   </div>
   <div class='ocr_carea' id='block_1_124' title="bbox 2242 5646 3901 5724">
    <p class='ocr_par' dir='ltr' id='par_1_124' title="bbox 2242 5646 3901 5724">
     <span class='ocr_line' id='line_1_124' title="bbox 2242 5646 3901 5724; baseline 0.005 -19"><span class='ocrx_word' id='word_1_915' title='bbox 2242 5646 2502 5708; x_wconf 84' lang='lat' dir='ltr'><strong>lentibus</strong></span> <span class='ocrx_word' id='word_1_916' title='bbox 2527 5649 2839 5723; x_wconf 79' lang='lat' dir='ltr'><strong>apostolis)</strong></span> <span class='ocrx_word' id='word_1_917' title='bbox 2869 5649 2950 5709; x_wconf 88' lang='lat' dir='ltr'><strong>ad</strong></span> <span class='ocrx_word' id='word_1_918' title='bbox 2979 5651 3435 5724; x_wconf 74' lang='lat' dir='ltr'><strong>praedicandum</strong></span> <span class='ocrx_word' id='word_1_919' title='bbox 3465 5653 3551 5711; x_wconf 73' lang='lat' dir='ltr'><strong>ire</strong></span> <span class='ocrx_word' id='word_1_920' title='bbox 3576 5654 3642 5711; x_wconf 86' lang='lat' dir='ltr'><strong>in</strong></span> <span class='ocrx_word' id='word_1_921' title='bbox 3661 5655 3901 5721; x_wconf 73' lang='lat' dir='ltr'><strong>Asiam,</strong></span> 
     </span>
    </p>
   </div>
  </div>
