4160 6186
300 217 553 272 1309“

285 352 471 462 3335
506 383 699 442 sancti
729 352 1009 457 apostoli,
1051 389 1108 441 et
1148 385 1230 442 ibi
1256 352 1549 443 vocantur
1573 352 1661 443 ire
1680 352 1794 440 ~ubi
1825 382 1944 437 ior-

286 481 451 535 tasse
479 490 727 548 pergere
750 489 874 529 non
904 474 1270 544 cogitabant,
1312 481 1369 532 et
1396 475 1534 532 illuc
1560 474 1663 531 ubi
1708 471 1946 529 deside-

288 566 511 624 rabant
538 579 805 638 pergere,
834 563 916 618 ire
946 564 1381 637 prohibentur?
1414 565 1533 621 Nisi
1553 566 1699 636 quia
1727 560 1949 619 occulti

278 656 510 728 ,ίαάίάί
527 656 865 726 funiculus,
893 660 950 711 et
980 670 1271 711 mensura:
1297 658 1572 713 calamus
1603 658 1836 710 tenetur
1884 651 1948 705 in

290 761 515 803 manu:
545 749 611 800 ut
636 744 736 800 alii
775 743 962 800 verba
985 744 1121 800 vitae
1154 745 1427 816 audiant,
1455 750 1511 801 et
1543 742 1642 800 alii
1696 740 1948 796 nullate-

289 850 407 891 nus
435 833 646 891 audire
666 834 1050 889 mereantur?
1079 835 1412 891 Funiculus
1467 849 1610 904 ergo
1653 842 1951 887 mensura?

292 930 397 991 est,
429 924 534 996 qui
556 922 675 979 alio
696 926 920 978 tractus
950 927 1059 993 est,
1090 922 1332 979 aliunde
1367 926 1681 979 retractus.
1728 921 1950 975 Sancto

291 1027 539 1086 quoque
571 1012 892 1081 Evangelia
934 1016 1076 1069 teste
1115 1013 1246 1083 [al.,
1300 1012 1593 1083 testante],
1626 1008 1950 1065 didicimus

292 1102 462 1174 quod
486 1102 646 1158 venit
681 1101 786 1174 qui
813 1100 1073 1157 diceret:
1119 1102 1427 1172 Magister,
1461 1116 1678 1173 sequar
1724 1103 1779 1155 te
1810 1111 1956 1168 quo-

298 1206 531 1262 cunque
567 1192 729 1247 ieris.
780 1190 888 1246 Cui
932 1206 1294 1263 responsum
1324 1197 1444 1247 est:
1486 1192 1699 1260 Vulpes
1747 1189 1955 1258 foveas

296 1280 536 1344 habent,
568 1285 624 1337 et
654 1280 926 1336 volucres
946 1281 1083 1337 caeli
1100 1282 1293 1347 nidos,
1316 1281 1511 1337 Filius
1541 1284 1741 1336 autem
1775 1274 1958 1331 homi‘

296 1370 393 1424 m's
419 1383 540 1425 non
572 1368 746 1425 habet
776 1369 881 1424 ubi
907 1375 1092 1440 caput
1115 1385 1288 1426 suum
1314 1371 1585 1427 reclinet.
1620 1365 1789 1423 Venit
1812 1363 1959 1420 alter

297 1458 401 1530 qui
422 1458 679 1514 diceret:
708 1459 1016 1529 Magister,
1037 1461 1165 1516 sine
1186 1475 1278 1517 me
1302 1462 1564 1530 primum
1590 1459 1699 1527 ire,
1723 1460 1777 1511 et
1806 1466 1961 1521 sepe-

300 1549 413 1604 lire
434 1554 672 1617 patrem
704 1562 917 1604 meum.
961 1549 1063 1605 Cui
1095 1548 1349 1605 dicitur:
1382 1550 1528 1605 Sine
1555 1551 1838 1612 mortuos,
1869 1556 1957 1597 se-

1231 200 1321 228 an
1358 166 2033 229 BﬂED/BSTINATIONB
2067 165 2347 227 CONTRA
2387 173 2437 227 1.
2482 174 2772 231 SCOTUM.

514 312 708 352 ...ιιειι
740 294 990 368 Spiritus
1041 295 1277 352 Domini
1307 297 1502 368 (Ibid.,
1533 298 1608 367 7).
1670 293 1824 361 Quid
1853 294 1945 349 est
1973 292 2019 345 Α
2041 297 2131 349 rat
2160 310 2172 360 ;
2198 293 2455 370 ideoque
2475 314 2598 354 non
2618 298 3057 371 prtevisionem,
3079 298 3183 355 sed
3209 268 3711 371 praeparationem

3575 178 3715 234 1310

2060 386 2117 438 et
2145 383 2601 458 dispositionem
2657 387 2787 459 ejus
2835 387 3171 461 prolatione
3217 386 3710 458 intelligendam;

2058 487 2239 542 quem
2284 475 2333 530 si
2370 477 2574 533 Atticae
2624 477 2846 545 linguae
2905 476 3214 535 scientiam
3265 475 3551 533 habuisse
3608 481 3712 536 aut

2057 557 2319 629 ignoras,
2350 569 2454 619 aut
2483 580 2693 633 negas,
2717 564 2847 635 lege
2869 564 3057 620 libros
3080 563 3256 627 illius,
3280 563 3386 636 qui
3414 564 3713 636 Mytholo-

2059 648 2294 717 giarum
2321 668 2427 709 seu
2454 654 2786 722 Virgilianae
2817 653 3194 710 continentia)
3220 653 3714 721 inscribuntur,et

2058 735 2325 794 invenies
2355 741 2404 796 ei
2434 743 2762 799 maximam
2795 743 2951 799 illius
3005 743 3227 813 linguae
3276 741 3520 798 affuisse
3564 741 3716 814 peri-

2065 824 2228 895 tiam,
2260 844 2384 900 qua
2412 829 2689 889 facillime
2709 848 2888 890 nosse
2913 837 3147 906 poterat
3175 831 3326 905 quid
3373 830 3485 888 sub
3532 830 3715 902 hujus

2061 915 2341 974 vocabuli
2361 921 2766 978 enuntiatione
2786 922 2976 995 accipi
2997 922 3321 979 debuisset.

2136 1006 2527 1064 Cassiodorus
2554 1011 2632 1081 (in
2662 1012 2815 1080 psal.
2850 1027 2948 1077 vn,
2977 1010 3093 1066 sub
3126 1010 3277 1081 ﬁn.):
3308 1007 3598 1083 [Primum
3626 1010 3717 1065 est

2062 1092 2206 1164 quia
2234 1094 2536 1168 iniquitas,
2568 1098 2714 1155 dum
2744 1116 2815 1155 ex
2837 1098 2957 1156 alto
2984 1099 3355 1172 praecipitata
3384 1096 3715 1163 descendit,

2064 1180 2351 1238 violenter
2371 1187 2645 1257 percutit,
2670 1187 2888 1244 deinde
2910 1192 3181 1261 potenter
3206 1186 3515 1260 quomodo
3546 1183 3716 1256 impii

2068 1273 2461 1344 torqueantur
2479 1278 2748 1348 exponit:
2782 1293 2925 1335 nam
2957 1295 3095 1334 cum
3127 1294 3313 1351 supra
3338 1293 3443 1333 eos
3472 1273 3716 1349 propria

2068 1366 2317 1430 peccata
2346 1362 2780 1435 descenderint,
2814 1367 2936 1422 suis
2990 1366 3190 1435 malis,
3218 1366 3342 1422 suis
3389 1362 3715 1422 sceleribus

2067 1447 2129 1503 in
2159 1465 2371 1520 pmnas
2400 1451 2634 1508 debitas
2663 1454 3085 1516 destinantur.)

2139 1537 2182 1607 -ι-
2208 1537 2391 1605 Idem,
2432 1538 2492 1594 in
2522 1539 2758 1612 psalmo
2783 1557 2836 1596 LI
2863 1559 2875 1595 :
2904 1541 3156 1599 Destruit
3188 1544 3341 1597 Deus
3368 1542 3430 1596 in
3459 1540 3573 1597 hac
3597 1539 3719 1595 vita

292 1637 532 1706 peliant
560 1642 828 1693 mortuos
857 1650 1036 1693 suos:
1068 1640 1154 1693 Tu
1208 1644 1406 1694 autem
1464 1651 1557 1693 me
1612 1647 1852 1705 sequere
1902 1634 1956 1686 et
1988 1660 2027 1713 Β
2068 1626 2468 1713 prosperrime
2498 1644 2654 1700 quos
2679 1629 2893 1685 iterum
2926 1629 3226 1686 aedificare
3253 1626 3614 1693 decreverit;
3655 1625 3718 1680 in

298 1727 601 1782 annuntt'a
636 1738 884 1796 regnum
916 1727 1031 1782 Det
1070 1727 1315 1798 (Matth.
1358 1740 1480 1795 vni,
1515 1731 1601 1789 19,
1626 1728 1715 1790 20,
1747 1719 1954 1790 21-22).

300 1814 452 1879 Quid
481 1820 570 1871 est
596 1814 763 1887 quod
782 1814 879 1870 ille
904 1816 1192 1888 promittit
1220 1832 1283 1871 se
1307 1815 1410 1885 ire,
1444 1819 1500 1870 et
1520 1812 1850 1870 deseritur?
1876 1812 1957 1863 ls-

297 1906 354 1959 te
382 1903 638 1959 domum
670 1904 795 1959 vult
836 1905 1050 1974 redire,
1082 1909 1141 1960 et
1172 1909 1374 1960 tamen
1401 1908 1464 1960 ut
1516 1902 1685 1975 sequi
1717 1899 1959 1967 debeat,

299 1993 556 2063 iubetur.
585 1993 686 2049 Ille
716 2008 839 2050 non
864 1994 1205 2067 suscipitur,
1234 1996 1342 2051 iste
1372 2010 1482 2051 nec
1520 1994 1597 2050 ad
1632 1993 1796 2048 horas
1828 2004 1960 2044 mo-

300 2088 573 2139 mentum
602 2083 681 2139 ab
709 2083 1001 2157 obsequio
1055 2084 1374 2141 relaxatur.
1407 2088 1471 2139 in
1515 2088 1674 2139 terra
1714 2081 1842 2153 [al.,
1875 2078 1964 2159 in:

296 2176 475 2228 terno
496 2187 637 2243 ergo
667 2171 1021 2246 occultoque
1040 2174 1291 2245 judicio]
1338 2189 1481 2244 ergo
1511 2171 1727 2229 occulti
1752 2164 1963 2241 judieil

304 2260 633 2328 funiculus,
664 2266 721 2318 et
750 2276 1044 2319 mensurae
1074 2263 1349 2320 calamus
1379 2264 1638 2326 ducitur,
1666 2260 1726 2316 in
1746 2259 1961 2332 queis-

307 2353 366 2407 te
394 2351 667 2419 trahitur,
694 2356 752 2408 et
779 2352 875 2407 ille
921 2352 1296 2426 relinquitur,
1332 2357 1397 2408 ut
1450 2351 1703 2408 cmlestis
1731 2346 1961 2405 fabrica

304 2453 430 2496 non
461 2440 587 2497 sine
619 2440 741 2513 pio,
768 2445 824 2497 et
845 2442 1006 2513 justo
1047 2442 1322 2499 examine
1350 2440 1770 2509 construatur.]

378 2530 607 2599 +Hanc
627 2530 786 2586 beati
827 2530 1090 2600 Gregorii
1134 2532 1489 2587 sententiam
1538 2529 1761 2585 idcirco
1790 2527 1963 2581 inter-

309 2619 508 2691 posui,
536 2623 602 2675 ut
630 2634 737 2692 per
769 2634 903 2675 eam
945 2625 1346 2690 cognoscatur
1376 2619 1524 2693 quid
1551 2618 1627 2674 de
1658 2613 1963 2689 praedesti-

314 2707 553 2765 natione
581 2709 950 2779 intellexerit,
982 2709 1347 2783 intelligique
1368 2709 1964 2773 voluerit.Nam,cum

313 2796 375 2851 in
405 2796 731 2853 Moralibus
760 2798 1043 2854 eumdem
1075 2813 1321 2854 sensum
1338 2798 1574 2871 plenius
1596 2793 1963 2869 expiicuerit,

315 2884 482 2955 quod
511 2884 607 2940 ille
627 2886 1185 2956 prmdestinationes
1214 2886 1539 2958 pluraliter,
1571 2887 1686 2941 hoc
1716 2883 1777 2939 in
1832 2884 1966 2937 Eze-

2066 1712 2186 1769 fine
2216 1718 2417 1770 autem
2446 1716 2551 1788 qui
2572 1715 2929 1782 destruetur,
2945 1717 3181 1774 aeternis
3212 1714 3520 1789 suppliciis
3534 1714 3721 1786 depuo

2068 1802 2271 1873 tatur.]

2140 1892 2182 1961 -ξ-
2209 1890 2393 1959 idem,
2424 1892 2663 1965 psalmo
2692 1910 2782 1951 LIV
2808 1912 2819 1949 :
2849 1895 3020 1965 [Nam
3043 1891 3316 1949 omnium
3339 1891 3467 1947 dies
3486 1890 3549 1946 in
3567 1904 3719 1962 pras-

2070 1979 2467 2039 destinatione
2497 1988 2829 2040 noscuntur
2857 1998 2986 2043 esse
3007 1982 3282 2053 deﬁniti.]

2142 2070 2185 2138 ιι-
2208 2069 2391 2134 Idem,
2418 2070 2479 2127 in
2499 2071 2735 2143 psalmo
2758 2089 2964 2129 Lxxxu:
2997 2071 3495 2144 [Confundantur
3516 2073 3719 2125 autem

2072 2162 2126 2212 et
2158 2160 2593 2215 contm'bentur
2612 2162 2674 2216 in
2699 2163 2980 2219 saeculum
3012 2162 3235 2227 saeculi,
3260 2158 3364 2232 qui
3394 2161 3615 2214 alterna
3635 2155 3723 2211 ul-

2070 2244 2232 2301 tione
2262 2246 2595 2303 damnandi
2615 2250 3057 2322 sunt.Sequitur
3076 2255 3131 2305 et
3154 2250 3605 2305 revereanturel
3624 2258 3723 2313 pe-

2073 2342 2243 2392 reant
2279 2337 2694 2409 (Psal.1.xxxn,
2723 2340 2826 2410 £9).
2847 2341 2976 2412 Ipse
2996 2354 3206 2395 sensus
3227 2342 3314 2394 est
3332 2352 3511 2409 quem
3549 2348 3723 2407 supe-

2071 2423 2196 2479 rius
2219 2424 2402 2493 dixit;
2432 2427 2577 2498 quia
2605 2428 2685 2484 ibi
2711 2428 3058 2495 reverendo,
3091 2442 3215 2484 non
3244 2425 3581 2505 proﬁciunt,
3615 2419 3722 2478 sed

2073 2515 2454 2587 pereunt,qui
2484 2515 2560 2572 ad
2591 2522 2878 2573 aeternum
2912 2516 3272 2589 supplicium
3302 2510 3720 2580 destinantur].

2145 2604 2185 2671 1-
2207 2602 2392 2672 idem,
2423 2603 2486 2660 in
2515 2606 2751 2677 psalmo
2784 2622 3049 2662 Lxxxvu:
3101 2606 3462 2677 Frequenter
3511 2613 3725 2656 emun-

2075 2686 2179 2742 dat
2206 2686 2488 2745 Divinitas
2514 2706 2667 2761 quos
2691 2690 2974 2759 ﬂagellat,
3008 2694 3073 2745 ut
3101 2693 3428 2762 purgatum
3473 2684 3729 2757 recipiat

2074 2793 2253 2849 quem
2288 2779 2550 2843 peccatis
2583 2780 2894 2836 sordidum
2921 2778 3271 2851 respuebat;
3297 2793 3449 2850 quos
3476 2790 3615 2832 vero
3646 2772 3727 2831 ab

2076 2866 2505 2922 emundatione
2532 2868 2822 2935 dissolvit,
2845 2867 2908 2923 id
2936 2871 3023 2922 est
3050 2866 3326 2934 removit,
3353 2867 3465 2921 hos
3489 2865 3621 2934 jam
3670 2865 3728 2919 et

322 2969 510 3027 chiele
538 2955 1053 3045 dispensationem
1099 2955 1348 3046 adaeque
1385 2973 1692 3046 pluraliter
1743 2972 1964 3045 posuit,
2001 3003 2042 3064 Ο
2078 2955 2371 3064 ἀίιξηνῐξᾶνθ
2397 2956 2706 3064 ᾀθοΐθνξῖο]

322 3064 388 3116 ut
405 3066 607 3132 aperte
636 3061 876 3118 doceret
891 3062 1191 3119 vocabulo
1210 3062 1750 3135 prmdestinationis
1769 3061 1970 3132 dispo-

322 3148 562 3204 sitiones
590 3153 647 3205 et
696 3150 1179 3222 dispensationes
1208 3151 1385 3222 atque
1434 3149 1841 3205 ordinationes
1872 3147 1972 3204 Dei

321 3236 541 3293 debere
568 3239 778 3311 accipi.
814 3242 960 3296 Cum
1013 3243 1244 3295 constet
1271 3256 1342 3295 ea
1388 3243 1445 3296 et
1498 3239 1617 3295 alia
1660 3238 1972 3309 complura

325 3326 443 3382 sub
474 3341 597 3381 uno
628 3327 961 3400 eodemque
995 3343 1178 3383 sensu
1209 3334 1330 3384 tam
1383 3328 1444 3383 in
1493 3329 1677 3385 sacris
1723 3327 1972 3399 eloquiis

321 3428 514 3487 quam
539 3415 599 3470 in
635 3421 955 3472 tractorum
994 3417 1465 3490 expositionibus
1486 3414 1650 3489 poni.

395 3503 740 3573 Fulgentius
769 3504 826 3560 in
877 3505 977 3561 lib.
1011 3505 1091 3562 ad
1121 3506 1444 3562 Monimum
1472 3506 1533 3576 (1.
1566 3522 1603 3576 1,
1635 3521 1768 3577 cap.
1803 3510 1871 3561 20
1915 3510 1973 3562 et

320 3594 430 3665 2i):
466 3597 692 3666 [Neque
714 3595 874 3650 enim
912 3601 1003 3652 est
1041 3595 1158 3651 alia
1203 3596 1331 3666 ejus
1361 3595 1826 3668 praedestinatio,
1859 3594 1975 3650 nisi

323 3680 662 3738 futurorum
692 3698 942 3755 operum
966 3685 1095 3754 ejus
1113 3688 1334 3739 aeterna
1363 3684 1742 3756 praeparatio;
1772 3685 1831 3738 in
1850 3699 1975 3755 qua

322 3771 544 3828 nullius
578 3787 762 3829 causa
790 3771 933 3828 mali
962 3773 1176 3845 poterit
1200 3772 1471 3841 inveniri,
1504 3772 1646 3844 quia
1669 3788 1741 3827 ex
1764 3772 1976 3827 volun-

324 3864 441 3917 tate
462 3861 563 3916 Dei
590 3876 905 3934 nunquam
946 3862 1236 3935 processit
1286 3862 1454 3931 origo
1480 3862 1728 3934 peccati.
1762 3860 1975 3918 Miseri-

327 3963 459 4006 cors
488 3951 707 4006 etenim
753 3952 1064 4021 Dominus,
1094 3954 1151 4007 et
1190 3951 1408 4023 justus,
1441 3950 1517 4006 de
1565 3966 1688 4022 quo
1746 3956 1803 4005 et
1858 3950 1975 4006 alio

322 4039 458 4096 loco
484 4040 773 4113 scriptum
802 4045 924 4097 est:
956 4041 1428 4097 Misericordiam
1468 4044 1519 4096 et
1552 4040 1859 4095 veritatem
1889 4039 1980 4095 di-

328 4130 462 4200 ligit
490 4131 784 4186 Dominus
812 4133 963 4187 Deus
993 4131 1179 4201 (Psal.
1200 4146 1435 4190 Lxxxm,
1472 4129 1578 4197 l2).
1612 4133 1672 4183 In
1694 4128 1978 4185 omnibus

323 4233 468 4289 ergo
496 4218 783 4292 operibus
811 4223 963 4289 ejus,
995 4223 1098 4275 aut
1143 4220 1309 4289 justa
1354 4217 1573 4273 veritas
1623 4214 1976 4290 custoditur,

324 4312 429 4365 aut
454 4309 558 4381 pia
584 4307 996 4365 misericordia
1016 4308 1435 4381 prmrogatur.]
1560 4361 1573 4372 ,

398 4399 466 4452 Et
491 4395 647 4453 intra
689 4398 887 4469 (Ibid.,
919 4412 1052 4471 cap.
1104 4397 1238 4467 2i):
1291 4395 1760 4468 [Prsedestinatio
1817 4397 1979 4453 enim

333 4484 491 4555 ejus.
522 4487 879 4558 praeparatio
901 4492 990 4543 est
1016 4502 1271 4558 operum
1294 4486 1443 4555 ejus.

400 4574 443 4644 -ι-
473 4576 540 4629 Et
569 4574 705 4630 item
730 4577 906 4647 (Ibid,
940 4591 1074 4647 cap.
1108 4579 1200 4641 28)
1229 4591 1240 4626 :
1276 4574 1400 4636 [Dei
1419 4573 1579 4630 enim
1597 4574 1983 4646 praedestina-

324 4662 508 4733 tione,
540 4668 646 4720 aut
671 4672 1055 4737 peccatorum
1085 4668 1426 4736 praeparata
1451 4668 1539 4717 est
1565 4663 1667 4735 pia
1686 4663 1979 4735 remissio,

325 4758 428 4809 aut
479 4759 864 4826 peccatorum
909 4756 1072 4825 justa
1114 4751 1367 4825 punitio.
1424 4753 1746 4824 Nunquam
1804 4752 1982 4821 igitur

326 4842 481 4896 Deus
513 4842 591 4898 ad
618 4840 733 4897 hoc
760 4842 1070 4898 hominem
1110 4841 1303 4914 potuit
1332 4840 1779 4913 prsedestinare,
1812 4838 1979 4911 quod

324 4930 453 5003 ipse
477 4929 862 5002 disposuerat
881 4935 937 4987 et
963 4933 1264 5003 praecepto
1295 4928 1632 5003 prohibere,
1663 4932 1719 4983 et
1744 4928 1974 4983 miseri-

324 5015 533 5071 cordia
556 5016 804 5083 diluere,
835 5020 889 5071 et
934 5016 1163 5085 justitia
1210 5016 1443 5088 punire.
1494 5014 1736 5086 Iniquos
1780 5013 1982 5085 itaque

322 5118 479 5177 quos
502 5105 801 5178 prmscivit
820 5106 972 5159 Deus
991 5100 1149 5160 hanc
1161 5105 1342 5161 vitam
1355 5104 1416 5159 in
1436 5106 1682 5176 peccato
1704 5101 1982 5159 tamine-

326 5199 511 5259 turos,
562 5193 1014 5267 praedestinavit
1049 5193 1342 5267 supplicio
1395 5191 1816 5249 interminabili
1874 5206 1984 5262 pu-

321 5283 632 5356 niendos.]

394 5374 437 5444 ει-
453 5374 566 5432 Iste
576 5375 787 5432 doctor
809 5379 867 5432 et
890 5372 1393 5445 antistes,absque
1420 5367 1816 5437 refragatione
1837 5367 1981 5423 ﬁde-

322 5466 588 5523 lissimus
620 5472 799 5538 atque
825 5462 1538 5523 eruditissimus.noverat
1568 5461 1835 5515 Graecam
1867 5473 1975 5530 ap-

323 5555 515 5628 prime
544 5555 928 5622 locutionem,
956 5557 1206 5610 noverat
1223 5551 1478 5625 qualiter
1499 5566 1534 5604 a
1552 5547 1731 5603 beato
1748 5552 1976 5618 Augus-

324 5645 451 5702 tino
493 5660 694 5703 sermo
703 5643 1247 5719 prasdestinationis
1263 5639 1589 5712 impiorum
1604 5639 1835 5710 positus
1848 5636 1972 5692 tue-

2150 3045 2185 3111 i
2216 3045 2398 3115 idem,
2425 3045 2487 3101 in
2509 3046 2743 3118 psalmo
2764 3063 2875 3103 xcu
2895 3062 2907 3102 :
2931 3046 3185 3117 [Parata
3205 3043 3366 3100 sedes
3396 3047 3501 3098 tua
3523 3041 3678 3096 Deus
3704 3054 3726 3095 :

2078 3141 2301 3204 parata.
2334 3133 2630 3204 signiﬁcat
2672 3135 3278 3208 praedestinationem,
3337 3131 3480 3204 quia
3534 3133 3729 3189 totum

2081 3224 2181 3282 illa
2210 3225 2455 3283 veritate
2480 3225 2773 3295 consistit,
2799 3224 3095 3297 quidquid
3124 3224 3185 3280 in
3211 3219 3731 3280 administratione

2082 3314 2297 3370 mundi
2337 3314 2573 3371 evenire
2596 3314 2950 3385 contigerit]

2154 3404 2332 3474 'j-Sed
2363 3408 2419 3459 et
2447 3404 2788 3470 Primasius,
2832 3402 3123 3459 Africana:
3163 3400 3440 3458 Ecclesiae
3487 3397 3733 3455 antistes

2082 3492 2541 3560 eruditissimus,
2566 3493 2625 3548 in
2652 3492 3073 3566 explanatione
3094 3490 3543 3564 Apocalypseos
3572 3484 3738 3543 beati

2081 3580 2571 3647 Joannis.eadem
2600 3582 2856 3639 sensisse
2879 3581 3187 3655 reperitur.
3213 3595 3351 3636 cum
3369 3578 3485 3635 ait:
3508 3577 3739 3648 [Praete-

2082 3672 2197 3728 rito
2226 3686 2494 3744 namque
2524 3672 2778 3744 tempori
2810 3676 3103 3744 tanquam
3130 3668 3411 3726 anteriori
3439 3664 3740 3740 promissa

2084 3760 2457 3833 dispensatio
2482 3761 2692 3815 Christi
2730 3759 2962 3815 Domini
2993 3759 3377 3829 deputantur,
3420 3772 3553 3827 quas
3586 3752 3741 3809 sicut

2085 3850 2371 3921 praedicta
2393 3865 2429 3903 o
2458 3847 2765 3920 prophetis
2785 3846 3016 3915 legitur,
3041 3849 3286 3917 peracta
3306 3844 3435 3913 jam
3456 3842 3733 3912 perdoce-

2087 3943 2202 4007 tur,
2228 3936 2536 4010 praesentis
2568 3934 2931 3992 credulitatis
2976 3935 3323 4001 augmenta,
3370 3935 3426 3985 et
3458 3927 3744 3984 Ecclesia“

2087 4038 2221 4077 rum
2255 4020 2618 4077 conveniunt
2649 4020 3013 4076 incrementa
3052 4016 3386 4072 futurorum
3414 4013 3739 4083 bonorum,

2089 4110 2512 4183 malorumque
2532 4106 2862 4180 redemptio
2892 4121 3016 4178 qua
3041 4106 3236 4176 justos
3267 4105 3327 4161 in
3372 4103 3577 4167 vitam,
3626 4100 3740 4159 im-

2089 4201 2219 4273 pios
2251 4200 2309 4256 in
2342 4215 2589 4273 poenam
2621 4198 2851 4253 futuros
2880 4196 3180 4253 credimus
3210 4192 3582 4267 deputatos.]

2166 4290 2520 4358 Bonifacius,
2540 4288 2859 4362 episcopus
2877 4303 2933 4344 et
2957 4290 3183 4359 martyr
3213 4280 3745 4354 Germanice.[Quid

2096 4381 2252 4436 enim
2286 4380 2520 4452 parenti
2551 4378 2806 4451 proficit,
2841 4377 2887 4433 si
2915 4376 3138 4432 habeat
3182 4373 3373 4430 tilium
3431 4370 3744 4428 tormentis

2094 4468 2396 4539 perpetuis
2426 4468 2826 4539 deputatum.]
3298 4514 3307 4523 .

2162 4559 2204 4627 σι-
2228 4557 2390 4611 Hanc
2414 4555 2838 4611 sententiarum
2861 4552 3199 4623 congeriem
3229 4550 3308 4607 ad
3334 4550 3450 4605 hoc
3469 4562 3746 4604 ηεοοβςαρ

2091 4645 2179 4701 rio
2209 4662 2281 4700 ex
2312 4648 2551 4700 Patrum
2580 4643 2988 4699 voluminibus
3018 4640 3421 4712 colligendam
3452 4636 3617 4701 duxi.
3658 4640 3734 4695 ut

2096 4734 2376 4789 varietate
2408 4732 2864 4797 vocabulorum,
2894 4737 2949 4789 et
2989 4732 3215 4787 unitate
3245 4742 3557 4807 sensuum,
3598 4724 3748 4799 quid

2095 4839 2274 4895 super
2302 4822 2751 4895 nuncupatione
2782 4819 3327 4894 praedestinationis
3358 4816 3650 4874 senserint
3663 4815 3748 4874 fa-

2095 4914 2311 4970 cillime
2362 4914 2791 4986 perpendetur.
2826 4912 3131 4985 Siquidem
3173 4927 3310 4967 cum
3356 4925 3511 4982 opus
3569 4910 3748 4977 esset,

2094 5009 2158 5061 ut
2187 5004 2461 5062 eamdem
2491 5018 2740 5059 causam
2768 5002 2983 5075 saepius
3016 5002 3378 5069 intimarent,
3406 4998 3750 5055 maluerunt

2093 5094 2340 5150 diversis
2371 5090 2909 5162 signiﬁcationibus
2942 5091 3221 5148 eamdem
3259 5106 3388 5147 rem
3436 5087 3628 5157 gratia
3666 5084 3749 5141 vi.

2094 5184 2259 5241 tandi
2293 5182 2512 5239 fastidii
2537 5197 2783 5254 ponere,
2815 5197 3002 5253 quam
3056 5183 3158 5238 uni
3208 5181 3522 5248 eidemque
3574 5189 3748 5230 voca-

2091 5273 2258 5339 bulo,
2338 5271 2514 5344 quasi
2570 5286 2923 5327 sermonum
2994 5269 3321 5341 indigentia
3371 5264 3743 5334 laborantes,

2091 5364 2391 5423 tasdiosius
2448 5361 2756 5432 inservire,
2792 5379 2862 5419 ac
2918 5379 3025 5434 per
3053 5363 3169 5418 hoc
3196 5370 3589 5430 nequaquam
3634 5368 3747 5409 nos

2092 5453 2154 5509 in
2186 5452 2404 5509 Latinis
2448 5451 2809 5508 dictionibus
2866 5451 2942 5507 ad
2994 5453 3227 5505 Graecas
3286 5444 3587 5502 debueras
3635 5440 3749 5497 ori~

2089 5540 2255 5608 gines
2295 5541 2568 5605 invitare,
2602 5559 2640 5599 a
2696 5541 2922 5613 quibus
2974 5554 3083 5594 nec
3141 5535 3594 5593 derivationem,
3635 5545 3745 5584 nec

2125 5630 2634 5695 enominationem
2659 5636 2887 5689 certum
2917 5630 3006 5684 est
3052 5639 3154 5682 eas
3206 5623 3525 5697 accepisse.
3571 5622 3747 5688 inter,

3018 5840 3047 5861 Ι
