4160 6186
417 171 548 232 i311

416 387 583 460 quod
615 388 813 440 orator
842 384 1130 440 mirabilis
1147 387 1494 456 prwdeﬁnio
1523 387 1775 443 verbum
1815 384 2068 458 pulchra

415 474 700 532 nimirum
732 473 1162 546 compositione
1183 480 1404 531 nostra;
1433 475 1786 546 ignorantiae
1823 475 2068 531 invene-

415 560 507 626 rit,
551 574 691 613 cum
728 557 916 613 multo
969 559 1350 614 commodius
1397 560 1827 634 honestiusque
1875 559 2069 614 dicere

417 646 678 721 potuerit
692 649 993 717 prteﬁnio,
1017 648 1543 720 quemadmodum
1579 649 1759 706 etiam
1790 665 1826 706 a
1859 653 2068 704 sancto

415 736 781 807 Hieronymo
810 737 1076 808 positum
1099 753 1285 810 supra
1311 737 1926 804 inseruimus.Quibus
1943 753 2069 813 om-

415 825 594 883 nibus
622 825 854 898 liquido
883 825 1168 883 refellitur
1195 828 1362 901 quod
1413 829 1717 886 destinare
1764 827 1857 883 vel
1903 842 2068 897 prte-

415 916 718 972 destinare
747 930 857 986 pro
889 931 958 971 eo
1005 916 1169 988 quod
1199 921 1289 973 est
1340 917 1564 982 videre,
1597 918 1692 973 vel
1741 917 2072 988 praevidere

413 1004 580 1061 fatua
621 1003 952 1060 assertione
982 1003 1205 1076 dixisti,
1231 1005 1457 1078 quippe
1503 1022 1643 1062 cum
1686 1022 1720 1062 a
1762 1005 1928 1060 nullo
1973 1021 2071 1061 eo-

413 1109 553 1148 rum
602 1091 715 1147 sub
743 1091 857 1148 hoc
883 1107 1064 1148 sensu
1092 1093 1356 1166 positum
1402 1093 1644 1167 uspiam
1674 1093 1872 1150 valeat
1898 1109 2069 1166 repe-

416 1197 537 1237 r1r1.

488 1273 602 1326 Nec
626 1271 1109 1344 praetereundum
1152 1272 1318 1345 quod
1347 1279 1585 1331 aeterna:
1621 1274 1945 1343 Sapientia!
1975 1288 2069 1330 co-

415 1361 586 1416 mites
617 1361 1205 1432 investigatricesque
1233 1369 1592 1419 memoratas
1621 1364 1946 1432 diciplinas
1975 1377 2071 1418 as-

416 1451 673 1506 serueris
713 1449 868 1521 (cap.
908 1453 991 1518 l8,
1032 1465 1202 1504 num.
1227 1453 1281 1516 4,
1320 1455 1462 1505 sect.
1502 1452 1551 1521 1)
1579 1455 1786 1506 contra
1814 1449 2071 1506 auctori-

418 1540 598 1592 tatem
629 1538 836 1608 utique
856 1537 1343 1608 propheticarum
1374 1538 1960 1610 apostolicarumque
1982 1537 2072 1593 lit-

1506 171 1560 229 S.
1593 165 1973 230 PRUDENTII
2001 161 2380 222 TRECENTIS
2410 164 2762 223 EPISCUP!"

413 298 545 355 hac
587 295 944 366 notandum,
988 311 1111 351 non
1141 295 1471 366 incongrue
1512 298 1785 354 fortassis
1831 293 2060 360 censui,
2090 294 2138 347 A
2172 289 2614 359 praedicationis
2658 291 2853 346 salvos
2891 289 3096 359 facere
3117 286 3420 344 credentes
3446 329 3462 356 ,
3519 331 3554 342 .-

3690 203 3834 258 1312

3569 339 3580 381 :
3604 324 3689 381 ‘i'
3719 341 3832 381 nu-

2175 383 2290 434 tem
2319 380 2608 435 revelavit
2649 381 2804 436 Deus
2846 393 2955 448 per
2987 378 3284 447 Spiritum
3329 390 3504 431 suum
3536 376 3582 447 (Ι
3621 375 3839 440 Cori,

2173 467 2285 537 21).
2320 467 2601 540 Spiritum
2632 472 2908 524 sanctum
2937 464 3280 539 philosophi
3305 464 3518 520 mundi
3568 480 3686 520 nec
3739 464 3843 520 ha-

2174 557 2452 623 buerunt,
2485 573 2596 613 nec
2625 558 2980 614 invenerunt
3005 575 3017 626 ;
3041 553 3356 628 quomodo
3387 569 3553 624 ergo,
3580 554 3847 626 quamli-

2175 643 2275 700 bet
2295 645 2472 701 astuti
2501 650 2682 719 atque
2727 645 2909 714 acuti,
2950 661 3059 718 per
3089 642 3443 700 earumdem
3491 642 3849 716 disciplina-

2174 749 2310 789 rum
2339 734 2735 790 eruditionem
2758 734 3081 790 Dominum
3107 731 3469 801 investigare
3487 736 3848 804 potuerunt,

2174 821 2279 895 qui
2309 838 2419 878 nec
2468 823 2858 894 investigatur
2884 822 3172 879 veraciter
3214 835 3326 877 nec
3380 820 3685 877 invenitur
3727 821 3850 877 nisi

2175 926 2282 984 per
2300 911 2583 984 Spiritum
2609 917 2883 969 sanctum
2907 912 2934 967 ?
2960 910 3237 984 Sequitur
3255 909 3434 980 igitur
3448 925 3560 966 nec
3590 909 3848 967 comitas

2177 1015 2280 1056 eas
2329 1000 2508 1057 fuisse
2553 1001 2862 1074 sapientiae
2907 1000 3033 1071 Dei,
3086 1015 3222 1072 quae
3277 1014 3423 1068 una,
3480 997 3843 1071 eademque,

2176 1095 2233 1145 et
2257 1088 2384 1145 sola
2415 1105 2652 1162 semper
2699 1093 2806 1159 est,
2837 1105 2949 1145 nec
2977 1089 3072 1144 his
3123 1087 3471 1158 investigari
3521 1103 3690 1156 eam;
3732 1087 3847 1143 sed

2176 1177 2428 1234 revelari
2455 1194 2564 1251 per
2612 1178 2895 1251 Spiritum
2927 1177 3082 1249 ejus.
3114 1179 3205 1232 An
3261 1176 3482 1232 beatus
3529 1178 3691 1232 Pater
3716 1178 3843 1232 Au-

2180 1267 2476 1336 gustinus,
2509 1253 2793 1322 omnibus
2821 1267 2914 1322 his
2945 1264 3322 1322 examussim
3363 1266 3712 1336 instructus,
3740 1281 3838 1321 ea-

2177 1371 2313 1409 rum
2345 1355 2623 1410 acumine
2651 1358 2838 1411 Deum
2869 1359 2972 1411 aut
3000 1353 3359 1423 investigare
3392 1358 3499 1409 aut
3524 1352 3716 1409 valuit
3757 1353 3849 1408 in-

2181 1443 2424 1499 venire?
2452 1443 2558 1516 qui
2587 1460 2723 1499 cum
2755 1459 2862 1516 per
2893 1448 2977 1500 tot
3003 1458 3197 1499 annos
3227 1458 3440 1498 earum
3490 1441 3704 1498 studiis
3748 1443 3844 1497 in-

2181 1531 2442 1596 sudaret,
2474 1536 2531 1588 et
2558 1536 2760 1588 tamen
2815 1531 3019 1587 multis
3073 1529 3398 1602 erroribus,
3447 1529 3841 1602 maximeque

417 1628 704 1680 terarum.
740 1625 796 1680 Si
822 1624 982 1680 enim
1010 1625 1258 1680 comites
1290 1625 1520 1696 habuit,
1556 1627 1823 1698 sequitur
1847 1642 2072 1697 magna
2098 1642 2142 1694 B
2181 1620 2639 1676 Manichaeorum
2670 1620 2922 1676 insaniis
2947 1620 3357 1692 impediretur,
3386 1634 3715 1691 nunquam
3740 1635 3846 1674 ve-

419 1712 762 1768 absurditas
788 1717 851 1768 ut
866 1712 1118 1784 alicujus
1144 1713 1350 1783 indiga
1368 1715 1745 1786 praedicetur;
1768 1731 2072 1788 qute,cum

417 1801 643 1858 nullius
674 1818 846 1872 egere
895 1807 997 1857 aut
1022 1803 1259 1873 eguisse
1294 1803 1592 1860 ullatenus
1621 1804 2070 1877 comprobetur,

419 1895 477 1947 et
507 1890 633 1946 sola
677 1891 770 1946 sui
792 1891 1117 1946 aeternitate
1149 1897 1330 1964 atque
1379 1895 1821 1967 omnipotentia
1865 1893 2074 1950 omnia

417 1979 798 2052 disposuerit,
839 1983 1139 2051 attingens
1161 1981 1433 2038 videlicet
1481 1998 1517 2038 a
1544 1984 1666 2052 ﬁne
1695 1997 1880 2054 usque
1899 1983 1980 2038 ad
2006 1983 2075 2051 ﬁ-

418 2084 553 2126 nem
580 2069 826 2138 fortiter
845 2069 1014 2139 (Sap.
1043 2085 1161 2137 VIII,
1180 2071 1248 2142 l),
1280 2070 1567 2144 nullaque
1586 2071 1941 2143 impotentia
1968 2087 2075 2126 un-

418 2173 608 2232 quam
647 2157 904 2229 potuerit
947 2157 1260 2217 infirmari.
1295 2161 1498 2216 Nescio
1533 2162 1769 2234 penitus
1823 2177 2076 2234 quamo-

419 2246 591 2303 brem
621 2246 868 2302 comites
914 2249 1048 2303 tuas
1111 2250 1483 2306 necessarias
1529 2251 1897 2321 conrogavit,
1929 2266 2077 2323 qua-

418 2351 555 2392 rum
581 2334 814 2391 fulturis
838 2352 905 2391 ac
941 2336 1125 2393 veluti
1153 2338 1475 2411 suffragiis,
1503 2339 1598 2396 vel
1624 2339 1703 2396 ad
1741 2356 1802 2396 se
1831 2340 2076 2397 investi-

421 2423 806 2497 gandam,vel
827 2426 906 2482 ad
931 2426 1092 2482 aliud
1120 2427 1268 2500 quid
1288 2443 1443 2501 opus
1466 2428 1906 2497 habuerit,cum
1927 2434 2074 2486 teste

419 2514 723 2586 Scriptura
753 2517 1088 2585 transferat
1117 2533 1178 2573 se
1207 2518 1269 2573 in
1296 2519 1531 2574 animas
1556 2524 1813 2582 sanctas,
1839 2527 1890 2576 et
1922 2520 2074 2576 inse-

419 2608 520 2660 rat
539 2618 599 2659 se
619 2604 1074 2674 cogitationibus
1096 2621 1225 2676 quae
1239 2613 1377 2662 sunt
1394 2608 1766 2676 sine/ictione
1781 2608 2075 2679 (Sap.1,5),

418 2707 543 2764 qua
590 2691 655 2747 fit
682 2708 944 2764 sapiens,
975 2693 1252 2765 quisquis
1283 2710 1394 2766 pro
1427 2711 1675 2751 munere
1698 2695 2074 2766 illustrantis,

417 2778 514 2835 vel
528 2784 711 2852 captu
725 2779 1068 2852 accipientis
1086 2781 1154 2836 fit
1180 2781 1673 2854 sapiens.0mnes
1693 2783 1895 2856 itaque
1915 2783 2082 2856 pagi-

418 2882 530 2928 nas
555 2857 866 2941 utriusque
879 2871 1234 2926 Testamenti
1256 2886 1630 2943 percurrens,
1665 2887 1981 2945 nunquam
1997 2873 2082 2927 in-

2178 1709 2416 1764 ritatem
2446 1725 2808 1779 cognoscere
2855 1708 3072 1782 potuit,
3098 1709 3460 1780 priusquam
3491 1712 3720 1764 sanctae
3748 1723 3850 1778 ge-

2178 1797 2402 1852 nitricis
2429 1815 2548 1852 suae
2576 1797 2882 1864 instantia,
2905 1797 3174 1853 oratione
3197 1801 3254 1852 et
3279 1795 3590 1868 lacrymis,
3613 1811 3853 1869 respeC‘

2179 1890 2242 1942 tu
2282 1901 2556 1958 supernae
2605 1885 3015 1958 inspirationis
3074 1885 3175 1940 Dei
3223 1889 3281 1941 et
3315 1883 3478 1940 beati
3530 1883 3844 1941 Ambrosii

2179 1975 2628 2049 praedicatione,
2656 1981 2713 2032 et
2733 1980 2914 2032 Deum
2945 1990 3296 2046 agnoscere,
3328 1980 3386 2032 et
3415 1974 3559 2031 ﬁdei
3589 1975 3853 2046 gratiam

2177 2065 2484 2138 percipere
2514 2065 2747 2121 meruit.

2253 2153 2417 2209 Unde
2449 2158 2507 2209 et
2536 2154 2664 2226 ipse
2693 2153 3080 2211 beatissimus
3122 2153 3496 2224 Augustinus
3528 2152 3711 2224 (libro
3766 2155 3854 2210 De

2183 2241 2441 2299 Civitate
2464 2244 2574 2299 Dei
2594 2244 2830 2315 octavo)
2852 2243 3046 2316 inquit
3075 2243 3232 2315 (cap.
3273 2243 3480 2314 lt):[In
3505 2242 3732 2298 Timaeo
3750 2259 3852 2298 au-

2182 2335 2301 2387 tem
2360 2331 2552 2400 Plato,
2599 2349 2783 2406 quem
2843 2332 3101 2388 liberum
3155 2333 3230 2388 de
3279 2331 3496 2388 mundi
3553 2333 3852 2389 constitu-

2183 2421 2342 2477 tione
2371 2421 2743 2494 conscripsu,
2777 2422 2963 2477 Deum
3010 2421 3153 2477 dicit
3189 2420 3252 2476 in
3292 2419 3394 2476 illo
3415 2436 3601 2494 opere
3626 2427 3848 2479 terram

2184 2509 2386 2581 primo
2437 2510 2762 2582 ignemque
2809 2510 3102 2581 junxisse.
3161 2509 3540 2568 Manifestum
3585 2515 3670 2565 est
3733 2526 3842 2565 au-

2184 2603 2302 2654 tem
2347 2599 2511 2671 quod
2554 2600 2676 2669 igni
2733 2599 2955 2655 tribuat
3009 2598 3143 2656 caali
3197 2598 3426 2660 locum,
3479 2603 3644 2654 terra:
3691 2613 3840 2654 vero

2183 2688 2380 2759 ipsam
2409 2693 2648 2744 terram.
2699 2688 2892 2745 Habet
2918 2703 3062 2758 ergo
3117 2688 3246 2744 hinc
3298 2689 3592 2744 sententia
3633 2690 3853 2761 quam-

2185 2777 2329 2834 dam
2386 2777 2543 2834 illius
2593 2778 3071 2850 similitudinem,
3111 2795 3236 2851 qua
3288 2778 3518 2835 dictum
3587 2784 3716 2834 est:
3775 2782 3845 2834 in

2180 2868 2482 2936 principio
2501 2868 2646 2938 fecit
2691 2870 2846 2924 Deus
2883 2869 3095 2924 coelum
3121 2873 3172 2924 et
3215 2873 3441 2924 terram
3472 2867 3634 2938 (Gen.
3685 2881 3727 2922 1.
3768 2868 3849 2936 1).

417 2955 724 3012 venientes
753 2962 1121 3031 praeceptum
1155 2975 1262 3032 per
1312 2959 1424 3015 has
1469 2960 1814 3031 investigari
1844 2963 2033 3016 Deum
2064 2978 2077 3029 ;
2106 2987 2150 3042 ο
2189 2955 2409 3012 Deinde
2445 2955 2545 3012 illa
2573 2956 2696 3012 duo
2719 2956 2940 3024 media,
2969 2956 3190 3029 quibus
3217 2955 3581 3030 interpositis
3607 2954 3859 3011 sibimet

419 3044 525 3101 sed
540 3061 653 3115 per
681 3046 878 3115 ﬁdem,
898 3063 1028 3118 quae
1046 3063 1157 3118 per
1187 3050 1559 3105 dilectionem
1592 3055 2080 3118 operatur,mun-

420 3132 570 3190 ditia
598 3134 816 3201 cordis,
849 3137 1400 3209 mandatorumque
1423 3137 1524 3193 Dei
1544 3137 1886 3194 obedientia
1908 3142 1965 3194 et
1979 3137 2083 3194 ob-

420 3221 760 3278 servatione
785 3225 1184 3296 quaerendum
1204 3224 1456 3282 ﬁdeliter
1473 3229 1529 3280 et
1543 3225 1974 3282 inveniendum
1986 3242 2084 3281 ve-

419 3310 634 3366 raciter
659 3310 1053 3377 edocui.Quid
1069 3313 1250 3379 enim,
1279 3313 1556 3386 nunquid
1576 3329 1789 3370 omnes
1819 3315 2080 3387 prophe-

420 3401 494 3454 tas
516 3398 609 3453 his
641 3399 833 3453 Deum
864 3399 1256 3470 investigasse
1287 3407 1466 3473 atque
1496 3401 1792 3458 invenisse
1841 3401 2081 3458 dicendi

421 3490 561 3540 sunt
587 3486 615 3540 ?
647 3485 833 3546 Certe.
859 3491 924 3542 ut
951 3492 1196 3543 caeteros
1220 3495 1594 3560 praeteream,
1620 3492 1821 3561 Amos,
1844 3491 1919 3547 de
1941 3507 2078 3563 pas-

422 3571 816 3640 toralibus,ad
840 3575 1327 3644 prophetandum
1350 3579 1662 3650 repentina
1688 3580 2078 3652 inspiratione

423 3664 772 3732 assumptus
801 3664 1000 3733 (Amos
1033 3679 1069 3730 1,
1104 3663 1172 3735 1),
1207 3680 1522 3738 nunquam
1553 3682 1762 3723 earum
1799 3667 2078 3723 eruditio-

422 3762 563 3803 nem
589 3749 926 3822 percepisse
958 3751 1294 3808 credendus
1326 3756 1594 3821 est.Quid
1619 3756 1831 3812 beatus
1853 3760 2075 3826 Petrus,

423 3839 480 3893 et
509 3838 703 3893 caeteri
729 3840 1017 3911 Apostoli,
1050 3841 1399 3916 piscatores,
1445 3849 1501 3901 et
1547 3845 1744 3902 idiotas
1789 3847 2003 3918 (Marc.
2035 3861 2075 3914 1,

423 3925 510 3997 16)
539 3928 814 4001 nunquid
860 3945 1068 3986 earum
1123 3932 1336 3988 studiis
1390 3935 1604 3992 eruditi
1661 3942 1946 3993 aeternam
1980 3936 2080 3992 Sa-

420 4014 708 4087 pientiam
741 4017 1178 4088 insquisierunt
1199 4026 1261 4077 et
1279 4027 1724 4096 perceperunt?

495 4103 673 4158 Aliud
696 4104 946 4160 omnino
974 4107 1193 4165 clamat
1214 4109 1606 4183 Veritas,quaa
1618 4113 1786 4169 dicit:
1810 4113 1951 4168 Cum
1974 4126 2078 4167 au-

426 4196 542 4246 tem
573 4193 796 4247 venerit
826 4194 930 4250 ille
960 4195 1223 4264 Spiritus
1253 4200 1539 4267 veritatis,
1582 4203 1807 4257 docebit
1836 4215 2080 4264 vosom-

424 4295 559 4336 nem
591 4282 900 4340 veritatem
932 4284 1127 4356 (Joan.
1161 4289 1405 4358 xv1,t3);
1437 4293 1495 4344 et
1521 4289 1695 4345 item:
1731 4291 1877 4346 Cum
1912 4306 2080 4350 vene-

423 4369 507 4424 rit
536 4368 803 4439 Spiritus
827 4375 1199 4442 paracletus,
1229 4391 1399 4446 quem
1452 4380 1642 4434 mittet
1671 4380 1858 4435 Pater
1887 4383 1945 4436 in
1977 4400 2077 4439 no-

423 4457 582 4513 mine
600 4473 746 4529 meo,
771 4461 895 4530 ipse
925 4477 1024 4517 vos
1045 4463 1272 4519 docebit
1293 4466 1513 4525 omnia,
1538 4472 1590 4522 et
1613 4476 1886 4538 suggeret
1918 4471 2077 4528 vobis

423 4548 624 4603 omnia
656 4565 1025 4623 quaecunque
1056 4552 1266 4609 dixero
1295 4554 1454 4609 vobis
1475 4555 1674 4626 (Joan.
1714 4573 1831 4626 xw,
1880 4561 1992 4631 26),
2022 4565 2078 4617 ct

421 4634 635 4693 iterum
653 4652 677 4694 .'
706 4639 892 4696 Nemo
923 4643 1085 4697 novit
1140 4643 1384 4709 Filium,
1440 4646 1558 4700 nisi
1606 4647 1828 4704 Pater:
1889 4666 2078 4723 neque

424 4723 666 4782 Patrem
689 4730 819 4799 quis
848 4731 1033 4802 novit,
1065 4732 1181 4787 nisi
1222 4733 1436 4801 Filius,
1470 4739 1524 4790 et
1549 4737 1648 4791 cui
1687 4738 1939 4795 voluerit
1980 4741 2079 4794 Fi-

425 4811 542 4866 lius
569 4819 834 4873 revelare
865 4819 1101 4890 (Matth.
1136 4837 1216 4889 x1,
1249 4823 1440 4893 27);et
1460 4823 1673 4880 iterum
1699 4843 1711 4880 :
1741 4828 2076 4885 Exsultans

426 4898 594 4954 Jesus
615 4902 850 4968 Spiritu
871 4914 1078 4964 sancto
1095 4911 1275 4967 dixit:
1293 4913 1592 4980 Conﬁteor
1615 4914 1739 4982 tibi,
1761 4917 1945 4974 Pater
1963 4920 2080 4974 Do-

427 4986 586 5075 mine
609 4989 746 5043 coeli
763 4997 817 5044 et
843 4998 1036 5066 terra,
1071 5000 1212 5068 quia
1238 4999 1601 5057 abscondisti
1625 5002 1750 5058 ha’c
1793 5020 1830 5060 a
1847 5008 2080 5075 sapien-

429 5073 583 5130 tibus
613 5080 667 5130 et
693 5079 1109 5154 prudentibus,
1137 5093 1191 5142 et
1223 5090 1504 5144 revelasti
1527 5106 1596 5146 ea
1626 5073 1925 5160 parvulis,
1958 5097 2073 5162 Ita,

425 5162 632 5235 Pater,
664 5167 944 5237 quoniam
976 5170 1058 5224 sic
1101 5173 1223 5240 fuit
1242 5177 1539 5242 placitum
1571 5185 1712 5236 ante
1740 5187 1797 5238 te
1829 5183 2075 5249 (Matth.

427 5268 508 5318 Xl,
532 5255 645 5324 ‘25).
672 5257 739 5311 Et
777 5254 856 5311 ad
897 5255 1142 5314 beatum
1172 5263 1449 5320 Petrum:
1500 5267 1721 5323 Beatus
1764 5285 1822 5325 es
1872 5271 2078 5326 Simon

426 5341 724 5429 Bariona,
755 5347 898 5416 quia
923 5361 1064 5402 caro
1094 5352 1150 5404 et
1195 5353 1440 5419 sanguis
1484 5370 1602 5410 non
1630 5359 1918 5414 revelavit
1949 5359 2078 5429 tibi,

428 5428 533 5484 sed
558 5431 745 5520 Pater
769 5449 951 5502 meus,
978 5436 1082 5508 qui
1113 5441 1195 5492 est
1227 5437 1288 5492 in
1311 5441 1471 5494 cretis
1505 5443 1870 5514 (Matth.xv1,
1900 5428 2078 5520 t7).Et

429 5519 751 5590 Apostolus
809 5540 822 5578 :
870 5524 946 5579 Et
996 5528 1275 5598 quoniam
1321 5543 1438 5584 non
1495 5534 1767 5600 cognovit
1819 5536 2078 5592 mundus

431 5621 540 5677 per
563 5611 922 5682 sapientiam
948 5616 1156 5685 Deum,
1198 5617 1430 5687 placuit
1463 5619 1586 5677 Deo
1615 5636 1726 5692 per
1753 5626 2074 5683 stultitiam

1787 5911 1943 5958 ,μνη
1957 5918 2026 5966 ἰχ

2186 3045 2315 3101 haec
2344 3050 2610 3101 extrema
2637 3045 3085 3117 copularentur,
3111 3060 3340 3117 aquam
3369 3044 3511 3100 dicit
3529 3048 3587 3100 et
3623 3059 3853 3100 aerem.

2189 3133 2354 3190 Unde
2385 3137 2628 3206 putatur
2649 3133 2734 3189 sic
2784 3133 3145 3189 intellexisse
3175 3133 3344 3206 quod
3385 3133 3678 3205 scriptum
3713 3138 3802 3188 est
3837 3151 3851 3188 :

2187 3224 2450 3293 Spiritus
2505 3224 2748 3278 Domini
2818 3223 3315 3292 superferebatur
3380 3235 3562 3291 super
3631 3237 3855 3293 aquam

2189 3313 2424 3384 (Gen.‘1,
2473 3312 2524 3376 2)
2561 3330 2574 3380 ;
2608 3327 2826 3384 parum
2857 3312 3085 3384 quippe
3133 3311 3449 3368 attendens
3499 3326 3627 3383 quo
3686 3326 3856 3367 more

2187 3400 2375 3457 soleat
2403 3400 2503 3456 illa
2534 3400 2838 3472 Scriptura
2867 3400 3172 3472 appellare
3206 3399 3491 3472 Spiritum
3537 3399 3664 3466 Dei,
3696 3415 3855 3472 quo-

2185 3489 2350 3544 niam
2387 3493 2442 3544 et
2472 3504 2575 3544 aer
2604 3488 2846 3561 spiritus
2876 3488 3091 3544 dicitur
3133 3494 3393 3560 quatuor
3423 3487 3709 3561 opinatus
3734 3488 3854 3544 ele-

2186 3583 2388 3634 menta
2407 3577 2541 3634 loco
2571 3577 2672 3634 illo
2703 3581 3180 3634 commemorata
3205 3576 3393 3633 videri
3427 3582 3645 3650 potest.
3681 3578 3858 3633 Dein-

2185 3667 2259 3724 de
2285 3667 2453 3740 quod
2485 3667 2646 3724 Plato
2685 3667 2829 3722 dicit
2869 3671 3203 3723 amatorem
3255 3666 3358 3722 Dei
3407 3682 3540 3722 esse
3584 3666 3858 3738 philoso-

2183 3757 2398 3830 phum,
2429 3755 2576 3812 nihil
2629 3757 2710 3813 sic
2750 3757 2811 3812 in
2864 3755 2977 3812 illis
3025 3756 3210 3814 sacris
3253 3755 3460 3812 litteris
3491 3755 3736 3825 ﬂagrat.
3793 3762 3852 3812 et

2185 3846 2446 3902 maxime
2475 3845 2621 3901 illud
2671 3845 2854 3919 (quod
2887 3850 2943 3901 et
2970 3862 3066 3902 me
3098 3844 3428 3917 plurimum
3477 3843 3729 3900 adducit
3781 3851 3848 3900 ut

2186 3950 2339 4007 pene
2371 3935 2656 3991 assentiat
2685 3935 2992 3991 Platonem
3020 3933 3260 3990 illorum
3297 3933 3592 3990 librorum
3642 3949 3857 4007 exper-

2188 4029 2306 4079 tem
2332 4040 2454 4080 non
2498 4023 2705 4095 fuisse)
2743 4023 2930 4097 quod,
2967 4040 3106 4079 cum
3139 4022 3216 4078 ad
3271 4028 3550 4079 sanctum
3606 4026 3853 4096 Moysen

2187 4112 2269 4168 ita
2293 4112 2478 4169 verba
2510 4113 2610 4168 Dei
2653 4129 2760 4186 per
2817 4111 3102 4182 angelum
3143 4111 3540 4184 perferantur,
3573 4118 3640 4168 ut
3687 4129 3856 4184 quae-

2188 4201 2334 4258 renti
2359 4202 2525 4275 quod
2557 4202 2632 4258 sit
2660 4218 2884 4258 nomen
2908 4202 3037 4273 ejus
3063 4201 3166 4274 qui
3193 4217 3330 4257 eum
3367 4216 3614 4273 pergere
3646 4203 3856 4274 praeci-

2189 4290 2392 4363 piebat
2417 4290 2496 4345 ad
2522 4291 2818 4363 populum
2843 4293 3162 4346 Hebraeum
3200 4305 3274 4344 ex
3296 4291 3559 4362 Egypto
3589 4289 3853 4346 liberan-

2189 4379 2357 4444 dum,
2398 4378 2869 4451 respondeatur:
2923 4379 3050 4448 Ego
3077 4394 3208 4433 sum
3260 4379 3366 4449 qui
3401 4394 3551 4434 sum.
3580 4379 3662 4434 Et
3689 4380 3851 4436 dices

2183 4469 2327 4538 ﬁliis
2359 4468 2543 4524 Israel
2579 4485 2590 4522 :
2637 4467 2750 4535 Qui
2798 4472 2881 4523 est
2937 4468 3098 4522 misit
3128 4483 3220 4523 me
3248 4468 3330 4522 ad
3358 4483 3456 4524 vos
3490 4468 3732 4538 (Exod,
3762 4488 3846 4535 ιιι,

2192 4557 2612 4628 14),tanquam
2640 4555 2700 4610 in
2733 4555 2863 4626 ejus
2914 4555 3366 4628 comparatione
3411 4556 3519 4628 qui
3574 4572 3715 4613 vere
3738 4563 3840 4624 est,

2185 4644 2329 4717 quia
2351 4643 2865 4700 incommutabilis
2895 4648 3002 4714 est,
3033 4660 3126 4712 ea,
3157 4660 3279 4716 qua
3327 4644 3648 4701 mutabilia
3684 4645 3841 4700 facta

2187 4737 2346 4800 sunt,
2380 4749 2503 4789 non
2535 4734 2670 4789 sint.
2721 4733 3109 4788 Vehementer
3164 4733 3280 4788 hoc
3333 4732 3500 4788 Plato
3540 4733 3748 4802 tenuit,
3787 4739 3845 4789 et

2185 4821 2635 4893 diligentissime
2661 4821 3126 4878 commendavit.
3179 4826 3236 4876 et
3260 4821 3462 4877 nescio
3493 4827 3698 4877 utrum
3729 4823 3849 4878 hoc

2186 4911 2425 4985 uspiam
2454 4912 2786 4984 reperiatur
2807 4911 2868 4966 in
2889 4911 3054 4966 libris
3087 4925 3297 4966 eorum
3339 4911 3445 4983 qui
3472 4917 3609 4967 ante
3653 4911 3849 4968 Plato-

2186 5017 2325 5056 nem
2356 5000 2612 5064 fuerunt,
2649 5001 2760 5056 nisi
2815 5000 2920 5056 ubi
2951 4999 3178 5055 dictum
3207 5004 3296 5055 est
3325 5019 3338 5056 ε
3401 5001 3526 5071 Ego
3573 5016 3706 5056 sum
3741 5005 3850 5072 qui

2185 5106 2334 5146 sum.
2364 5091 2440 5144 Et
2472 5089 2629 5145 dices
2661 5091 2783 5146 eis:
2812 5090 2925 5157 Qui
2939 5094 3022 5146 est
3045 5090 3204 5144 misit
3233 5105 3324 5144 me
3356 5090 3436 5146 ad
3459 5105 3577 5146 vos.
3604 5089 3723 5146 Sed
3741 5107 3852 5144 un-

2186 5180 2502 5251 decunque
2533 5179 2646 5235 ista
2674 5178 2769 5234 ille
2792 5179 3030 5248 diceret,
3056 5178 3175 5233 sive
3191 5177 3671 5250 praecedentibus
3701 5195 3850 5235 eum

2185 5275 2454 5325 veterum
2484 5268 2670 5336 libris,
2719 5268 2843 5324 sive
2881 5266 3101 5341 potius,
3132 5267 3442 5340 quomodo
3471 5267 3612 5324 dicit
3658 5273 3850 5341 Apos-

2186 5358 2342 5415 tolus
2376 5376 2388 5415 :
2415 5360 2568 5427 Quia
2596 5359 2758 5430 quod
2784 5364 2990 5414 notum
3021 5362 3106 5413 est
3139 5358 3267 5425 Dei,
3310 5359 3704 5428 manifestum
3760 5366 3848 5416 est

2183 5451 2248 5503 in
2281 5448 2423 5504 illis.
2456 5449 2612 5505 Deus
2653 5449 2808 5505 enim
2861 5447 2987 5503 illis
3020 5447 3472 5518 manifestavit:
3505 5447 3848 5504 invisibilia

2186 5538 2338 5593 enim
2390 5539 2517 5606 ejus
2571 5553 2608 5594 a
2662 5537 3085 5593 constitutione
3134 5530 3371 5606 mundi,
3414 5552 3525 5606 per
3579 5551 3646 5592 ea
3705 5554 3845 5608 qua?

2184 5626 2353 5696 facta
2381 5631 2542 5694 sunt,
2575 5627 2882 5685 intellecta
2922 5626 3422 5697 conspiciuntur;
3473 5628 3842 5696 sempiterna
