4160 6186
331 163 470 221 1313

1283 161 1372 216 DE
1410 153 2070 214 PREDESTINATIONE
2105 155 2382 213 CONTRA
2418 151 2470 213 J.
2515 158 2804 216 SCOTUM.

3612 169 3750 224 1314

327 299 558 360 quoque
586 284 783 340 virtus
809 283 940 352 ejus
967 288 1022 337 et
1042 284 1340 338 Divinitas
1371 282 1831 352 (Rom.1,19,20).
1863 283 1989 337 Non
2018 283 2065 334 A
2100 280 2241 350 gati,
2272 282 2484 352 parati,
2517 282 2857 355 praeparati,
2885 283 3124 348 decreti,
3162 284 3426 356 judicati,
3457 287 3750 358 damnati,

324 374 626 432 immerito
659 388 757 428 me
788 371 1124 427 Platonicos
1148 372 1545 444 philosophos
1570 371 1817 440 elegisse
1849 387 1986 427 cum

322 464 553 540 quibus
582 478 765 533 agam
796 460 962 533 quod
986 460 1045 515 in
1066 461 1180 517 ista
1207 462 1559 532 quaestione,
1584 477 1771 534 quam
1805 460 1987 517 modo

327 553 734 626 suscepimus,
777 549 1015 620 agitur.]
1046 551 1087 619 σι-
1122 550 1284 605 Unde
1314 551 1527 605 beatus
1560 550 1781 605 Paulus
1808 566 1986 622 apos-

327 643 487 700 tolus
511 659 524 697 :
563 641 766 696 Videte
785 655 860 695 ne
875 639 1004 710 quis
1028 654 1126 694 vos
1147 639 1404 708 decipiat
1422 655 1530 709 per
1543 640 1985 708 philosophiam

327 739 380 790 et
413 734 652 787 inanem
677 729 1022 798 fallaciam,
1053 729 1376 784 secundum
1401 729 1781 784 traditionem
1805 729 1986 783 homi-

325 838 492 887 num,
521 820 850 877 secundum
878 819 1164 875 elementa
1193 819 1372 887 hujus
1404 818 1633 886 mundi,
1671 825 1722 874 et
1754 833 1873 873 non
1903 833 1984 873 se-

326 911 590 969 cundum
623 909 954 979 Christum,
986 909 1129 978 quia
1159 911 1222 963 in
1247 909 1370 977 ipso
1393 909 1626 962 habitat
1657 908 1845 962 omnis
1859 908 1986 976 ple-

326 999 538 1056 nitudo
565 997 902 1054 divinitatis
933 997 1332 1065 corporaliter
1365 996 1514 1061 (Col.
1549 1012 1605 1058 ιι,
1639 1001 1690 1062 8,
1720 998 1798 1065 9).

399 1086 752 1143 Ambrosius
797 1085 918 1156 (ad.
971 1086 1096 1140 Col.
1132 1100 1262 1154 cap.
1294 1101 1352 1154 ιι,
1387 1085 1436 1153 8)
1473 1102 1485 1139 :
1521 1083 1983 1157 [Philosophiam

326 1177 469 1233 dicit
489 1181 806 1241 terrenam,
826 1189 934 1246 per
954 1189 1141 1244 quam
1169 1173 1361 1228 solent
1389 1173 1588 1228 seduci
1613 1174 1712 1245 qui
1737 1175 1985 1246 cupiunt

323 1266 650 1340 prudentes
676 1263 934 1334 judicari
963 1262 1024 1317 in
1052 1263 1301 1344 mundo.
1339 1265 1472 1318 llaec
1504 1263 1890 1333 argumentis,
1929 1267 1985 1317 et

325 1355 650 1411 subtilitate
695 1351 1087 1407 minutiarum
1133 1351 1538 1423 quarumdam
1582 1351 1981 1423 componitur,

324 1443 504 1517 quasi
543 1441 828 1515 physicas
867 1438 1309 1509 investigaverit
1348 1441 1608 1496 rationes
1652 1440 1812 1511 (Sap.
1855 1455 1980 1506 XIII,

327 1534 435 1604 14),
495 1531 780 1604 quaedam
825 1529 1059 1586 habens
1108 1529 1376 1586 admixta
1421 1546 1556 1603 quae
1604 1529 1986 1585 hortamenta

2096 369 2338 447 addicti,
2407 371 2700 443 dispositi,
2772 371 3124 444 dispensati,
3193 374 3468 443 ordinati,
3527 379 3750 446 statuti,

2097 459 2422 530 constituti,
2473 459 2717 532 praeﬁxi,
2774 461 3022 532 detiniti,
3063 463 3360 535 prteﬁniti,
3415 469 3471 520 et
3517 471 3748 524 caetera.

2097 547 2261 618 Quae,
2302 547 2379 604 ad
2420 548 2700 604 eumdem
2741 549 3102 607 intellectum
3143 553 3579 621 concurrentia,
3617 571 3754 628 pas-

2096 635 2208 692 sim
2263 637 2324 692 in
2365 637 2580 694 divinis
2621 638 2882 710 paginis,
2922 643 3284 714 Patrumque
3320 643 3753 702 venerabilium

2095 725 2327 796 scriptis
2371 727 2570 798 posita
2617 727 3019 785 inveniuntur.
3072 731 3296 786 Verum
3341 731 3478 804 quis
3527 733 3755 792 nesciat

2094 827 2220 869 non
2251 813 2410 869 idem
2447 831 2578 871 esse
2596 818 2900 886 prazvidit,
2946 818 3112 891 quod
3149 824 3236 876 est
3271 822 3596 890 praeﬁnivit
3625 826 3754 880 ?Ac

2093 917 2202 975 per
2244 903 2359 959 hoc
2403 919 2542 960 cum
2569 907 2878 976 prae/inire
2916 912 2972 963 ct
3007 909 3442 978 pra’destinare
3472 911 3582 966 sibi
3613 928 3752 968 con-

2093 992 2316 1061 ainant,
2365 993 2689 1065 praevidere
2746 995 2824 1051 ab
2869 996 2962 1050 his
3010 997 3270 1053 multum
3313 998 3548 1056 differre
3601 1001 3749 1057 nulli

2093 1080 2296 1138 sobrio
2338 1083 2712 1154 incognitum
2761 1085 2989 1157 liquet;
3045 1087 3207 1158 quia,
3257 1087 3409 1145 sicut
3447 1106 3605 1162 saepe
3648 1106 3754 1147 no-

2093 1173 2285 1226 tatum
2344 1176 2452 1233 est.
2503 1171 2694 1228 multa
2743 1175 3169 1247 praevidentur,
3223 1193 3360 1249 qua:
3413 1178 3754 1234 nullatenus

2092 1258 2512 1330 praefiniuntur
2553 1261 2565 1314 l
2618 1261 2847 1317 Interea
2898 1262 3325 1320 admirandum
3372 1265 3753 1339 interpretem

2093 1364 2216 1420 quo
2265 1349 2434 1404 decet
2471 1348 2700 1406 honore
2733 1351 3116 1408 afﬁciendum
3160 1353 3368 1422 video;
3402 1356 3525 1427 qui,
3565 1373 3753 1414 novas

2093 1436 2270 1490 nobis
2320 1437 2753 1508 interpretandi
2799 1439 2987 1495 lineas
3039 1440 3354 1511 atlingens,
3399 1445 3630 1517 nequiit
3668 1446 3757 1501 in-

2099 1523 2422 1595 trospicere
2448 1525 2613 1595 quod
2642 1541 2766 1580 non
2793 1528 3000 1583 omnia
3019 1528 3203 1584 verba
3221 1531 3447 1598 Latina,
3469 1533 3752 1604 quzeloco

324 1622 441 1677 sint
495 1621 672 1677 bonae
724 1619 877 1689 vitae,
937 1618 1031 1674 vel
1080 1619 1465 1686 documenta,
1525 1618 1852 1691 aliquando
1909 1617 1984 1673 de
2025 1636 2064 1690 Β
2096 1612 2276 1667 unius
2301 1613 2394 1668 vel
2429 1613 2612 1669 Graeci
2641 1613 2734 1669 vel
2761 1614 2983 1671 Hebrtei
3007 1618 3298 1673 sermonis
3328 1619 3421 1674 vel
3442 1621 3758 1692 cujuslibet

324 1711 647 1775 mensuris,
675 1725 785 1764 nec
815 1723 939 1764 non
967 1707 1041 1763 de
1079 1709 1365 1775 numeris,
1399 1708 1724 1780 aliquando
1761 1708 1837 1762 de
1867 1706 1983 1763 ele-

324 1803 665 1855 mentorum
701 1795 1090 1869 qualitatibus
1121 1801 1178 1852 et
1201 1796 1634 1869 quantitatibus
1662 1796 1936 1852 ordinata
1966 1802 1978 1840 τ

321 1888 385 1944 in
432 1888 602 1958 cujus
650 1884 1158 1958 disputationibus
1205 1885 1311 1958 qui
1359 1885 1647 1952 inciderit,
1696 1886 1796 1940 vix
1843 1901 1980 1941 raro

323 1977 452 2048 [al..
491 1981 593 2032 aut
613 1974 949 2046 nunquam]
981 1973 1189 2030 evadet
1217 1993 1230 2029 :
1264 1973 1562 2030 detinetur
1591 1976 1751 2029 enim
1779 1975 1981 2030 verisi-

294 2065 568 2126 .milibus
610 2064 827 2130 causis,
879 2067 933 2119 et
981 2063 1404 2118 commentitiis
1436 2064 1636 2133 rebus,
1680 2063 1827 2119 nihil
1859 2069 1981 2120 tam

326 2171 536 2211 verum
568 2155 892 2216 aestimans,
924 2168 1107 2224 quam
1137 2152 1306 2225 quod
1335 2153 1698 2225 conspicitur
1729 2159 1784 2208 et
1812 2153 1980 2208 intel-

324 2242 526 2312 ligitur
551 2243 613 2298 in
629 2242 934 2298 elementis
961 2242 1127 2312 (Sap.
1151 2242 1286 2312 xv);
1315 2246 1372 2297 et
1391 2243 1535 2314 quia
1563 2258 1699 2314 qua:
1729 2242 1806 2298 ad
1828 2258 1979 2315 prae-

326 2347 464 2388 sens
491 2337 647 2398 sunt,
680 2334 736 2386 et
765 2335 1106 2401 cernuntur,
1132 2329 1364 2398 oculus,
1399 2330 1604 2387 suavia
1630 2335 1687 2386 et
1722 2331 1980 2387 oblecta-

323 2421 468 2477 bilia
491 2421 785 2487 videntur,
809 2419 1151 2492 aliquantos
1181 2418 1498 2491 seducunt,
1521 2419 1626 2492 qui
1654 2419 1979 2493 spiritalem

320 2509 616 2567 rationem
637 2507 1089 2582 despiciendam
1120 2512 1177 2564 et
1204 2507 1592 2578 rejiciendam
1612 2507 1981 2582 putant,des-

318 2599 626 2672 peratione
657 2597 838 2654 futuri
870 2597 1030 2667 (Sap.
1065 2600 1152 2668 n),
1183 2613 1427 2653 omnem
1460 2597 1583 2653 vim
1614 2597 1789 2653 astris
1829 2599 1978 2652 assi-

321 2692 575 2756 gnantes
601 2690 768 2758 (Sap.
799 2691 926 2753 xn),
955 2685 1179 2741 carnali
1201 2685 1416 2742 rationi
1445 2685 1713 2755 obnoxii,
1744 2701 1820 2741 ne
1842 2701 1978 2755 gra-

319 2775 420 2830 via
446 2775 745 2831 credenda
775 2775 890 2830 sint
925 2774 1157 2831 sustolli
1198 2790 1376 2848 posse
1404 2773 1466 2830 in
1499 2773 1671 2841 caelo,
1703 2773 1798 2830 vel
1824 2773 1981 2830 levia

320 2865 521 2920 venire
544 2865 621 2920 ad
645 2869 850 2931 terras,
875 2870 980 2921 aut
1000 2864 1227 2936 aliquid
1249 2880 1608 2938 corporeum
1629 2863 1755 2920 sine
1777 2879 1979 2919 rerum

2093 1701 2313 1771 lingua:
2336 1701 2724 1774 interpretata
2745 1712 3074 1777 ponuntur,
3099 1724 3288 1764 unum
3321 1725 3558 1782 semper
3577 1710 3756 1782 signi-

2094 1789 2272 1846 ﬁcare
2302 1806 2546 1846 necesse
2587 1791 2696 1859 sit;
2745 1793 2850 1848 sed
2888 1809 2998 1866 pro
3039 1795 3310 1852 locorum
3341 1798 3752 1870 qualitatibus,

2095 1895 2256 1935 nunc
2283 1879 2398 1934 hoc
2432 1895 2593 1935 nunc
2642 1880 2789 1936 illud
2821 1883 3132 1938 ostendere
3167 1903 3180 1940 :
3209 1887 3752 1957 quemadmodum,

2094 1967 2246 2023 inter
2295 1973 2558 2040 caeteros,
2609 1969 2703 2024 vel
2751 1972 3016 2027 maxime
3065 1980 3308 2029 sanctus
3355 1975 3753 2047 Hieronymus

2095 2055 2317 2112 demon
2331 2062 2512 2124 strat;
2543 2058 2799 2114 sicutest
2823 2061 2972 2130 Bar,
3013 2061 3178 2134 quod
3209 2064 3267 2117 in
3297 2070 3503 2120 nostra
3544 2065 3754 2134 lingua

2091 2147 2307 2213 ﬁlium,
2358 2162 2582 2216 purum
2617 2149 2904 2215 triticum,
2943 2157 2995 2206 et
3023 2152 3324 2220 spicarum
3365 2154 3746 2225 fasciculum,

2095 2237 2273 2306 atque
2293 2233 2541 2291 electum
2566 2236 2879 2306 signiﬁcat.
2901 2240 3181 2312 Nunquid
3202 2241 3339 2297 ideo
3361 2256 3549 2297 unum
3567 2243 3745 2298 idem-

2095 2337 2212 2394 que
2241 2321 2514 2378 dicentur
2533 2323 2870 2398 signiﬁcare
2893 2330 2976 2382 tot
2994 2327 3269 2385 Romana
3283 2329 3751 2403 vocabula,quia

2096 2423 2208 2480 pro
2237 2425 2360 2465 uno
2386 2409 2482 2466 vel
2515 2410 2779 2480 Hebraeo,
2806 2412 2902 2469 vel
2931 2415 3079 2485 Syro
3099 2431 3373 2494 sermone
3403 2432 3512 2490 pro
3538 2417 3749 2473 intelli-

2097 2498 2436 2568 gentiarum
2465 2499 2854 2558 varietatibus
2887 2503 3086 2575 posita
3113 2503 3390 2575 leguntur
3414 2507 3441 2561 σι’
3471 2506 3748 2575 Proinde,

2095 2587 2261 2659 quod
2300 2587 2376 2644 de
2422 2589 2964 2662 praedestinatione,
2996 2593 3350 2665 prtevisione
3398 2600 3454 2651 et
3492 2595 3752 2668 praeﬁni-

2100 2676 2260 2731 tione
2288 2683 2500 2748 morte,
2520 2678 2716 2750 poenis
2736 2684 2915 2753 atque
2939 2681 3266 2754 suppliciis,
3284 2682 3524 2755 loquaci
3548 2683 3748 2753 taedio,

2099 2764 2376 2835 garrulus
2403 2766 2599 2836 magis
2632 2783 2818 2840 quam
2865 2768 3173 2841 eloquens,
3214 2770 3430 2840 iteras;
3462 2773 3750 2844 quoniam

2095 2869 2280 2925 supra
2299 2855 2441 2910 satis
2459 2855 2822 2929 abundeque
2839 2858 3213 2914 confutatum
3233 2865 3289 2915 et
3310 2861 3750 2918 comminutum

319 2955 676 3010 admistione
708 2953 1000 3024 generari,
1030 2959 1437 3026 repugnantes
1456 2953 1736 3024 potentiae
1757 2969 1828 3009 ac
1848 2969 1982 3026 pro-
2013 2984 2054 3040 ρ
2092 2942 2380 3007 Ποεοίῑιπν
2412 2959 2488 2999 ne
2518 2945 2602 3000 ῑυί
2621 2945 2902 3040 ermplo
2923 2946 3137 3040 ﬁadem
3159 2963 3280 3004 ηοη
3311 2950 3644 3040 ιξθοθεεᾶτίθ
3664 2966 3752 3006 1‘9-

320 3043 595 3099 videntiae
625 3043 725 3098 Dei
760 3059 773 3098 :
800 3041 997 3098 sciunt
1027 3042 1188 3097 enim
1213 3040 1330 3111 legi
1360 3041 1418 3096 in
1446 3041 1662 3096 divinis
1682 3042 1982 3098 veteribus

321 3131 711 3188 Hebraeorum
741 3130 1152 3187 voluminibus
1173 3129 1362 3185 multa
1391 3132 1557 3198 gesta
1580 3145 1688 3202 per
1717 3133 1980 3202 Moysen,

317 3236 454 3292 qua:
469 3221 742 3275 humana
762 3220 914 3274 ratio
936 3235 1058 3274 non
1081 3218 1245 3290 capit
1269 3218 1460 3289 (Deut.
1487 3219 1582 3288 iv).
1599 3218 1783 3273 Simili
1797 3219 1981 3275 modo

317 3314 376 3365 et
395 3310 457 3364 in
481 3309 652 3364 novis
681 3307 866 3376 libris,
885 3306 1040 3363 facta
1071 3323 1108 3363 a
1126 3307 1380 3362 Domino
1397 3311 1499 3362 aut
1519 3322 1625 3378 per
1654 3308 1978 3380 apostolos,

317 3412 457 3469 quae
500 3400 790 3451 tractatur
823 3395 1083 3452 carnalis
1130 3395 1410 3468 prohibet
1451 3397 1612 3452 credi
1651 3399 1806 3464 (Act.
1839 3401 1977 3470 xui).

317 3486 484 3541 Hanc
516 3500 659 3556 ergo
689 3485 1069 3540 traditionem
1098 3485 1548 3558 philosophiam
1598 3485 1871 3542 fallacem
1925 3492 1982 3545 et

316 3575 562 3630 inanem
612 3574 874 3647 appellat
905 3576 963 3645 (Ι
989 3575 1124 3632 Cor.
1173 3579 1257 3642 ιι),
1290 3575 1433 3648 quia
1471 3591 1591 3630 non
1639 3591 1675 3632 a
1716 3578 1981 3650 potentia

318 3663 417 3719 Dei
439 3663 716 3719 ordinata
737 3663 959 3729 est,sed
981 3663 1058 3719 ab
1081 3663 1490 3719 imbecillitate
1512 3665 1980 3721 ratiocinationis

315 3751 623 3819 humanae,
647 3768 781 3825 quae
800 3753 1126 3823 potentiam
1151 3752 1249 3807 Dei
1285 3753 1440 3808 intra
1471 3753 1780 3809 scientiam
1804 3770 1978 3809 suam

319 3846 604 3907 coarctat,
635 3858 710 3897 ne
756 3841 924 3896 aliter
953 3842 1232 3897 credatur
1265 3841 1471 3911 facere,
1506 3857 1692 3914 quam
1721 3843 1978 3899 carnalis

322 3946 384 3985 se
417 3931 676 3986 continet
705 3931 891 3997 ratio;
925 3946 1110 4002 quam
1142 3930 1393 3999 singulis
1423 3929 1728 3985 elementis
1771 3931 1982 3987 divini-

321 4019 461 4075 tatis
483 4018 815 4075 diversitate
838 4021 968 4087 (al.,
992 4019 1418 4088 diversitatem)
1441 4019 1730 4089 deputant
1751 4019 1830 4074 ad
1856 4020 1978 4076 cul-

317 4113 534 4176 turam,
569 4113 634 4164 ut
663 4108 925 4177 obligent
960 4108 1194 4164 animos
1236 4107 1668 4180 imperitorum,
1700 4123 1776 4162 ne
1805 4124 1866 4162 se
1901 4109 1980 4165 ad

318 4200 506 4252 Deum
543 4212 755 4252 verum
806 4197 1142 4252 extendant.
1195 4194 1597 4260 Quamobrem
1641 4195 1977 4252 cavendam

317 4289 521 4341 monet
556 4285 934 4342 traditionem
975 4285 1151 4341 istam
1195 4284 1339 4356 quia
1382 4285 1592 4339 mundi
1638 4283 1846 4341 cultrix
1887 4291 1978 4341 est

317 4375 480 4446 (Sap.
508 4375 652 4445 xui),
681 4390 804 4430 non
836 4374 936 4430 Dei
965 4375 1067 4447 qui
1107 4389 1264 4428 unus
1295 4373 1397 4441 esi,
1430 4389 1541 4428 nec
1571 4372 1648 4430 ad
1681 4374 1976 4431 Christum

321 4462 430 4516 sed
460 4478 497 4518 a
522 4463 752 4519 Christo
780 4463 1092 4526 abstrahit,
1117 4463 1178 4518 in
1201 4479 1322 4536 quo
1343 4461 1626 4535 perfectio
1655 4461 1978 4520 divinitatis

322 4551 463 4620 est.)

391 4641 432 4710 -ι-
467 4639 601 4703 Sed,
635 4644 696 4698 ut
727 4641 803 4698 ad
834 4641 1206 4716 propositum
1241 4641 1585 4706 redeamus,
1618 4641 1761 4713 quia
1791 4641 1852 4696 in
1876 4643 1978 4697 La-

315 4730 455 4786 tinis
487 4730 847 4787 dictionibus
891 4731 1068 4787 nobis
1118 4729 1336 4785 Atticas
1377 4730 1634 4800 origines
1664 4730 1974 4802 importes,

315 4823 399 4874 tot
453 4818 850 4874 Ecclesiarum
904 4818 1228 4889 magistris,
1288 4818 1657 4874 Graecitatem
1705 4819 1977 4890 apprime

315 4907 659 4979 scientibus,
690 4924 1009 4980 nunquam
1053 4906 1643 4980 praedestinationcm
1674 4922 1784 4979 pro
1825 4922 1976 4980 prte—

310 4996 542 5052 visione
592 4997 789 5069 posita
826 4996 1106 5066 legimus,
1159 4994 1450 5070 quoniam
1499 5012 1571 5052 ea
1619 5011 1725 5068 per
1773 4997 1978 5053 omnia

311 5082 549 5139 differre
579 5100 703 5140 non
746 5085 1104 5140 nescierunt.
1153 5088 1321 5153 Nam,
1375 5085 1508 5142 licet
1553 5085 1699 5142 nihil
1745 5085 1976 5158 absque

309 5171 669 5244 praevisione
725 5173 919 5245 possit
970 5173 1402 5245 praedestinari,
1452 5174 1976 5247 quemadmodum

309 5259 385 5316 de
417 5260 699 5318 distantia
727 5261 1114 5334 praescientite
1163 5267 1219 5318 et
1264 5262 1804 5334 praedestinationis
1847 5262 1977 5332 jam

307 5348 486 5422 plura
508 5351 1123 5423 congessimus.Quod
1147 5351 1198 5406 si
1225 5349 1768 5425 prmdestinationis
1797 5365 1977 5407 voca-

307 5437 527 5494 bulum
554 5441 693 5497 huic
740 5440 1061 5497 intellectui
1105 5439 1396 5512 subjacet,
1436 5439 1585 5511 quid
1627 5437 1703 5494 de
1745 5437 1972 5494 caeteris

310 5528 691 5587 sentiendum
725 5546 1109 5604 censes,qua3
1135 5530 1197 5586 in
1228 5528 1510 5587 eumdem
1542 5543 1785 5584 sensum
1812 5527 1974 5601 posi-

309 5619 375 5675 ta
404 5616 760 5678 creberrime
806 5620 1108 5692 leguntur,
1137 5617 1320 5678 veluti
1357 5621 1445 5675 est
1493 5615 1780 5689 deputati,
1816 5616 1972 5675 dele-

2089 3035 2393 3104 petamus,
2426 3032 2698 3088 consulte
2729 3034 3187 3091 transiliendum
3217 3035 3604 3094 credidimus.

2163 3123 2442 3177 Attamen
2468 3121 2619 3178 illud
2642 3123 2975 3180 notandum
3003 3140 3218 3181 censeo
3246 3125 3413 3198 quod
3434 3142 3574 3183 cum
3593 3142 3750 3184 mor-

2090 3213 2213 3266 tem
2247 3226 2282 3266 a
2313 3211 2431 3266 Deo
2471 3226 2600 3266 esse
2630 3213 2942 3281 negaveris
2999 3214 3150 3286 (cap.
3198 3219 3282 3286 l8,
3315 3231 3375 3272 n.
3418 3220 3472 3285 5,
3495 3221 3636 3272 sect.
3668 3221 3749 3300 5),

2090 3305 2344 3357 mortem
2390 3301 2598 3357 mortis
2625 3305 2859 3358 aeternae
2889 3304 3079 3359 vitam
3108 3309 3414 3375 aeternam,
3442 3306 3503 3361 id
3524 3312 3612 3362 est
3640 3309 3750 3363 Do-

2088 3389 2321 3444 minum
2354 3395 2634 3446 nostrum
2667 3393 2867 3447 Jesum
2894 3392 3191 3449 Christum
3214 3394 3451 3466 dixeris,
3481 3395 3612 3468 ipso
3643 3412 3752 3470 per

2089 3477 2444 3550 pr0phetam
2486 3480 2926 3551 prmnuntiante
2959 3498 2971 3535 :
2999 3482 3118 3537 Ero
3147 3498 3303 3539 mors
3334 3490 3459 3548 tua,
3490 3501 3520 3539 ο
3549 3501 3707 3541 mors
3731 3498 3754 3556 ,'

2089 3582 2188 3622 ero
2227 3583 2455 3623 morsus
2491 3574 2649 3635 tuus,
2708 3570 2946 3640 inferne
2988 3570 3169 3640 (Osee.
3203 3586 3326 3627 xm.
3362 3576 3468 3645 14).
3504 3574 3562 3630 Si
3609 3589 3751 3644 ergo

2089 3656 2218 3728 ipse
2250 3675 2312 3714 se
2341 3663 2597 3714 mortem
2638 3661 2988 3731 pronuntiat
3015 3678 3145 3718 esse
3172 3662 3403 3731 mortis,
3439 3664 3750 3736 quomodo

2090 3761 2318 3815 negare
2339 3747 2526 3802 audes
2549 3753 2804 3804 mortem
2832 3765 2964 3805 esse
2995 3767 3031 3805 a
3062 3751 3180 3807 Deo
3202 3752 3228 3805 ‘?
3259 3752 3400 3806 Item
3422 3753 3587 3824 quod
3605 3752 3752 3808 dicis

2089 3835 2281 3890 deseri
2311 3850 2346 3890 a
2390 3836 2531 3900 Deo,
2563 3836 2624 3888 id
2650 3851 2768 3891 esse
2800 3839 3064 3892 interimi
3093 3844 3247 3909 (cap.
3287 3843 3370 3902 t8,
3408 3855 3468 3893 n.
3514 3844 3568 3902 6,
3608 3847 3748 3896 sect.

2090 3925 2144 3988 5)
2180 3939 2192 3975 :
2226 3935 2332 3976 nec
2361 3922 2521 3992 quod
2550 3922 2612 3977 in
2643 3923 2722 3976 eis
2752 3924 2876 3991 ipse
2901 3925 3069 3993 fecit,
3102 3925 3367 3994 relinqui
3393 3926 3485 3979 vel
3514 3926 3708 3980 deseri
3729 3943 3751 3982 .'

2089 4009 2360 4080 alioquin
2407 4023 2614 4064 earum
2665 4015 2948 4065 naturam
2996 4025 3068 4066 ac
3120 4010 3378 4066 nihilum
3437 4012 3653 4081 redire,
3699 4015 3753 4069 si

2090 4112 2318 4154 summa
2349 4098 2599 4153 essentia
2630 4098 2693 4154 in
2723 4101 2802 4152 eis
2825 4113 2943 4153 non
2979 4099 3076 4166 sit,
3109 4099 3212 4156 sed
3235 4101 3394 4172 quod
3420 4101 3485 4156 in
3517 4101 3597 4158 eis
3627 4117 3749 4158 non

2088 4188 2256 4258 fecit,
2281 4186 2345 4242 id
2367 4191 2451 4242 est
2476 4186 2839 4257 superbiam,
2882 4189 3088 4258 sperni
3114 4188 3268 4262 (cap.
3310 4192 3396 4255 18,
3426 4206 3486 4247 n.
3515 4195 3569 4259 7,
3603 4196 3743 4248 sect.

2092 4277 2144 4348 6)
2179 4295 2190 4333 :
2225 4293 2470 4350 prorsus
2499 4278 2730 4336 veritati
2759 4279 3051 4351 reniteris,
3097 4295 3232 4353 quae
3269 4281 3454 4337 Deum
3479 4281 3748 4354 judicem

2085 4366 2490 4438 justissimum
2531 4373 2711 4442 atque
2740 4369 3348 4442 irreprehensibilem,
3382 4370 3445 4426 id
3474 4371 3640 4444 quod
3669 4371 3752 4427 fe-

2090 4457 2188 4527 cit,
2220 4457 2282 4513 id
2311 4463 2399 4515 est
2445 4459 2693 4528 angelos
2737 4465 3044 4533 apostatas
3088 4464 3145 4516 et
3181 4458 3458 4517 homines
3505 4461 3746 4532 impios,

2087 4547 2300 4602 merito
2346 4548 2673 4620 iniquitatis
2711 4565 2919 4604 eorum
2960 4549 3173 4621 punire
3209 4549 3512 4621 praedicat.
3558 4551 3744 4605 Deum

2087 4652 2333 4708 quoque
2363 4637 2424 4692 in
2457 4653 2530 4694 ea
2562 4642 2782 4694 natura
2811 4655 2996 4711 quam
3038 4639 3117 4694 ad
3160 4655 3221 4695 se
3251 4639 3471 4696 creavit
3511 4654 3748 4712 semper

2085 4724 2360 4781 habitare
2387 4725 2542 4782 falso
2575 4727 2815 4796 astruis,
2838 4728 3010 4798 cujus
3025 4727 3316 4784 habitatio
3345 4744 3468 4784 non
3499 4729 3615 4784 nisi
3645 4745 3754 4802 per

2089 4815 2342 4885 gratiam
2365 4816 2667 4873 edocetur.
2701 4817 2949 4874 Proinde
2981 4817 3146 4889 quod
3168 4819 3230 4874 in
3256 4818 3541 4875 laudibus
3583 4819 3744 4877 beati

2086 4905 2403 4975 Augustini
2445 4922 2758 4979 perorans,
2803 4923 2926 4963 non
2975 4924 3114 4964 eum
3156 4909 3370 4965 eodem
3411 4909 3596 4967 modo
3639 4927 3744 4968 vo-

2084 4993 2267 5051 luisse
2307 4995 2554 5067 intelligi
2585 5013 2900 5054 asseVeras
2929 4999 3096 5071 quod
3140 4999 3289 5057 dixit
3333 5017 3347 5056 :
3385 5015 3543 5074 quos
3584 5003 3745 5074 juste

2084 5083 2535 5157 praedestinavit
2565 5085 2644 5142 ad
2673 5102 2939 5159 poenam,
2974 5104 3096 5160 quo
3124 5089 3314 5146 voluit
3353 5090 3521 5163 quod
3551 5091 3694 5146 dixit
3725 5107 3738 5146 :

2085 5187 2240 5244 quos
2272 5172 2530 5242 benigne
2571 5175 3020 5246 praedestinavit
3067 5177 3144 5233 ad
3185 5178 3459 5249 gratiam,
3513 5177 3741 5233 affatim

2083 5261 2398 5336 praemissa
2427 5262 2758 5321 confutant.
2810 5267 3010 5339 Neque
3050 5283 3293 5324 necesse
3324 5272 3412 5323 est
3458 5269 3522 5321 ut
3567 5264 3739 5321 toties

2084 5352 2316 5420 evitata,
2352 5352 2530 5425 quasi
2567 5352 2951 5413 formidanda
2981 5359 3280 5431 superﬂue
3305 5354 3700 5413 inculcantur.

2155 5439 2307 5506 Quid
2337 5443 2646 5514 tantopere
2677 5443 2777 5500 Dei
2807 5445 3243 5516 providentiam
3275 5443 3492 5516 calcas,
3521 5448 3578 5501 et
3608 5444 3737 5516 ejus

2081 5527 2580 5600 dispositionibus
2597 5531 2819 5605 impius
2835 5534 3087 5591 obvias?
3105 5538 3266 5591 Certe
3285 5534 3519 5607 qui,I)ei
3535 5538 3741 5607 poten-

2083 5615 2178 5673 tim
2233 5615 2816 5694 dispensationisque
2863 5626 3154 5694 expertes,
3193 5622 3378 5682 vitam
3416 5621 3734 5687 duxerunt,
