  <div class='ocr_page' id='page_1' title='image "/cluster/home/n/w/nwhite01/storage/ocr_20150623/115/hvd.32044054759790/663.png"; bbox 0 0 4158 6192; ppageno 0'>
   <div class='ocr_carea' id='block_1_1' title="bbox 492 164 629 219">
    <p class='ocr_par' dir='ltr' id='par_1_1' title="bbox 492 164 629 219">
     <span class='ocr_line' id='line_1_1' title="bbox 492 164 629 219; baseline -0.007 -2"><span class='ocrx_word' id='word_1_1' title='bbox 492 164 629 219; x_wconf 71' lang='grc'><strong>1315</strong></span> 
     </span>
    </p>
   </div>
   <div class='ocr_carea' id='block_1_2' title="bbox 1566 140 2830 209">
    <p class='ocr_par' dir='ltr' id='par_1_2' title="bbox 1566 140 2830 209">
     <span class='ocr_line' id='line_1_2' title="bbox 1566 140 2830 209; baseline -0.005 0"><span class='ocrx_word' id='word_1_2' title='bbox 1566 154 1624 209; x_wconf 84' lang='lat' dir='ltr'><strong>S.</strong></span> <span class='ocrx_word' id='word_1_3' title='bbox 1664 149 2039 208; x_wconf 78' lang='lat' dir='ltr'><strong>PRUDENTll</strong></span> <span class='ocrx_word' id='word_1_4' title='bbox 2075 140 2451 202; x_wconf 60' lang='grc' dir='ltr'><strong>ΤΕΝΕΝὸιὸ</strong></span> <span class='ocrx_word' id='word_1_5' title='bbox 2491 143 2830 203; x_wconf 74' lang='lat' dir='ltr'><strong>EPISCOPI.</strong></span> 
     </span>
    </p>
   </div>
   <div class='ocr_carea' id='block_1_3' title="bbox 3771 145 3909 201">
    <p class='ocr_par' dir='ltr' id='par_1_3' title="bbox 3771 145 3909 201">
     <span class='ocr_line' id='line_1_3' title="bbox 3771 145 3909 201; baseline 0.029 -4"><span class='ocrx_word' id='word_1_6' title='bbox 3771 145 3909 201; x_wconf 71' lang='grc'><strong>1316</strong></span> 
     </span>
    </p>
   </div>
   <div class='ocr_carea' id='block_1_4' title="bbox 488 265 3916 357">
    <p class='ocr_par' dir='ltr' id='par_1_4' title="bbox 488 265 3916 357">
     <span class='ocr_line' id='line_1_4' title="bbox 488 265 3916 357; baseline -0.005 -17"><span class='ocrx_word' id='word_1_7' title='bbox 488 283 863 357; x_wconf 89' lang='lat' dir='ltr'><strong>quantalibet</strong></span> <span class='ocrx_word' id='word_1_8' title='bbox 890 279 1272 349; x_wconf 76' lang='lat' dir='ltr'><strong>ingeniorum</strong></span> <span class='ocrx_word' id='word_1_9' title='bbox 1309 275 1641 332; x_wconf 79' lang='lat' dir='ltr'><strong>acrimonia</strong></span> <span class='ocrx_word' id='word_1_10' title='bbox 1668 271 2141 346; x_wconf 66' lang='lat' dir='ltr'><strong>praepollentem,</strong></span> <span class='ocrx_word' id='word_1_11' title='bbox 2169 267 2217 325; x_wconf 75' lang='grc' dir='ltr'><strong>Α</strong></span> <span class='ocrx_word' id='word_1_12' title='bbox 2256 265 2617 357; x_wconf 79' lang='lat' dir='ltr'><strong>considerat,</strong></span> <span class='ocrx_word' id='word_1_13' title='bbox 2648 272 2712 324; x_wconf 91' lang='lat' dir='ltr'><strong>ut</strong></span> <span class='ocrx_word' id='word_1_14' title='bbox 2739 268 2814 324; x_wconf 90' lang='lat' dir='ltr'><strong>de</strong></span> <span class='ocrx_word' id='word_1_15' title='bbox 2843 283 2913 324; x_wconf 92' lang='lat' dir='ltr'><strong>eo</strong></span> <span class='ocrx_word' id='word_1_16' title='bbox 2944 281 3440 357; x_wconf 85' lang='lat' dir='ltr'><strong>unumquemque</strong></span> <span class='ocrx_word' id='word_1_17' title='bbox 3468 265 3783 336; x_wconf 81' lang='lat' dir='ltr'><strong>dijudieet.</strong></span> <span class='ocrx_word' id='word_1_18' title='bbox 3834 268 3916 324; x_wconf 84' lang='lat' dir='ltr'><strong>Vi-</strong></span> 
     </span>
    </p>
   </div>
   <div class='ocr_carea' id='block_1_5' title="bbox 489 358 2145 446">
    <p class='ocr_par' dir='ltr' id='par_1_5' title="bbox 489 358 2145 446">
     <span class='ocr_line' id='line_1_5' title="bbox 489 358 2145 446; baseline -0.01 -18"><span class='ocrx_word' id='word_1_19' title='bbox 489 371 769 446; x_wconf 87' lang='lat' dir='ltr'><strong>quamvis</strong></span> <span class='ocrx_word' id='word_1_20' title='bbox 793 369 918 424; x_wconf 81' lang='lat' dir='ltr'><strong>fato</strong></span> <span class='ocrx_word' id='word_1_21' title='bbox 938 368 1299 438; x_wconf 77' lang='lat' dir='ltr'><strong>fortunaque</strong></span> <span class='ocrx_word' id='word_1_22' title='bbox 1319 364 1505 421; x_wconf 90' lang='lat' dir='ltr'><strong>vitam</strong></span> <span class='ocrx_word' id='word_1_23' title='bbox 1532 364 1868 420; x_wconf 82' lang='lat' dir='ltr'><strong>humanam</strong></span> <span class='ocrx_word' id='word_1_24' title='bbox 1890 358 1987 428; x_wconf 84' lang='lat' dir='ltr'><strong>agi</strong></span> <span class='ocrx_word' id='word_1_25' title='bbox 2010 373 2145 413; x_wconf 87' lang='lat' dir='ltr'><strong>sua-</strong></span> 
     </span>
    </p>
   </div>
   <div class='ocr_carea' id='block_1_6' title="bbox 489 448 2145 528">
    <p class='ocr_par' dir='ltr' id='par_1_6' title="bbox 489 448 2145 528">
     <span class='ocr_line' id='line_1_6' title="bbox 489 448 2145 528; baseline -0.01 -10"><span class='ocrx_word' id='word_1_26' title='bbox 489 461 633 517; x_wconf 91' lang='lat' dir='ltr'><strong>dere</strong></span> <span class='ocrx_word' id='word_1_27' title='bbox 661 461 1041 521; x_wconf 85' lang='lat' dir='ltr'><strong>conarentur,</strong></span> <span class='ocrx_word' id='word_1_28' title='bbox 1078 469 1471 528; x_wconf 85' lang='lat' dir='ltr'><strong>nequaquam</strong></span> <span class='ocrx_word' id='word_1_29' title='bbox 1498 453 1731 526; x_wconf 86' lang='lat' dir='ltr'><strong>absque</strong></span> <span class='ocrx_word' id='word_1_30' title='bbox 1770 448 2145 525; x_wconf 80' lang='lat' dir='ltr'><strong>providentia</strong></span> 
     </span>
    </p>
   </div>
   <div class='ocr_carea' id='block_1_7' title="bbox 487 535 2144 619">
    <p class='ocr_par' dir='ltr' id='par_1_7' title="bbox 487 535 2144 619">
     <span class='ocr_line' id='line_1_7' title="bbox 487 535 2144 619; baseline -0.008 -15"><span class='ocrx_word' id='word_1_31' title='bbox 487 548 618 604; x_wconf 90' lang='lat' dir='ltr'><strong>ﬁeri</strong></span> <span class='ocrx_word' id='word_1_32' title='bbox 649 545 1086 619; x_wconf 81' lang='lat' dir='ltr'><strong>praedicabant,</strong></span> <span class='ocrx_word' id='word_1_33' title='bbox 1114 560 1253 600; x_wconf 90' lang='lat' dir='ltr'><strong>cum</strong></span> <span class='ocrx_word' id='word_1_34' title='bbox 1282 559 1354 599; x_wconf 90' lang='lat' dir='ltr'><strong>ea</strong></span> <span class='ocrx_word' id='word_1_35' title='bbox 1382 542 1498 599; x_wconf 90' lang='lat' dir='ltr'><strong>diis</strong></span> <span class='ocrx_word' id='word_1_36' title='bbox 1526 542 1880 612; x_wconf 90' lang='lat' dir='ltr'><strong>deabusque</strong></span> <span class='ocrx_word' id='word_1_37' title='bbox 1919 535 2144 594; x_wconf 89' lang='lat' dir='ltr'><strong>adscri-</strong></span> 
     </span>
    </p>
   </div>
   <div class='ocr_carea' id='block_1_8' title="bbox 486 628 2144 708">
    <p class='ocr_par' dir='ltr' id='par_1_8' title="bbox 486 628 2144 708">
     <span class='ocr_line' id='line_1_8' title="bbox 486 628 2144 708; baseline -0.007 -15"><span class='ocrx_word' id='word_1_38' title='bbox 486 637 698 694; x_wconf 89' lang='lat' dir='ltr'><strong>berent</strong></span> <span class='ocrx_word' id='word_1_39' title='bbox 717 651 871 708; x_wconf 91' lang='lat' dir='ltr'><strong>quos</strong></span> <span class='ocrx_word' id='word_1_40' title='bbox 887 634 1144 707; x_wconf 85' lang='lat' dir='ltr'><strong>propriis</strong></span> <span class='ocrx_word' id='word_1_41' title='bbox 1159 633 1341 689; x_wconf 91' lang='lat' dir='ltr'><strong>etiam</strong></span> <span class='ocrx_word' id='word_1_42' title='bbox 1360 631 1673 689; x_wconf 89' lang='lat' dir='ltr'><strong>vocabulis</strong></span> <span class='ocrx_word' id='word_1_43' title='bbox 1686 628 2144 702; x_wconf 89' lang='lat' dir='ltr'><strong>nuncupabant,</strong></span> 
     </span>
    </p>
   </div>
   <div class='ocr_carea' id='block_1_9' title="bbox 489 716 2144 782">
    <p class='ocr_par' dir='ltr' id='par_1_9' title="bbox 489 716 2144 782">
     <span class='ocr_line' id='line_1_9' title="bbox 489 716 2144 782; baseline -0.007 0"><span class='ocrx_word' id='word_1_44' title='bbox 489 725 680 782; x_wconf 82' lang='lat' dir='ltr'><strong>fatum</strong></span> <span class='ocrx_word' id='word_1_45' title='bbox 704 723 975 780; x_wconf 87' lang='lat' dir='ltr'><strong>videlicet</strong></span> <span class='ocrx_word' id='word_1_46' title='bbox 990 728 1046 779; x_wconf 90' lang='lat' dir='ltr'><strong>et</strong></span> <span class='ocrx_word' id='word_1_47' title='bbox 1066 722 1363 778; x_wconf 79' lang='lat' dir='ltr'><strong>fortunam</strong></span> <span class='ocrx_word' id='word_1_48' title='bbox 1374 763 1386 776; x_wconf 93' lang='lat'><strong>.</strong></span> <span class='ocrx_word' id='word_1_49' title='bbox 1401 726 1481 776; x_wconf 81' lang='lat' dir='ltr'><strong>Ac</strong></span> <span class='ocrx_word' id='word_1_50' title='bbox 1498 736 1739 776; x_wconf 88' lang='lat' dir='ltr'><strong>rursum</strong></span> <span class='ocrx_word' id='word_1_51' title='bbox 1756 718 1862 777; x_wconf 87' lang='lat' dir='ltr'><strong>fati</strong></span> <span class='ocrx_word' id='word_1_52' title='bbox 1883 716 2144 774; x_wconf 85' lang='lat' dir='ltr'><strong>triﬁdam</strong></span> 
     </span>
    </p>
   </div>
   <div class='ocr_carea' id='block_1_10' title="bbox 489 806 2149 878">
    <p class='ocr_par' dir='ltr' id='par_1_10' title="bbox 489 806 2149 878">
     <span class='ocr_line' id='line_1_10' title="bbox 489 806 2149 878; baseline -0.007 -8"><span class='ocrx_word' id='word_1_53' title='bbox 489 812 971 875; x_wconf 87' lang='lat' dir='ltr'><strong>distributionem</strong></span> <span class='ocrx_word' id='word_1_54' title='bbox 1013 810 1125 866; x_wconf 89' lang='lat' dir='ltr'><strong>sub</strong></span> <span class='ocrx_word' id='word_1_55' title='bbox 1162 809 1511 866; x_wconf 88' lang='lat' dir='ltr'><strong>nominibus</strong></span> <span class='ocrx_word' id='word_1_56' title='bbox 1540 812 1803 878; x_wconf 71' lang='lat' dir='ltr'><strong>Megeras,</strong></span> <span class='ocrx_word' id='word_1_57' title='bbox 1835 806 2053 872; x_wconf 85' lang='lat' dir='ltr'><strong>Alecto,</strong></span> <span class='ocrx_word' id='word_1_58' title='bbox 2092 808 2149 859; x_wconf 91' lang='lat' dir='ltr'><strong>et</strong></span> 
     </span>
    </p>
   </div>
   <div class='ocr_carea' id='block_1_11' title="bbox 491 897 2147 975">
    <p class='ocr_par' dir='ltr' id='par_1_11' title="bbox 491 897 2147 975">
     <span class='ocr_line' id='line_1_11' title="bbox 491 897 2147 975; baseline -0.005 -17"><span class='ocrx_word' id='word_1_59' title='bbox 491 902 836 975; x_wconf 83' lang='lat' dir='ltr'><strong>Tisiphone.</strong></span> <span class='ocrx_word' id='word_1_60' title='bbox 871 903 1138 966; x_wconf 84' lang='lat' dir='ltr'><strong>Quarum</strong></span> <span class='ocrx_word' id='word_1_61' title='bbox 1167 898 1666 971; x_wconf 86' lang='lat' dir='ltr'><strong>dispositionibus</strong></span> <span class='ocrx_word' id='word_1_62' title='bbox 1703 898 1833 953; x_wconf 73' lang='lat' dir='ltr'><strong>VlttB</strong></span> <span class='ocrx_word' id='word_1_63' title='bbox 1864 897 2147 951; x_wconf 81' lang='lat' dir='ltr'><strong>humanae</strong></span> 
     </span>
    </p>
   </div>
   <div class='ocr_carea' id='block_1_12' title="bbox 489 986 2147 1063">
    <p class='ocr_par' dir='ltr' id='par_1_12' title="bbox 489 986 2147 1063">
     <span class='ocr_line' id='line_1_12' title="bbox 489 986 2147 1063; baseline -0.007 -15"><span class='ocrx_word' id='word_1_64' title='bbox 489 997 710 1060; x_wconf 87' lang='lat' dir='ltr'><strong>ortum,</strong></span> <span class='ocrx_word' id='word_1_65' title='bbox 740 989 1440 1063; x_wconf 88' lang='lat' dir='ltr'><strong>procursum,ﬁnemque</strong></span> <span class='ocrx_word' id='word_1_66' title='bbox 1456 986 1817 1042; x_wconf 88' lang='lat' dir='ltr'><strong>tribuebant.</strong></span> <span class='ocrx_word' id='word_1_67' title='bbox 1839 986 1924 1041; x_wconf 91' lang='lat' dir='ltr'><strong>Ita</strong></span> <span class='ocrx_word' id='word_1_68' title='bbox 1943 989 2008 1039; x_wconf 90' lang='lat' dir='ltr'><strong>ut</strong></span> <span class='ocrx_word' id='word_1_69' title='bbox 2036 998 2147 1039; x_wconf 91' lang='lat' dir='ltr'><strong>nec</strong></span> 
     </span>
    </p>
   </div>
   <div class='ocr_carea' id='block_1_13' title="bbox 488 1074 2147 1147">
    <p class='ocr_par' dir='ltr' id='par_1_13' title="bbox 488 1074 2147 1147">
     <span class='ocr_line' id='line_1_13' title="bbox 488 1074 2147 1147; baseline -0.006 -11"><span class='ocrx_word' id='word_1_70' title='bbox 488 1079 848 1147; x_wconf 84' lang='lat' dir='ltr'><strong>felicitatem,</strong></span> <span class='ocrx_word' id='word_1_71' title='bbox 888 1094 997 1134; x_wconf 90' lang='lat' dir='ltr'><strong>nec</strong></span> <span class='ocrx_word' id='word_1_72' title='bbox 1043 1076 1468 1144; x_wconf 86' lang='lat' dir='ltr'><strong>infelicitatem,</strong></span> <span class='ocrx_word' id='word_1_73' title='bbox 1509 1091 1620 1131; x_wconf 93' lang='lat' dir='ltr'><strong>nec</strong></span> <span class='ocrx_word' id='word_1_74' title='bbox 1656 1074 1915 1131; x_wconf 89' lang='lat' dir='ltr'><strong>fortunia</strong></span> <span class='ocrx_word' id='word_1_75' title='bbox 1952 1086 2147 1145; x_wconf 89' lang='lat' dir='ltr'><strong>neque</strong></span> 
     </span>
    </p>
   </div>
   <div class='ocr_carea' id='block_1_14' title="bbox 486 1161 2151 1240">
    <p class='ocr_par' dir='ltr' id='par_1_14' title="bbox 486 1161 2151 1240">
     <span class='ocr_line' id='line_1_14' title="bbox 486 1161 2151 1240; baseline -0.006 -13"><span class='ocrx_word' id='word_1_76' title='bbox 486 1168 813 1227; x_wconf 90' lang='lat' dir='ltr'><strong>infortunia</strong></span> <span class='ocrx_word' id='word_1_77' title='bbox 845 1168 1077 1240; x_wconf 80' lang='lat' dir='ltr'><strong>absque</strong></span> <span class='ocrx_word' id='word_1_78' title='bbox 1097 1166 1349 1222; x_wconf 92' lang='lat' dir='ltr'><strong>deorum</strong></span> <span class='ocrx_word' id='word_1_79' title='bbox 1367 1182 1617 1221; x_wconf 89' lang='lat' dir='ltr'><strong>suorum</strong></span> <span class='ocrx_word' id='word_1_80' title='bbox 1645 1165 1975 1220; x_wconf 86' lang='lat' dir='ltr'><strong>dearumve</strong></span> <span class='ocrx_word' id='word_1_81' title='bbox 1993 1161 2151 1218; x_wconf 91' lang='lat' dir='ltr'><strong>ordi-</strong></span> 
     </span>
    </p>
   </div>
   <div class='ocr_carea' id='block_1_15' title="bbox 488 1253 2146 1329">
    <p class='ocr_par' dir='ltr' id='par_1_15' title="bbox 488 1253 2146 1329">
     <span class='ocr_line' id='line_1_15' title="bbox 488 1253 2146 1329; baseline -0.004 -15"><span class='ocrx_word' id='word_1_82' title='bbox 488 1258 731 1315; x_wconf 87' lang='lat' dir='ltr'><strong>natione</strong></span> <span class='ocrx_word' id='word_1_83' title='bbox 749 1257 876 1313; x_wconf 89' lang='lat' dir='ltr'><strong>ﬁeri</strong></span> <span class='ocrx_word' id='word_1_84' title='bbox 896 1272 1073 1329; x_wconf 88' lang='lat' dir='ltr'><strong>posse</strong></span> <span class='ocrx_word' id='word_1_85' title='bbox 1096 1255 1390 1311; x_wconf 88' lang='lat' dir='ltr'><strong>ullatenus</strong></span> <span class='ocrx_word' id='word_1_86' title='bbox 1412 1253 1901 1310; x_wconf 75' lang='lat' dir='ltr'><strong>aﬁirmarent.’l‘u</strong></span> <span class='ocrx_word' id='word_1_87' title='bbox 1920 1257 2146 1319; x_wconf 90' lang='lat' dir='ltr'><strong>contra,</strong></span> 
     </span>
    </p>
   </div>
   <div class='ocr_carea' id='block_1_16' title="bbox 491 1341 2148 1417">
    <p class='ocr_par' dir='ltr' id='par_1_16' title="bbox 491 1341 2148 1417">
     <span class='ocr_line' id='line_1_16' title="bbox 491 1341 2148 1417; baseline -0.006 -14"><span class='ocrx_word' id='word_1_88' title='bbox 491 1352 550 1403; x_wconf 90' lang='lat' dir='ltr'><strong>et</strong></span> <span class='ocrx_word' id='word_1_89' title='bbox 571 1346 804 1403; x_wconf 80' lang='lat' dir='ltr'><strong>veritati</strong></span> <span class='ocrx_word' id='word_1_90' title='bbox 832 1349 889 1401; x_wconf 89' lang='lat' dir='ltr'><strong>et</strong></span> <span class='ocrx_word' id='word_1_91' title='bbox 913 1344 1216 1414; x_wconf 90' lang='lat' dir='ltr'><strong>ﬁgmentis</strong></span> <span class='ocrx_word' id='word_1_92' title='bbox 1237 1344 1458 1417; x_wconf 90' lang='lat' dir='ltr'><strong>pariter</strong></span> <span class='ocrx_word' id='word_1_93' title='bbox 1487 1343 1924 1412; x_wconf 87' lang='lat' dir='ltr'><strong>contradicens,</strong></span> <span class='ocrx_word' id='word_1_94' title='bbox 1949 1341 2148 1397; x_wconf 88' lang='lat' dir='ltr'><strong>aufers</strong></span> 
     </span>
    </p>
   </div>
   <div class='ocr_carea' id='block_1_17' title="bbox 491 1430 2152 1504">
    <p class='ocr_par' dir='ltr' id='par_1_17' title="bbox 491 1430 2152 1504">
     <span class='ocr_line' id='line_1_17' title="bbox 491 1430 2152 1504; baseline -0.005 -13"><span class='ocrx_word' id='word_1_95' title='bbox 491 1434 613 1491; x_wconf 90' lang='lat' dir='ltr'><strong>veri</strong></span> <span class='ocrx_word' id='word_1_96' title='bbox 651 1434 773 1490; x_wconf 93' lang='lat' dir='ltr'><strong>imo</strong></span> <span class='ocrx_word' id='word_1_97' title='bbox 814 1432 999 1489; x_wconf 89' lang='lat' dir='ltr'><strong>solius</strong></span> <span class='ocrx_word' id='word_1_98' title='bbox 1037 1432 1141 1488; x_wconf 91' lang='lat' dir='ltr'><strong>Dei</strong></span> <span class='ocrx_word' id='word_1_99' title='bbox 1178 1431 1646 1504; x_wconf 86' lang='lat' dir='ltr'><strong>providentiam,</strong></span> <span class='ocrx_word' id='word_1_100' title='bbox 1694 1430 2152 1503; x_wconf 89' lang='lat' dir='ltr'><strong>dispositionem</strong></span> 
     </span>
    </p>
   </div>
   <div class='ocr_carea' id='block_1_18' title="bbox 491 1518 2156 1595">
    <p class='ocr_par' dir='ltr' id='par_1_18' title="bbox 491 1518 2156 1595">
     <span class='ocr_line' id='line_1_18' title="bbox 491 1518 2156 1595; baseline -0.004 -16"><span class='ocrx_word' id='word_1_101' title='bbox 491 1528 672 1595; x_wconf 88' lang='lat' dir='ltr'><strong>atque</strong></span> <span class='ocrx_word' id='word_1_102' title='bbox 697 1521 1013 1594; x_wconf 84' lang='lat' dir='ltr'><strong>judicium,</strong></span> <span class='ocrx_word' id='word_1_103' title='bbox 1054 1536 1192 1575; x_wconf 90' lang='lat' dir='ltr'><strong>cum</strong></span> <span class='ocrx_word' id='word_1_104' title='bbox 1235 1520 1533 1591; x_wconf 87' lang='lat' dir='ltr'><strong>propheta</strong></span> <span class='ocrx_word' id='word_1_105' title='bbox 1577 1518 1758 1574; x_wconf 84' lang='lat' dir='ltr'><strong>Isaias</strong></span> <span class='ocrx_word' id='word_1_106' title='bbox 1808 1519 1883 1573; x_wconf 89' lang='lat' dir='ltr'><strong>de</strong></span> <span class='ocrx_word' id='word_1_107' title='bbox 1928 1533 2050 1574; x_wconf 89' lang='lat' dir='ltr'><strong>uno</strong></span> <span class='ocrx_word' id='word_1_108' title='bbox 2097 1521 2156 1573; x_wconf 91' lang='lat' dir='ltr'><strong>et</strong></span> 
     </span>
    </p>
   </div>
   <div class='ocr_carea' id='block_1_19' title="bbox 2252 354 3912 426">
    <p class='ocr_par' dir='ltr' id='par_1_19' title="bbox 2252 354 3912 426">
     <span class='ocr_line' id='line_1_19' title="bbox 2252 354 3912 426; baseline 0.005 -17"><span class='ocrx_word' id='word_1_109' title='bbox 2252 354 2463 411; x_wconf 84' lang='lat' dir='ltr'><strong>delicet</strong></span> <span class='ocrx_word' id='word_1_110' title='bbox 2484 361 2548 413; x_wconf 91' lang='lat' dir='ltr'><strong>ut</strong></span> <span class='ocrx_word' id='word_1_111' title='bbox 2589 362 2693 413; x_wconf 91' lang='lat' dir='ltr'><strong>aut</strong></span> <span class='ocrx_word' id='word_1_112' title='bbox 2716 358 2790 415; x_wconf 89' lang='lat' dir='ltr'><strong>de</strong></span> <span class='ocrx_word' id='word_1_113' title='bbox 2820 357 2940 413; x_wconf 90' lang='lat' dir='ltr'><strong>ﬁne</strong></span> <span class='ocrx_word' id='word_1_114' title='bbox 2989 358 3171 426; x_wconf 89' lang='lat' dir='ltr'><strong>bono,</strong></span> <span class='ocrx_word' id='word_1_115' title='bbox 3201 355 3379 413; x_wconf 91' lang='lat' dir='ltr'><strong>bonis</strong></span> <span class='ocrx_word' id='word_1_116' title='bbox 3406 355 3570 412; x_wconf 88' lang='lat' dir='ltr'><strong>bona</strong></span> <span class='ocrx_word' id='word_1_117' title='bbox 3599 356 3912 420; x_wconf 85' lang='lat' dir='ltr'><strong>retribuat.</strong></span> 
     </span>
    </p>
   </div>
   <div class='ocr_carea' id='block_1_20' title="bbox 2253 444 3914 518">
    <p class='ocr_par' dir='ltr' id='par_1_20' title="bbox 2253 444 3914 518">
     <span class='ocr_line' id='line_1_20' title="bbox 2253 444 3914 518; baseline 0.003 -21"><span class='ocrx_word' id='word_1_118' title='bbox 2253 451 2360 499; x_wconf 86' lang='lat' dir='ltr'><strong>aut</strong></span> <span class='ocrx_word' id='word_1_119' title='bbox 2378 444 2453 499; x_wconf 89' lang='lat' dir='ltr'><strong>de</strong></span> <span class='ocrx_word' id='word_1_120' title='bbox 2472 444 2591 500; x_wconf 88' lang='lat' dir='ltr'><strong>ﬁne</strong></span> <span class='ocrx_word' id='word_1_121' title='bbox 2623 446 2782 503; x_wconf 91' lang='lat' dir='ltr'><strong>malo</strong></span> <span class='ocrx_word' id='word_1_122' title='bbox 2813 446 2987 502; x_wconf 90' lang='lat' dir='ltr'><strong>malis</strong></span> <span class='ocrx_word' id='word_1_123' title='bbox 3019 461 3189 518; x_wconf 62' lang='lat' dir='ltr'><strong>aeque</strong></span> <span class='ocrx_word' id='word_1_124' title='bbox 3220 444 3382 502; x_wconf 90' lang='lat' dir='ltr'><strong>mala</strong></span> <span class='ocrx_word' id='word_1_125' title='bbox 3401 444 3720 517; x_wconf 82' lang='lat' dir='ltr'><strong>rependat.</strong></span> <span class='ocrx_word' id='word_1_126' title='bbox 3753 446 3914 511; x_wconf 84' lang='lat' dir='ltr'><strong>Quid</strong></span> 
     </span>
    </p>
   </div>
   <div class='ocr_carea' id='block_1_21' title="bbox 2253 532 3911 605">
    <p class='ocr_par' dir='ltr' id='par_1_21' title="bbox 2253 532 3911 605">
     <span class='ocr_line' id='line_1_21' title="bbox 2253 532 3911 605; baseline 0.002 -17"><span class='ocrx_word' id='word_1_127' title='bbox 2253 532 2455 605; x_wconf 91' lang='lat' dir='ltr'><strong>itaque</strong></span> <span class='ocrx_word' id='word_1_128' title='bbox 2488 536 2855 592; x_wconf 89' lang='lat' dir='ltr'><strong>contrarium</strong></span> <span class='ocrx_word' id='word_1_129' title='bbox 2886 536 2980 591; x_wconf 91' lang='lat' dir='ltr'><strong>vel</strong></span> <span class='ocrx_word' id='word_1_130' title='bbox 3000 534 3141 591; x_wconf 88' lang='lat' dir='ltr'><strong>ﬁdei</strong></span> <span class='ocrx_word' id='word_1_131' title='bbox 3170 534 3265 591; x_wconf 86' lang='lat' dir='ltr'><strong>vel</strong></span> <span class='ocrx_word' id='word_1_132' title='bbox 3296 533 3398 590; x_wconf 88' lang='lat' dir='ltr'><strong>Dei</strong></span> <span class='ocrx_word' id='word_1_133' title='bbox 3425 534 3671 605; x_wconf 76' lang='lat' dir='ltr'><strong>justitias</strong></span> <span class='ocrx_word' id='word_1_134' title='bbox 3704 552 3911 592; x_wconf 81' lang='lat' dir='ltr'><strong>susur-</strong></span> 
     </span>
    </p>
   </div>
   <div class='ocr_carea' id='block_1_22' title="bbox 2251 622 3914 698">
    <p class='ocr_par' dir='ltr' id='par_1_22' title="bbox 2251 622 3914 698">
     <span class='ocr_line' id='line_1_22' title="bbox 2251 622 3914 698; baseline 0.002 -21"><span class='ocrx_word' id='word_1_135' title='bbox 2251 626 2438 689; x_wconf 90' lang='lat' dir='ltr'><strong>ratur,</strong></span> <span class='ocrx_word' id='word_1_136' title='bbox 2470 623 2517 677; x_wconf 91' lang='lat' dir='ltr'><strong>si</strong></span> <span class='ocrx_word' id='word_1_137' title='bbox 2546 623 2606 679; x_wconf 93' lang='lat' dir='ltr'><strong>id</strong></span> <span class='ocrx_word' id='word_1_138' title='bbox 2634 624 3093 698; x_wconf 74' lang='lat' dir='ltr'><strong>praedestinasse</strong></span> <span class='ocrx_word' id='word_1_139' title='bbox 3146 622 3490 680; x_wconf 90' lang='lat' dir='ltr'><strong>ﬁdelissime</strong></span> <span class='ocrx_word' id='word_1_140' title='bbox 3528 623 3914 696; x_wconf 70' lang='lat' dir='ltr'><strong>praedicetur,</strong></span> 
     </span>
    </p>
   </div>
   <div class='ocr_carea' id='block_1_23' title="bbox 2253 709 3917 781">
    <p class='ocr_par' dir='ltr' id='par_1_23' title="bbox 2253 709 3917 781">
     <span class='ocr_line' id='line_1_23' title="bbox 2253 709 3917 781; baseline 0.002 -15"><span class='ocrx_word' id='word_1_141' title='bbox 2253 709 2419 781; x_wconf 88' lang='lat' dir='ltr'><strong>quod</strong></span> <span class='ocrx_word' id='word_1_142' title='bbox 2448 726 2587 769; x_wconf 89' lang='lat' dir='ltr'><strong>eum</strong></span> <span class='ocrx_word' id='word_1_143' title='bbox 2608 712 2702 767; x_wconf 88' lang='lat' dir='ltr'><strong>vel</strong></span> <span class='ocrx_word' id='word_1_144' title='bbox 2722 712 3078 779; x_wconf 85' lang='lat' dir='ltr'><strong>decrevisse,</strong></span> <span class='ocrx_word' id='word_1_145' title='bbox 3102 711 3196 770; x_wconf 89' lang='lat' dir='ltr'><strong>vel</strong></span> <span class='ocrx_word' id='word_1_146' title='bbox 3220 710 3616 777; x_wconf 83' lang='lat' dir='ltr'><strong>constituisse,</strong></span> <span class='ocrx_word' id='word_1_147' title='bbox 3648 712 3749 770; x_wconf 85' lang='lat' dir='ltr'><strong>vel</strong></span> <span class='ocrx_word' id='word_1_148' title='bbox 3776 729 3917 770; x_wconf 86' lang='lat' dir='ltr'><strong>con-</strong></span> 
     </span>
    </p>
   </div>
   <div class='ocr_carea' id='block_1_24' title="bbox 2257 799 3912 875">
    <p class='ocr_par' dir='ltr' id='par_1_24' title="bbox 2257 799 3912 875">
     <span class='ocr_line' id='line_1_24' title="bbox 2257 799 3912 875; baseline 0.003 -22"><span class='ocrx_word' id='word_1_149' title='bbox 2257 799 2538 865; x_wconf 88' lang='lat' dir='ltr'><strong>siderare,</strong></span> <span class='ocrx_word' id='word_1_150' title='bbox 2561 818 2744 858; x_wconf 84' lang='lat' dir='ltr'><strong>verax</strong></span> <span class='ocrx_word' id='word_1_151' title='bbox 2774 804 3075 875; x_wconf 83' lang='lat' dir='ltr'><strong>Scriptura</strong></span> <span class='ocrx_word' id='word_1_152' title='bbox 3102 817 3224 857; x_wconf 90' lang='lat' dir='ltr'><strong>non</strong></span> <span class='ocrx_word' id='word_1_153' title='bbox 3252 805 3425 859; x_wconf 87' lang='lat' dir='ltr'><strong>tacet.</strong></span> <span class='ocrx_word' id='word_1_154' title='bbox 3454 802 3773 858; x_wconf 84' lang='lat' dir='ltr'><strong>Terminos</strong></span> <span class='ocrx_word' id='word_1_155' title='bbox 3802 803 3912 872; x_wconf 86' lang='lat' dir='ltr'><strong>igi-</strong></span> 
     </span>
    </p>
   </div>
   <div class='ocr_carea' id='block_1_25' title="bbox 2257 890 3917 964">
    <p class='ocr_par' dir='ltr' id='par_1_25' title="bbox 2257 890 3917 964">
     <span class='ocr_line' id='line_1_25' title="bbox 2257 890 3917 964; baseline 0.003 -20"><span class='ocrx_word' id='word_1_156' title='bbox 2257 892 2350 946; x_wconf 90' lang='lat' dir='ltr'><strong>tur</strong></span> <span class='ocrx_word' id='word_1_157' title='bbox 2377 891 2637 947; x_wconf 85' lang='lat' dir='ltr'><strong>hominis</strong></span> <span class='ocrx_word' id='word_1_158' title='bbox 2667 908 2823 964; x_wconf 88' lang='lat' dir='ltr'><strong>quos</strong></span> <span class='ocrx_word' id='word_1_159' title='bbox 2852 891 3175 954; x_wconf 88' lang='lat' dir='ltr'><strong>constituit,</strong></span> <span class='ocrx_word' id='word_1_160' title='bbox 3230 890 3293 949; x_wconf 90' lang='lat' dir='ltr'><strong>id</strong></span> <span class='ocrx_word' id='word_1_161' title='bbox 3323 895 3413 949; x_wconf 89' lang='lat' dir='ltr'><strong>est</strong></span> <span class='ocrx_word' id='word_1_162' title='bbox 3463 891 3917 963; x_wconf 68' lang='lat' dir='ltr'><strong>praedestinavit</strong></span> 
     </span>
    </p>
   </div>
   <div class='ocr_carea' id='block_1_26' title="bbox 2256 980 3917 1053">
    <p class='ocr_par' dir='ltr' id='par_1_26' title="bbox 2256 980 3917 1053">
     <span class='ocr_line' id='line_1_26' title="bbox 2256 980 3917 1053; baseline 0.002 -16"><span class='ocrx_word' id='word_1_163' title='bbox 2256 986 2434 1053; x_wconf 90' lang='lat' dir='ltr'><strong>atque</strong></span> <span class='ocrx_word' id='word_1_164' title='bbox 2465 981 2797 1053; x_wconf 87' lang='lat' dir='ltr'><strong>disposuit:</strong></span> <span class='ocrx_word' id='word_1_165' title='bbox 2831 982 2907 1035; x_wconf 88' lang='lat' dir='ltr'><strong>Et</strong></span> <span class='ocrx_word' id='word_1_166' title='bbox 2948 981 3364 1037; x_wconf 84' lang='lat' dir='ltr'><strong>universorum</strong></span> <span class='ocrx_word' id='word_1_167' title='bbox 3402 980 3581 1047; x_wconf 75' lang='lat' dir='ltr'><strong>ﬁnem</strong></span> <span class='ocrx_word' id='word_1_168' title='bbox 3621 982 3750 1050; x_wconf 90' lang='lat' dir='ltr'><strong>ipse</strong></span> <span class='ocrx_word' id='word_1_169' title='bbox 3778 997 3917 1039; x_wconf 83' lang='lat' dir='ltr'><strong>con-</strong></span> 
     </span>
    </p>
   </div>
   <div class='ocr_carea' id='block_1_27' title="bbox 2256 1066 3913 1140">
    <p class='ocr_par' dir='ltr' id='par_1_27' title="bbox 2256 1066 3913 1140">
     <span class='ocr_line' id='line_1_27' title="bbox 2256 1066 3913 1140; baseline -0.001 -13"><span class='ocrx_word' id='word_1_170' title='bbox 2256 1071 2501 1138; x_wconf 78' lang='lat' dir='ltr'><strong>siderat,</strong></span> <span class='ocrx_word' id='word_1_171' title='bbox 2533 1074 2597 1125; x_wconf 89' lang='lat' dir='ltr'><strong>ut</strong></span> <span class='ocrx_word' id='word_1_172' title='bbox 2625 1084 2698 1125; x_wconf 85' lang='lat' dir='ltr'><strong>ex</strong></span> <span class='ocrx_word' id='word_1_173' title='bbox 2728 1068 2811 1124; x_wconf 90' lang='lat' dir='ltr'><strong>eis</strong></span> <span class='ocrx_word' id='word_1_174' title='bbox 2837 1068 3162 1140; x_wconf 91' lang='lat' dir='ltr'><strong>unicuique</strong></span> <span class='ocrx_word' id='word_1_175' title='bbox 3209 1066 3499 1125; x_wconf 87' lang='lat' dir='ltr'><strong>retribuat</strong></span> <span class='ocrx_word' id='word_1_176' title='bbox 3524 1068 3695 1140; x_wconf 89' lang='lat' dir='ltr'><strong>quod</strong></span> <span class='ocrx_word' id='word_1_177' title='bbox 3722 1086 3913 1127; x_wconf 86' lang='lat' dir='ltr'><strong>mere-</strong></span> 
     </span>
    </p>
   </div>
   <div class='ocr_carea' id='block_1_28' title="bbox 2260 1155 3913 1230">
    <p class='ocr_par' dir='ltr' id='par_1_28' title="bbox 2260 1155 3913 1230">
     <span class='ocr_line' id='line_1_28' title="bbox 2260 1155 3913 1230; baseline -0.001 -15"><span class='ocrx_word' id='word_1_178' title='bbox 2260 1164 2375 1225; x_wconf 88' lang='lat' dir='ltr'><strong>tur,</strong></span> <span class='ocrx_word' id='word_1_179' title='bbox 2405 1157 2519 1214; x_wconf 88' lang='lat' dir='ltr'><strong>hoc</strong></span> <span class='ocrx_word' id='word_1_180' title='bbox 2550 1157 2759 1230; x_wconf 89' lang='lat' dir='ltr'><strong>procul</strong></span> <span class='ocrx_word' id='word_1_181' title='bbox 2790 1157 2975 1213; x_wconf 92' lang='lat' dir='ltr'><strong>dubio</strong></span> <span class='ocrx_word' id='word_1_182' title='bbox 3006 1155 3478 1229; x_wconf 75' lang='lat' dir='ltr'><strong>prtedestinavit,</strong></span> <span class='ocrx_word' id='word_1_183' title='bbox 3523 1156 3586 1212; x_wconf 90' lang='lat' dir='ltr'><strong>id</strong></span> <span class='ocrx_word' id='word_1_184' title='bbox 3627 1163 3717 1213; x_wconf 88' lang='lat' dir='ltr'><strong>est</strong></span> <span class='ocrx_word' id='word_1_185' title='bbox 3770 1164 3913 1216; x_wconf 80' lang='lat' dir='ltr'><strong>ante</strong></span> 
     </span>
    </p>
   </div>
   <div class='ocr_carea' id='block_1_29' title="bbox 2262 1245 3913 1319">
    <p class='ocr_par' dir='ltr' id='par_1_29' title="bbox 2262 1245 3913 1319">
     <span class='ocr_line' id='line_1_29' title="bbox 2262 1245 3913 1319; baseline 0 -17"><span class='ocrx_word' id='word_1_186' title='bbox 2262 1246 2484 1302; x_wconf 65' lang='lat' dir='ltr'><strong>saecula</strong></span> <span class='ocrx_word' id='word_1_187' title='bbox 2502 1246 2802 1319; x_wconf 89' lang='lat' dir='ltr'><strong>disposuit</strong></span> <span class='ocrx_word' id='word_1_188' title='bbox 2827 1264 2841 1313; x_wconf 91' lang='lat'><strong>;</strong></span> <span class='ocrx_word' id='word_1_189' title='bbox 2864 1247 3008 1318; x_wconf 89' lang='lat' dir='ltr'><strong>quia</strong></span> <span class='ocrx_word' id='word_1_190' title='bbox 3034 1246 3149 1302; x_wconf 91' lang='lat' dir='ltr'><strong>hoc</strong></span> <span class='ocrx_word' id='word_1_191' title='bbox 3180 1245 3483 1318; x_wconf 66' lang='lat' dir='ltr'><strong>preescivit</strong></span> <span class='ocrx_word' id='word_1_192' title='bbox 3509 1245 3913 1304; x_wconf 75' lang='lat' dir='ltr'><strong>indubitanter</strong></span> 
     </span>
    </p>
   </div>
   <div class='ocr_carea' id='block_1_30' title="bbox 2260 1334 3913 1409">
    <p class='ocr_par' dir='ltr' id='par_1_30' title="bbox 2260 1334 3913 1409">
     <span class='ocr_line' id='line_1_30' title="bbox 2260 1334 3913 1409; baseline -0.001 -17"><span class='ocrx_word' id='word_1_193' title='bbox 2260 1340 2440 1408; x_wconf 91' lang='lat' dir='ltr'><strong>atque</strong></span> <span class='ocrx_word' id='word_1_194' title='bbox 2469 1337 2757 1408; x_wconf 63' lang='lat' dir='ltr'><strong>praenovit</strong></span> <span class='ocrx_word' id='word_1_195' title='bbox 2781 1354 2793 1391; x_wconf 89' lang='lat'><strong>:</strong></span> <span class='ocrx_word' id='word_1_196' title='bbox 2823 1351 2947 1391; x_wconf 93' lang='lat' dir='ltr'><strong>non</strong></span> <span class='ocrx_word' id='word_1_197' title='bbox 2974 1351 3117 1405; x_wconf 86' lang='lat' dir='ltr'><strong>ergo</strong></span> <span class='ocrx_word' id='word_1_198' title='bbox 3155 1340 3407 1404; x_wconf 80' lang='lat' dir='ltr'><strong>negetur</strong></span> <span class='ocrx_word' id='word_1_199' title='bbox 3445 1334 3573 1392; x_wconf 90' lang='lat' dir='ltr'><strong>imo</strong></span> <span class='ocrx_word' id='word_1_200' title='bbox 3599 1340 3759 1393; x_wconf 87' lang='lat' dir='ltr'><strong>tanta</strong></span> <span class='ocrx_word' id='word_1_201' title='bbox 3780 1352 3913 1409; x_wconf 83' lang='lat' dir='ltr'><strong>per-</strong></span> 
     </span>
    </p>
   </div>
   <div class='ocr_carea' id='block_1_31' title="bbox 2260 1425 3915 1499">
    <p class='ocr_par' dir='ltr' id='par_1_31' title="bbox 2260 1425 3915 1499">
     <span class='ocr_line' id='line_1_31' title="bbox 2260 1425 3915 1499; baseline 0.001 -18"><span class='ocrx_word' id='word_1_202' title='bbox 2260 1426 2479 1483; x_wconf 91' lang='lat' dir='ltr'><strong>tinacia</strong></span> <span class='ocrx_word' id='word_1_203' title='bbox 2517 1427 2905 1499; x_wconf 90' lang='lat' dir='ltr'><strong>impugnetur</strong></span> <span class='ocrx_word' id='word_1_204' title='bbox 2923 1425 3091 1499; x_wconf 89' lang='lat' dir='ltr'><strong>quod</strong></span> <span class='ocrx_word' id='word_1_205' title='bbox 3113 1425 3460 1483; x_wconf 89' lang='lat' dir='ltr'><strong>auctoritate</strong></span> <span class='ocrx_word' id='word_1_206' title='bbox 3471 1430 3528 1481; x_wconf 91' lang='lat' dir='ltr'><strong>et</strong></span> <span class='ocrx_word' id='word_1_207' title='bbox 3552 1425 3785 1483; x_wconf 84' lang='lat' dir='ltr'><strong>ratione</strong></span> <span class='ocrx_word' id='word_1_208' title='bbox 3812 1442 3915 1483; x_wconf 86' lang='lat' dir='ltr'><strong>ve-</strong></span> 
     </span>
    </p>
   </div>
   <div class='ocr_carea' id='block_1_32' title="bbox 2260 1513 3333 1586">
    <p class='ocr_par' dir='ltr' id='par_1_32' title="bbox 2260 1513 3333 1586">
     <span class='ocr_line' id='line_1_32' title="bbox 2260 1513 3333 1586; baseline 0 -15"><span class='ocrx_word' id='word_1_209' title='bbox 2260 1514 2447 1571; x_wconf 86' lang='lat' dir='ltr'><strong>ritatis</strong></span> <span class='ocrx_word' id='word_1_210' title='bbox 2465 1514 2851 1572; x_wconf 60' lang='lat' dir='ltr'><strong>lucidissima</strong></span> <span class='ocrx_word' id='word_1_211' title='bbox 2882 1513 3333 1586; x_wconf 84' lang='lat' dir='ltr'><strong>comprobatur.</strong></span> 
     </span>
    </p>
   </div>
   <div class='ocr_carea' id='block_1_33' title="bbox 490 1601 3917 1680">
    <p class='ocr_par' dir='ltr' id='par_1_33' title="bbox 490 1601 3917 1680">
     <span class='ocr_line' id='line_1_33' title="bbox 490 1601 3917 1680; baseline -0.003 -13"><span class='ocrx_word' id='word_1_212' title='bbox 490 1626 634 1668; x_wconf 84' lang='lat' dir='ltr'><strong>vero</strong></span> <span class='ocrx_word' id='word_1_213' title='bbox 663 1613 782 1665; x_wconf 90' lang='lat' dir='ltr'><strong>Deo</strong></span> <span class='ocrx_word' id='word_1_214' title='bbox 810 1608 1121 1664; x_wconf 83' lang='lat' dir='ltr'><strong>manifeste</strong></span> <span class='ocrx_word' id='word_1_215' title='bbox 1158 1607 1508 1679; x_wconf 85' lang='lat' dir='ltr'><strong>proclamet,</strong></span> <span class='ocrx_word' id='word_1_216' title='bbox 1558 1609 1614 1663; x_wconf 91' lang='lat' dir='ltr'><strong>S.</strong></span> <span class='ocrx_word' id='word_1_217' title='bbox 1654 1607 2021 1679; x_wconf 87' lang='lat' dir='ltr'><strong>Hieronymo</strong></span> <span class='ocrx_word' id='word_1_218' title='bbox 2050 1623 2152 1662; x_wconf 82' lang='lat' dir='ltr'><strong>ex-</strong></span> <span class='ocrx_word' id='word_1_219' title='bbox 2184 1627 2223 1680; x_wconf 76' lang='grc' dir='ltr'>Β</span> <span class='ocrx_word' id='word_1_220' title='bbox 2336 1605 2498 1661; x_wconf 85' lang='lat' dir='ltr'><strong>Unde</strong></span> <span class='ocrx_word' id='word_1_221' title='bbox 2529 1610 2586 1661; x_wconf 91' lang='lat' dir='ltr'><strong>et</strong></span> <span class='ocrx_word' id='word_1_222' title='bbox 2613 1603 2928 1673; x_wconf 80' lang='lat' dir='ltr'><strong>Gregorius</strong></span> <span class='ocrx_word' id='word_1_223' title='bbox 2957 1602 3017 1659; x_wconf 92' lang='lat' dir='ltr'><strong>in</strong></span> <span class='ocrx_word' id='word_1_224' title='bbox 3040 1602 3355 1662; x_wconf 88' lang='lat' dir='ltr'><strong>Moralibus</strong></span> <span class='ocrx_word' id='word_1_225' title='bbox 3384 1601 3507 1674; x_wconf 89' lang='lat' dir='ltr'><strong>(lib.</strong></span> <span class='ocrx_word' id='word_1_226' title='bbox 3534 1618 3704 1672; x_wconf 74' lang='lat' dir='ltr'><strong>xviii,</strong></span> <span class='ocrx_word' id='word_1_227' title='bbox 3745 1619 3796 1659; x_wconf 92' lang='lat' dir='ltr'><strong>c.</strong></span> <span class='ocrx_word' id='word_1_228' title='bbox 3831 1605 3917 1675; x_wconf 76' lang='grc' dir='ltr'><strong>Π)</strong></span> 
     </span>
    </p>
   </div>
   <div class='ocr_carea' id='block_1_34' title="bbox 490 1696 2153 1771">
    <p class='ocr_par' dir='ltr' id='par_1_34' title="bbox 490 1696 2153 1771">
     <span class='ocr_line' id='line_1_34' title="bbox 490 1696 2153 1771; baseline -0.002 -17"><span class='ocrx_word' id='word_1_229' title='bbox 490 1703 753 1771; x_wconf 87' lang='lat' dir='ltr'><strong>ponente</strong></span> <span class='ocrx_word' id='word_1_230' title='bbox 782 1697 845 1754; x_wconf 92' lang='lat' dir='ltr'><strong>in</strong></span> <span class='ocrx_word' id='word_1_231' title='bbox 876 1697 1047 1766; x_wconf 89' lang='lat' dir='ltr'><strong>Isaia,</strong></span> <span class='ocrx_word' id='word_1_232' title='bbox 1078 1696 1180 1751; x_wconf 92' lang='lat' dir='ltr'><strong>lib.</strong></span> <span class='ocrx_word' id='word_1_233' title='bbox 1208 1713 1247 1751; x_wconf 91' lang='lat' dir='ltr'><strong>v</strong></span> <span class='ocrx_word' id='word_1_234' title='bbox 1286 1714 1299 1751; x_wconf 92' lang='lat'><strong>:</strong></span> <span class='ocrx_word' id='word_1_235' title='bbox 1345 1698 1474 1751; x_wconf 85' lang='lat' dir='ltr'><strong>Hoc</strong></span> <span class='ocrx_word' id='word_1_236' title='bbox 1504 1697 1842 1763; x_wconf 76' lang='lat' dir='ltr'><strong>consilium,</strong></span> <span class='ocrx_word' id='word_1_237' title='bbox 1874 1697 2034 1767; x_wconf 89' lang='lat' dir='ltr'><strong>quod</strong></span> <span class='ocrx_word' id='word_1_238' title='bbox 2061 1711 2153 1752; x_wconf 86' lang='lat' dir='ltr'><strong>co-</strong></span> 
     </span>
    </p>
   </div>
   <div class='ocr_carea' id='block_1_35' title="bbox 490 1786 2151 1858">
    <p class='ocr_par' dir='ltr' id='par_1_35' title="bbox 490 1786 2151 1858">
     <span class='ocr_line' id='line_1_35' title="bbox 490 1786 2151 1858; baseline -0.002 -15"><span class='ocrx_word' id='word_1_239' title='bbox 490 1789 683 1858; x_wconf 84' lang='lat' dir='ltr'><strong>gitavi</strong></span> <span class='ocrx_word' id='word_1_240' title='bbox 714 1802 895 1855; x_wconf 82' lang='lat' dir='ltr'><strong>super</strong></span> <span class='ocrx_word' id='word_1_241' title='bbox 922 1801 1107 1842; x_wconf 86' lang='lat' dir='ltr'><strong>amem</strong></span> <span class='ocrx_word' id='word_1_242' title='bbox 1139 1790 1383 1851; x_wconf 86' lang='lat' dir='ltr'><strong>terram,</strong></span> <span class='ocrx_word' id='word_1_243' title='bbox 1417 1791 1470 1839; x_wconf 86' lang='lat' dir='ltr'><strong>et</strong></span> <span class='ocrx_word' id='word_1_244' title='bbox 1503 1786 1631 1841; x_wconf 76' lang='lat' dir='ltr'><strong>hcec</strong></span> <span class='ocrx_word' id='word_1_245' title='bbox 1678 1791 1761 1840; x_wconf 88' lang='lat' dir='ltr'><strong>est</strong></span> <span class='ocrx_word' id='word_1_246' title='bbox 1801 1800 2018 1841; x_wconf 88' lang='lat' dir='ltr'><strong>manus</strong></span> <span class='ocrx_word' id='word_1_247' title='bbox 2057 1801 2151 1841; x_wconf 79' lang='lat' dir='ltr'><strong>ea:-</strong></span> 
     </span>
    </p>
   </div>
   <div class='ocr_carea' id='block_1_36' title="bbox 492 1875 2153 1944">
    <p class='ocr_par' dir='ltr' id='par_1_36' title="bbox 492 1875 2153 1944">
     <span class='ocr_line' id='line_1_36' title="bbox 492 1875 2153 1944; baseline -0.003 -10"><span class='ocrx_word' id='word_1_248' title='bbox 492 1881 658 1934; x_wconf 79' lang='lat' dir='ltr'><strong>tenta</strong></span> <span class='ocrx_word' id='word_1_249' title='bbox 679 1890 862 1944; x_wconf 89' lang='lat' dir='ltr'><strong>super</strong></span> <span class='ocrx_word' id='word_1_250' title='bbox 886 1876 1194 1930; x_wconf 84' lang='lat' dir='ltr'><strong>universas</strong></span> <span class='ocrx_word' id='word_1_251' title='bbox 1223 1879 1461 1944; x_wconf 81' lang='lat' dir='ltr'><strong>gentes;</strong></span> <span class='ocrx_word' id='word_1_252' title='bbox 1499 1875 1780 1929; x_wconf 77' lang='lat' dir='ltr'><strong>Dominus</strong></span> <span class='ocrx_word' id='word_1_253' title='bbox 1805 1876 1961 1929; x_wconf 89' lang='lat' dir='ltr'><strong>enim</strong></span> <span class='ocrx_word' id='word_1_254' title='bbox 1982 1890 2153 1931; x_wconf 72' lang='lat' dir='ltr'><strong>exer-</strong></span> 
     </span>
    </p>
   </div>
   <div class='ocr_carea' id='block_1_37' title="bbox 492 1964 2153 2035">
    <p class='ocr_par' dir='ltr' id='par_1_37' title="bbox 492 1964 2153 2035">
     <span class='ocr_line' id='line_1_37' title="bbox 492 1964 2153 2035; baseline -0.002 -13"><span class='ocrx_word' id='word_1_255' title='bbox 492 1966 719 2022; x_wconf 83' lang='lat' dir='ltr'><strong>cituum</strong></span> <span class='ocrx_word' id='word_1_256' title='bbox 743 1965 1039 2035; x_wconf 86' lang='lat' dir='ltr'><strong>decrevit;</strong></span> <span class='ocrx_word' id='word_1_257' title='bbox 1067 1969 1122 2019; x_wconf 90' lang='lat' dir='ltr'><strong>et</strong></span> <span class='ocrx_word' id='word_1_258' title='bbox 1152 1965 1284 2034; x_wconf 86' lang='lat' dir='ltr'><strong>quis</strong></span> <span class='ocrx_word' id='word_1_259' title='bbox 1304 1964 1532 2033; x_wconf 87' lang='lat' dir='ltr'><strong>poterit</strong></span> <span class='ocrx_word' id='word_1_260' title='bbox 1553 1964 1735 2031; x_wconf 80' lang='lat' dir='ltr'><strong>inﬁrn</strong></span> <span class='ocrx_word' id='word_1_261' title='bbox 1761 1970 1911 2020; x_wconf 82' lang='lat' dir='ltr'><strong>are?</strong></span> <span class='ocrx_word' id='word_1_262' title='bbox 1941 1971 1997 2020; x_wconf 90' lang='lat' dir='ltr'><strong>et</strong></span> <span class='ocrx_word' id='word_1_263' title='bbox 2028 1980 2153 2020; x_wconf 89' lang='lat' dir='ltr'><strong>ma-</strong></span> 
     </span>
    </p>
   </div>
   <div class='ocr_carea' id='block_1_38' title="bbox 491 2053 2151 2124">
    <p class='ocr_par' dir='ltr' id='par_1_38' title="bbox 491 2053 2151 2124">
     <span class='ocr_line' id='line_1_38' title="bbox 491 2053 2151 2124; baseline -0.002 -13"><span class='ocrx_word' id='word_1_264' title='bbox 491 2070 604 2115; x_wconf 84' lang='lat' dir='ltr'><strong>nus</strong></span> <span class='ocrx_word' id='word_1_265' title='bbox 625 2055 753 2124; x_wconf 84' lang='lat' dir='ltr'><strong>ejus</strong></span> <span class='ocrx_word' id='word_1_266' title='bbox 774 2058 1015 2110; x_wconf 68' lang='lat' dir='ltr'><strong>extenta</strong></span> <span class='ocrx_word' id='word_1_267' title='bbox 1027 2065 1050 2123; x_wconf 86' lang='lat'><strong>,&#39;</strong></span> <span class='ocrx_word' id='word_1_268' title='bbox 1077 2058 1132 2109; x_wconf 86' lang='lat' dir='ltr'><strong>et</strong></span> <span class='ocrx_word' id='word_1_269' title='bbox 1157 2053 1288 2124; x_wconf 87' lang='lat' dir='ltr'><strong>quis</strong></span> <span class='ocrx_word' id='word_1_270' title='bbox 1309 2058 1534 2109; x_wconf 79' lang='lat' dir='ltr'><strong>avertet</strong></span> <span class='ocrx_word' id='word_1_271' title='bbox 1558 2067 1687 2108; x_wconf 91' lang='lat' dir='ltr'><strong>eam</strong></span> <span class='ocrx_word' id='word_1_272' title='bbox 1710 2056 1737 2107; x_wconf 73' lang='grc' dir='ltr'><strong>Σ)</strong></span> <span class='ocrx_word' id='word_1_273' title='bbox 1762 2054 1905 2120; x_wconf 90' lang='lat' dir='ltr'><strong>(Isa.</strong></span> <span class='ocrx_word' id='word_1_274' title='bbox 1929 2069 2049 2121; x_wconf 82' lang='lat' dir='ltr'><strong>XlV,</strong></span> <span class='ocrx_word' id='word_1_275' title='bbox 2076 2054 2151 2124; x_wconf 82' lang='lat'><strong>5).</strong></span> 
     </span>
    </p>
   </div>
   <div class='ocr_carea' id='block_1_39' title="bbox 494 2141 2158 2214">
    <p class='ocr_par' dir='ltr' id='par_1_39' title="bbox 494 2141 2158 2214">
     <span class='ocr_line' id='line_1_39' title="bbox 494 2141 2158 2214; baseline -0.001 -15"><span class='ocrx_word' id='word_1_276' title='bbox 494 2145 615 2199; x_wconf 84' lang='lat' dir='ltr'><strong>Hoc</strong></span> <span class='ocrx_word' id='word_1_277' title='bbox 635 2142 768 2199; x_wconf 91' lang='lat' dir='ltr'><strong>loco</strong></span> <span class='ocrx_word' id='word_1_278' title='bbox 781 2141 1033 2214; x_wconf 88' lang='lat' dir='ltr'><strong>quidam</strong></span> <span class='ocrx_word' id='word_1_279' title='bbox 1054 2142 1421 2197; x_wconf 88' lang='lat' dir='ltr'><strong>arbitrantur</strong></span> <span class='ocrx_word' id='word_1_280' title='bbox 1436 2141 1778 2212; x_wconf 79' lang='lat' dir='ltr'><strong>generalem</strong></span> <span class='ocrx_word' id='word_1_281' title='bbox 1798 2158 1929 2198; x_wconf 91' lang='lat' dir='ltr'><strong>csse</strong></span> <span class='ocrx_word' id='word_1_282' title='bbox 1949 2146 2158 2198; x_wconf 89' lang='lat' dir='ltr'><strong>contra</strong></span> 
     </span>
    </p>
   </div>
   <div class='ocr_carea' id='block_1_40' title="bbox 493 2229 2153 2303">
    <p class='ocr_par' dir='ltr' id='par_1_40' title="bbox 493 2229 2153 2303">
     <span class='ocr_line' id='line_1_40' title="bbox 493 2229 2153 2303; baseline -0.001 -15"><span class='ocrx_word' id='word_1_283' title='bbox 493 2246 740 2288; x_wconf 90' lang='lat' dir='ltr'><strong>omnem</strong></span> <span class='ocrx_word' id='word_1_284' title='bbox 768 2231 978 2295; x_wconf 83' lang='lat' dir='ltr'><strong>orbem</strong></span> <span class='ocrx_word' id='word_1_285' title='bbox 1006 2230 1407 2303; x_wconf 88' lang='lat' dir='ltr'><strong>prophetiam,</strong></span> <span class='ocrx_word' id='word_1_286' title='bbox 1451 2229 1701 2302; x_wconf 77' lang='lat' dir='ltr'><strong>etquod</strong></span> <span class='ocrx_word' id='word_1_287' title='bbox 1749 2232 2000 2286; x_wconf 86' lang='lat' dir='ltr'><strong>vastitas</strong></span> <span class='ocrx_word' id='word_1_288' title='bbox 2046 2234 2153 2286; x_wconf 85' lang='lat' dir='ltr'><strong>Ba-</strong></span> 
     </span>
    </p>
   </div>
   <div class='ocr_carea' id='block_1_41' title="bbox 491 2318 2156 2394">
    <p class='ocr_par' dir='ltr' id='par_1_41' title="bbox 491 2318 2156 2394">
     <span class='ocr_line' id='line_1_41' title="bbox 491 2318 2156 2394; baseline -0.001 -17"><span class='ocrx_word' id='word_1_289' title='bbox 491 2319 732 2394; x_wconf 83' lang='lat' dir='ltr'><strong>bylonis</strong></span> <span class='ocrx_word' id='word_1_290' title='bbox 758 2324 815 2376; x_wconf 92' lang='lat' dir='ltr'><strong>et</strong></span> <span class='ocrx_word' id='word_1_291' title='bbox 845 2319 1103 2391; x_wconf 64' lang='lat' dir='ltr'><strong>Assyrias</strong></span> <span class='ocrx_word' id='word_1_292' title='bbox 1145 2318 1400 2375; x_wconf 89' lang='lat' dir='ltr'><strong>civitatis</strong></span> <span class='ocrx_word' id='word_1_293' title='bbox 1431 2323 1614 2391; x_wconf 87' lang='lat' dir='ltr'><strong>typus</strong></span> <span class='ocrx_word' id='word_1_294' title='bbox 1658 2319 1733 2374; x_wconf 89' lang='lat' dir='ltr'><strong>sit</strong></span> <span class='ocrx_word' id='word_1_295' title='bbox 1763 2335 2156 2376; x_wconf 89' lang='lat' dir='ltr'><strong>consumma-</strong></span> 
     </span>
    </p>
   </div>
   <div class='ocr_carea' id='block_1_42' title="bbox 492 2397 2152 2480">
    <p class='ocr_par' dir='ltr' id='par_1_42' title="bbox 492 2397 2152 2480">
     <span class='ocr_line' id='line_1_42' title="bbox 492 2397 2152 2480; baseline 0.001 -16"><span class='ocrx_word' id='word_1_296' title='bbox 492 2397 670 2465; x_wconf 81' lang='lat' dir='ltr'><strong>tionis</strong></span> <span class='ocrx_word' id='word_1_297' title='bbox 697 2407 932 2477; x_wconf 91' lang='lat' dir='ltr'><strong>mundi,</strong></span> <span class='ocrx_word' id='word_1_298' title='bbox 963 2407 1185 2480; x_wconf 90' lang='lat' dir='ltr'><strong>quibus</strong></span> <span class='ocrx_word' id='word_1_299' title='bbox 1222 2423 1616 2480; x_wconf 87' lang='lat' dir='ltr'><strong>nequaquam</strong></span> <span class='ocrx_word' id='word_1_300' title='bbox 1660 2408 2152 2477; x_wconf 86' lang='lat' dir='ltr'><strong>contradicimus,</strong></span> 
     </span>
    </p>
   </div>
   <div class='ocr_carea' id='block_1_43' title="bbox 493 2494 2155 2567">
    <p class='ocr_par' dir='ltr' id='par_1_43' title="bbox 493 2494 2155 2567">
     <span class='ocr_line' id='line_1_43' title="bbox 493 2494 2155 2567; baseline -0.002 -14"><span class='ocrx_word' id='word_1_301' title='bbox 493 2496 643 2553; x_wconf 92' lang='lat' dir='ltr'><strong>dum</strong></span> <span class='ocrx_word' id='word_1_302' title='bbox 673 2495 934 2552; x_wconf 88' lang='lat' dir='ltr'><strong>sciamus</strong></span> <span class='ocrx_word' id='word_1_303' title='bbox 948 2494 1046 2551; x_wconf 89' lang='lat' dir='ltr'><strong>hic</strong></span> <span class='ocrx_word' id='word_1_304' title='bbox 1076 2510 1317 2553; x_wconf 90' lang='lat' dir='ltr'><strong>omnem</strong></span> <span class='ocrx_word' id='word_1_305' title='bbox 1351 2500 1573 2551; x_wconf 90' lang='lat' dir='ltr'><strong>terram</strong></span> <span class='ocrx_word' id='word_1_306' title='bbox 1602 2495 1985 2567; x_wconf 86' lang='lat' dir='ltr'><strong>Assyriorum</strong></span> <span class='ocrx_word' id='word_1_307' title='bbox 2015 2511 2155 2567; x_wconf 87' lang='lat' dir='ltr'><strong>pro-</strong></span> 
     </span>
    </p>
   </div>
   <div class='ocr_carea' id='block_1_44' title="bbox 496 2583 2155 2658">
    <p class='ocr_par' dir='ltr' id='par_1_44' title="bbox 496 2583 2155 2658">
     <span class='ocr_line' id='line_1_44' title="bbox 496 2583 2155 2658; baseline -0.001 -18"><span class='ocrx_word' id='word_1_308' title='bbox 496 2585 623 2658; x_wconf 89' lang='lat' dir='ltr'><strong>prie</strong></span> <span class='ocrx_word' id='word_1_309' title='bbox 649 2583 994 2653; x_wconf 86' lang='lat' dir='ltr'><strong>signiﬁcari,</strong></span> <span class='ocrx_word' id='word_1_310' title='bbox 1043 2588 1100 2639; x_wconf 91' lang='lat' dir='ltr'><strong>et</strong></span> <span class='ocrx_word' id='word_1_311' title='bbox 1143 2583 1459 2640; x_wconf 88' lang='lat' dir='ltr'><strong>universas</strong></span> <span class='ocrx_word' id='word_1_312' title='bbox 1505 2588 1713 2654; x_wconf 78' lang='lat' dir='ltr'><strong>gentes</strong></span> <span class='ocrx_word' id='word_1_313' title='bbox 1754 2583 1949 2639; x_wconf 89' lang='lat' dir='ltr'><strong>socias</strong></span> <span class='ocrx_word' id='word_1_314' title='bbox 1999 2583 2155 2652; x_wconf 90' lang='lat' dir='ltr'><strong>regis</strong></span> 
     </span>
    </p>
   </div>
   <div class='ocr_carea' id='block_1_45' title="bbox 495 2672 2155 2746">
    <p class='ocr_par' dir='ltr' id='par_1_45' title="bbox 495 2672 2155 2746">
     <span class='ocr_line' id='line_1_45' title="bbox 495 2672 2155 2746; baseline -0.002 -16"><span class='ocrx_word' id='word_1_315' title='bbox 495 2672 723 2746; x_wconf 81' lang='lat' dir='ltr'><strong>Assyrii</strong></span> <span class='ocrx_word' id='word_1_316' title='bbox 748 2673 1184 2730; x_wconf 89' lang='lat' dir='ltr'><strong>demonstratas</strong></span> <span class='ocrx_word' id='word_1_317' title='bbox 1219 2689 1232 2726; x_wconf 89' lang='lat'><strong>:</strong></span> <span class='ocrx_word' id='word_1_318' title='bbox 1264 2672 1562 2745; x_wconf 89' lang='lat' dir='ltr'><strong>quidquid</strong></span> <span class='ocrx_word' id='word_1_319' title='bbox 1588 2677 1793 2728; x_wconf 90' lang='lat' dir='ltr'><strong>autem</strong></span> <span class='ocrx_word' id='word_1_320' title='bbox 1822 2688 1859 2728; x_wconf 90' lang='lat' dir='ltr'><strong>a</strong></span> <span class='ocrx_word' id='word_1_321' title='bbox 1902 2672 2155 2727; x_wconf 86' lang='lat' dir='ltr'><strong>Domino</strong></span> 
     </span>
    </p>
   </div>
   <div class='ocr_carea' id='block_1_46' title="bbox 493 2760 2156 2834">
    <p class='ocr_par' dir='ltr' id='par_1_46' title="bbox 493 2760 2156 2834">
     <span class='ocr_line' id='line_1_46' title="bbox 493 2760 2156 2834; baseline -0.003 -14"><span class='ocrx_word' id='word_1_322' title='bbox 493 2762 803 2821; x_wconf 84' lang='lat' dir='ltr'><strong>decretum</strong></span> <span class='ocrx_word' id='word_1_323' title='bbox 832 2765 938 2831; x_wconf 91' lang='lat' dir='ltr'><strong>est,</strong></span> <span class='ocrx_word' id='word_1_324' title='bbox 970 2760 1189 2816; x_wconf 88' lang='lat' dir='ltr'><strong>nullius</strong></span> <span class='ocrx_word' id='word_1_325' title='bbox 1217 2761 1432 2817; x_wconf 89' lang='lat' dir='ltr'><strong>virtute</strong></span> <span class='ocrx_word' id='word_1_326' title='bbox 1461 2761 1835 2834; x_wconf 91' lang='lat' dir='ltr'><strong>prohibetur,</strong></span> <span class='ocrx_word' id='word_1_327' title='bbox 1876 2766 1933 2816; x_wconf 89' lang='lat' dir='ltr'><strong>et</strong></span> <span class='ocrx_word' id='word_1_328' title='bbox 1954 2766 2156 2816; x_wconf 85' lang='lat' dir='ltr'><strong>exten-</strong></span> 
     </span>
    </p>
   </div>
   <div class='ocr_carea' id='block_1_47' title="bbox 493 2850 2152 2924">
    <p class='ocr_par' dir='ltr' id='par_1_47' title="bbox 493 2850 2152 2924">
     <span class='ocr_line' id='line_1_47' title="bbox 493 2850 2152 2924; baseline -0.002 -14"><span class='ocrx_word' id='word_1_329' title='bbox 493 2856 622 2910; x_wconf 85' lang='lat' dir='ltr'><strong>tam</strong></span> <span class='ocrx_word' id='word_1_330' title='bbox 657 2867 909 2909; x_wconf 91' lang='lat' dir='ltr'><strong>manum</strong></span> <span class='ocrx_word' id='word_1_331' title='bbox 952 2852 1106 2923; x_wconf 85' lang='lat' dir='ltr'><strong>ejus,</strong></span> <span class='ocrx_word' id='word_1_332' title='bbox 1151 2855 1208 2907; x_wconf 90' lang='lat' dir='ltr'><strong>et</strong></span> <span class='ocrx_word' id='word_1_333' title='bbox 1244 2850 1325 2907; x_wconf 91' lang='lat' dir='ltr'><strong>ad</strong></span> <span class='ocrx_word' id='word_1_334' title='bbox 1354 2851 1812 2923; x_wconf 87' lang='lat' dir='ltr'><strong>percutiendum</strong></span> <span class='ocrx_word' id='word_1_335' title='bbox 1850 2856 2152 2924; x_wconf 90' lang='lat' dir='ltr'><strong>paratum,</strong></span> 
     </span>
    </p>
   </div>
   <div class='ocr_carea' id='block_1_48' title="bbox 2261 1692 3919 1763">
    <p class='ocr_par' dir='ltr' id='par_1_48' title="bbox 2261 1692 3919 1763">
     <span class='ocr_line' id='line_1_48' title="bbox 2261 1692 3919 1763; baseline 0 -14"><span class='ocrx_word' id='word_1_336' title='bbox 2261 1693 2343 1749; x_wconf 80' lang='lat' dir='ltr'><strong>sic</strong></span> <span class='ocrx_word' id='word_1_337' title='bbox 2374 1694 2489 1749; x_wconf 88' lang='lat' dir='ltr'><strong>ait:</strong></span> <span class='ocrx_word' id='word_1_338' title='bbox 2515 1694 2794 1763; x_wconf 80' lang='lat' dir='ltr'><strong>(Tempus</strong></span> <span class='ocrx_word' id='word_1_339' title='bbox 2823 1695 3020 1763; x_wconf 84' lang='lat' dir='ltr'><strong>posuit</strong></span> <span class='ocrx_word' id='word_1_340' title='bbox 3063 1692 3339 1759; x_wconf 79' lang='lat' dir='ltr'><strong>tenebris,</strong></span> <span class='ocrx_word' id='word_1_341' title='bbox 3388 1697 3442 1747; x_wconf 89' lang='lat' dir='ltr'><strong>et</strong></span> <span class='ocrx_word' id='word_1_342' title='bbox 3488 1692 3919 1750; x_wconf 76' lang='lat' dir='ltr'><strong>universorum</strong></span> 
     </span>
    </p>
   </div>
   <div class='ocr_carea' id='block_1_49' title="bbox 2261 1781 3921 1852">
    <p class='ocr_par' dir='ltr' id='par_1_49' title="bbox 2261 1781 3921 1852">
     <span class='ocr_line' id='line_1_49' title="bbox 2261 1781 3921 1852; baseline 0 -14"><span class='ocrx_word' id='word_1_343' title='bbox 2261 1784 2439 1851; x_wconf 85' lang='lat' dir='ltr'><strong>ﬁnem</strong></span> <span class='ocrx_word' id='word_1_344' title='bbox 2471 1784 2596 1852; x_wconf 88' lang='lat' dir='ltr'><strong>ipse</strong></span> <span class='ocrx_word' id='word_1_345' title='bbox 2633 1782 2991 1851; x_wconf 81' lang='lat' dir='ltr'><strong>considerat,</strong></span> <span class='ocrx_word' id='word_1_346' title='bbox 3030 1782 3156 1850; x_wconf 88' lang='lat' dir='ltr'><strong>ipse</strong></span> <span class='ocrx_word' id='word_1_347' title='bbox 3185 1787 3413 1850; x_wconf 83' lang='lat' dir='ltr'><strong>tempus</strong></span> <span class='ocrx_word' id='word_1_348' title='bbox 3429 1782 3631 1850; x_wconf 82' lang='lat' dir='ltr'><strong>posuit</strong></span> <span class='ocrx_word' id='word_1_349' title='bbox 3664 1781 3921 1838; x_wconf 66' lang='lat' dir='ltr'><strong>tenebris</strong></span> 
     </span>
    </p>
   </div>
   <div class='ocr_carea' id='block_1_50' title="bbox 2265 1870 3925 1943">
    <p class='ocr_par' dir='ltr' id='par_1_50' title="bbox 2265 1870 3925 1943">
     <span class='ocr_line' id='line_1_50' title="bbox 2265 1870 3925 1943; baseline 0 -16"><span class='ocrx_word' id='word_1_350' title='bbox 2265 1873 2397 1941; x_wconf 85' lang='lat' dir='ltr'><strong>(Job</strong></span> <span class='ocrx_word' id='word_1_351' title='bbox 2416 1889 2663 1942; x_wconf 79' lang='lat' dir='ltr'><strong>xxxvui,</strong></span> <span class='ocrx_word' id='word_1_352' title='bbox 2694 1873 2767 1943; x_wconf 86' lang='lat'><strong>3),</strong></span> <span class='ocrx_word' id='word_1_353' title='bbox 2797 1870 3019 1943; x_wconf 89' lang='lat' dir='ltr'><strong>iniquis</strong></span> <span class='ocrx_word' id='word_1_354' title='bbox 3046 1870 3319 1927; x_wconf 83' lang='lat' dir='ltr'><strong>videlicet</strong></span> <span class='ocrx_word' id='word_1_355' title='bbox 3358 1870 3612 1927; x_wconf 88' lang='lat' dir='ltr'><strong>modum</strong></span> <span class='ocrx_word' id='word_1_356' title='bbox 3661 1887 3788 1943; x_wconf 87' lang='lat' dir='ltr'><strong>quo</strong></span> <span class='ocrx_word' id='word_1_357' title='bbox 3816 1872 3925 1928; x_wconf 80' lang='lat' dir='ltr'><strong>ini-</strong></span> 
     </span>
    </p>
   </div>
   <div class='ocr_carea' id='block_1_51' title="bbox 2266 1960 3922 2033">
    <p class='ocr_par' dir='ltr' id='par_1_51' title="bbox 2266 1960 3922 2033">
     <span class='ocr_line' id='line_1_51' title="bbox 2266 1960 3922 2033; baseline 0 -17"><span class='ocrx_word' id='word_1_358' title='bbox 2266 1962 2367 2033; x_wconf 86' lang='lat' dir='ltr'><strong>qui</strong></span> <span class='ocrx_word' id='word_1_359' title='bbox 2395 1978 2522 2017; x_wconf 87' lang='lat' dir='ltr'><strong>esse</strong></span> <span class='ocrx_word' id='word_1_360' title='bbox 2535 1961 2845 2018; x_wconf 88' lang='lat' dir='ltr'><strong>desistant.</strong></span> <span class='ocrx_word' id='word_1_361' title='bbox 2870 1961 3034 2017; x_wconf 89' lang='lat' dir='ltr'><strong>Unde</strong></span> <span class='ocrx_word' id='word_1_362' title='bbox 3061 1960 3145 2017; x_wconf 86' lang='lat' dir='ltr'><strong>eis</strong></span> <span class='ocrx_word' id='word_1_363' title='bbox 3174 1975 3281 2032; x_wconf 90' lang='lat' dir='ltr'><strong>per</strong></span> <span class='ocrx_word' id='word_1_364' title='bbox 3308 1960 3664 2033; x_wconf 81' lang='lat' dir='ltr'><strong>Apostolum</strong></span> <span class='ocrx_word' id='word_1_365' title='bbox 3683 1960 3922 2018; x_wconf 85' lang='lat' dir='ltr'><strong>dicitur:</strong></span> 
     </span>
    </p>
   </div>
   <div class='ocr_carea' id='block_1_52' title="bbox 2264 2051 3926 2123">
    <p class='ocr_par' dir='ltr' id='par_1_52' title="bbox 2264 2051 3926 2123">
     <span class='ocr_line' id='line_1_52' title="bbox 2264 2051 3926 2123; baseline 0.001 -16"><span class='ocrx_word' id='word_1_366' title='bbox 2264 2052 2468 2108; x_wconf 85' lang='lat' dir='ltr'><strong>Eratis</strong></span> <span class='ocrx_word' id='word_1_367' title='bbox 2500 2052 2832 2123; x_wconf 77' lang='lat' dir='ltr'><strong>aliquando</strong></span> <span class='ocrx_word' id='word_1_368' title='bbox 2862 2051 3144 2118; x_wconf 71' lang='lat' dir='ltr'><strong>tenebrae,</strong></span> <span class='ocrx_word' id='word_1_369' title='bbox 3160 2066 3321 2107; x_wconf 87' lang='lat' dir='ltr'><strong>nunc</strong></span> <span class='ocrx_word' id='word_1_370' title='bbox 3353 2056 3551 2108; x_wconf 82' lang='lat' dir='ltr'><strong>autem</strong></span> <span class='ocrx_word' id='word_1_371' title='bbox 3586 2052 3703 2108; x_wconf 74' lang='lat' dir='ltr'><strong>tua:</strong></span> <span class='ocrx_word' id='word_1_372' title='bbox 3728 2053 3793 2108; x_wconf 87' lang='lat' dir='ltr'><strong>in</strong></span> <span class='ocrx_word' id='word_1_373' title='bbox 3813 2053 3926 2107; x_wconf 87' lang='lat' dir='ltr'><strong>Do—</strong></span> 
     </span>
    </p>
   </div>
   <div class='ocr_carea' id='block_1_53' title="bbox 2267 2140 3924 2215">
    <p class='ocr_par' dir='ltr' id='par_1_53' title="bbox 2267 2140 3924 2215">
     <span class='ocr_line' id='line_1_53' title="bbox 2267 2140 3924 2215; baseline -0.001 -17"><span class='ocrx_word' id='word_1_374' title='bbox 2267 2144 2425 2198; x_wconf 88' lang='lat' dir='ltr'><strong>mino</strong></span> <span class='ocrx_word' id='word_1_375' title='bbox 2476 2143 2711 2213; x_wconf 87' lang='lat' dir='ltr'><strong>(Ephes.</strong></span> <span class='ocrx_word' id='word_1_376' title='bbox 2744 2158 2806 2206; x_wconf 94' lang='lat' dir='ltr'><strong>v,</strong></span> <span class='ocrx_word' id='word_1_377' title='bbox 2836 2142 2907 2212; x_wconf 93' lang='lat'><strong>8).</strong></span> <span class='ocrx_word' id='word_1_378' title='bbox 2967 2140 3127 2198; x_wconf 89' lang='lat' dir='ltr'><strong>Sicut</strong></span> <span class='ocrx_word' id='word_1_379' title='bbox 3168 2140 3298 2196; x_wconf 88' lang='lat' dir='ltr'><strong>aliis</strong></span> <span class='ocrx_word' id='word_1_380' title='bbox 3332 2156 3577 2212; x_wconf 90' lang='lat' dir='ltr'><strong>quoque</strong></span> <span class='ocrx_word' id='word_1_381' title='bbox 3607 2140 3924 2215; x_wconf 85' lang='lat' dir='ltr'><strong>discipulis</strong></span> 
     </span>
    </p>
   </div>
   <div class='ocr_carea' id='block_1_54' title="bbox 2265 2227 3925 2300">
    <p class='ocr_par' dir='ltr' id='par_1_54' title="bbox 2265 2227 3925 2300">
     <span class='ocr_line' id='line_1_54' title="bbox 2265 2227 3925 2300; baseline 0 -14"><span class='ocrx_word' id='word_1_382' title='bbox 2265 2229 2461 2287; x_wconf 88' lang='lat' dir='ltr'><strong>isdem</strong></span> <span class='ocrx_word' id='word_1_383' title='bbox 2484 2229 2695 2286; x_wconf 87' lang='lat' dir='ltr'><strong>doctor</strong></span> <span class='ocrx_word' id='word_1_384' title='bbox 2723 2228 2999 2300; x_wconf 88' lang='lat' dir='ltr'><strong>egregius</strong></span> <span class='ocrx_word' id='word_1_385' title='bbox 3047 2227 3189 2284; x_wconf 86' lang='lat' dir='ltr'><strong>dicit</strong></span> <span class='ocrx_word' id='word_1_386' title='bbox 3214 2246 3226 2281; x_wconf 96' lang='lat'>:</span> <span class='ocrx_word' id='word_1_387' title='bbox 3253 2228 3396 2285; x_wconf 76' lang='lat' dir='ltr'><strong>Nos:</strong></span> <span class='ocrx_word' id='word_1_388' title='bbox 3419 2231 3753 2298; x_wconf 73' lang='lat' dir='ltr'><strong>praecessit,</strong></span> <span class='ocrx_word' id='word_1_389' title='bbox 3803 2231 3925 2286; x_wconf 75' lang='lat' dir='ltr'><strong>dies</strong></span> 
     </span>
    </p>
   </div>
   <div class='ocr_carea' id='block_1_55' title="bbox 2264 2315 3925 2388">
    <p class='ocr_par' dir='ltr' id='par_1_55' title="bbox 2264 2315 3925 2388">
     <span class='ocr_line' id='line_1_55' title="bbox 2264 2315 3925 2388; baseline 0 -14"><span class='ocrx_word' id='word_1_390' title='bbox 2264 2323 2463 2376; x_wconf 87' lang='lat' dir='ltr'><strong>autem</strong></span> <span class='ocrx_word' id='word_1_391' title='bbox 2487 2317 3021 2388; x_wconf 83' lang='lat' dir='ltr'><strong>appropinquavit,</strong></span> <span class='ocrx_word' id='word_1_392' title='bbox 3052 2315 3410 2385; x_wconf 74' lang='lat' dir='ltr'><strong>abjiciamus</strong></span> <span class='ocrx_word' id='word_1_393' title='bbox 3448 2330 3590 2386; x_wconf 88' lang='lat' dir='ltr'><strong>ergo</strong></span> <span class='ocrx_word' id='word_1_394' title='bbox 3612 2332 3800 2386; x_wconf 84' lang='lat' dir='ltr'><strong>opera</strong></span> <span class='ocrx_word' id='word_1_395' title='bbox 3850 2325 3925 2374; x_wconf 84' lang='lat' dir='ltr'><strong>te-</strong></span> 
     </span>
    </p>
   </div>
   <div class='ocr_carea' id='block_1_56' title="bbox 2263 2405 3921 2475">
    <p class='ocr_par' dir='ltr' id='par_1_56' title="bbox 2263 2405 3921 2475">
     <span class='ocr_line' id='line_1_56' title="bbox 2263 2405 3921 2475; baseline -0.001 -11"><span class='ocrx_word' id='word_1_396' title='bbox 2263 2408 2611 2473; x_wconf 83' lang='lat' dir='ltr'><strong>nebrarum,</strong></span> <span class='ocrx_word' id='word_1_397' title='bbox 2644 2411 2700 2463; x_wconf 89' lang='lat' dir='ltr'><strong>et</strong></span> <span class='ocrx_word' id='word_1_398' title='bbox 2734 2406 3057 2462; x_wconf 85' lang='lat' dir='ltr'><strong>induamus</strong></span> <span class='ocrx_word' id='word_1_399' title='bbox 3098 2420 3205 2461; x_wconf 88' lang='lat' dir='ltr'><strong>nos</strong></span> <span class='ocrx_word' id='word_1_400' title='bbox 3235 2420 3408 2463; x_wconf 78' lang='lat' dir='ltr'><strong>arma</strong></span> <span class='ocrx_word' id='word_1_401' title='bbox 3454 2405 3630 2475; x_wconf 80' lang='lat' dir='ltr'><strong>lucis,</strong></span> <span class='ocrx_word' id='word_1_402' title='bbox 3655 2408 3813 2463; x_wconf 82' lang='lat' dir='ltr'><strong>sicut</strong></span> <span class='ocrx_word' id='word_1_403' title='bbox 3862 2408 3921 2462; x_wconf 82' lang='lat' dir='ltr'><strong>in</strong></span> 
     </span>
    </p>
   </div>
   <div class='ocr_carea' id='block_1_57' title="bbox 2264 2494 3923 2564">
    <p class='ocr_par' dir='ltr' id='par_1_57' title="bbox 2264 2494 3923 2564">
     <span class='ocr_line' id='line_1_57' title="bbox 2264 2494 3923 2564; baseline -0.001 -11"><span class='ocrx_word' id='word_1_404' title='bbox 2264 2497 2361 2553; x_wconf 88' lang='lat' dir='ltr'><strong>die</strong></span> <span class='ocrx_word' id='word_1_405' title='bbox 2390 2497 2631 2555; x_wconf 81' lang='lat' dir='ltr'><strong>honeste</strong></span> <span class='ocrx_word' id='word_1_406' title='bbox 2657 2496 3029 2553; x_wconf 80' lang='lat' dir='ltr'><strong>ambulemus</strong></span> <span class='ocrx_word' id='word_1_407' title='bbox 3054 2497 3244 2561; x_wconf 83' lang='lat' dir='ltr'><strong>(Rom.</strong></span> <span class='ocrx_word' id='word_1_408' title='bbox 3276 2510 3406 2564; x_wconf 83' lang='lat' dir='ltr'><strong>xm,</strong></span> <span class='ocrx_word' id='word_1_409' title='bbox 3434 2499 3545 2563; x_wconf 80' lang='lat' dir='ltr'><strong>t2).</strong></span> <span class='ocrx_word' id='word_1_410' title='bbox 3579 2494 3744 2553; x_wconf 83' lang='lat' dir='ltr'><strong>Unde</strong></span> <span class='ocrx_word' id='word_1_411' title='bbox 3772 2500 3834 2554; x_wconf 81' lang='lat' dir='ltr'><strong>et</strong></span> <span class='ocrx_word' id='word_1_412' title='bbox 3858 2494 3923 2552; x_wconf 85' lang='lat' dir='ltr'><strong>in</strong></span> 
     </span>
    </p>
   </div>
   <div class='ocr_carea' id='block_1_58' title="bbox 2263 2581 3916 2649">
    <p class='ocr_par' dir='ltr' id='par_1_58' title="bbox 2263 2581 3916 2649">
     <span class='ocr_line' id='line_1_58' title="bbox 2263 2581 3916 2649; baseline -0.001 -11"><span class='ocrx_word' id='word_1_413' title='bbox 2263 2583 2521 2639; x_wconf 90' lang='lat' dir='ltr'><strong>Canticis</strong></span> <span class='ocrx_word' id='word_1_414' title='bbox 2552 2582 2946 2649; x_wconf 87' lang='lat' dir='ltr'><strong>canticorum,</strong></span> <span class='ocrx_word' id='word_1_415' title='bbox 3007 2581 3268 2639; x_wconf 83' lang='lat' dir='ltr'><strong>Ecclesia</strong></span> <span class='ocrx_word' id='word_1_416' title='bbox 3322 2581 3616 2644; x_wconf 85' lang='lat' dir='ltr'><strong>veniente.</strong></span> <span class='ocrx_word' id='word_1_417' title='bbox 3659 2582 3916 2639; x_wconf 86' lang='lat' dir='ltr'><strong>dicitur:</strong></span> 
     </span>
    </p>
   </div>
   <div class='ocr_carea' id='block_1_59' title="bbox 2265 2670 3926 2742">
    <p class='ocr_par' dir='ltr' id='par_1_59' title="bbox 2265 2670 3926 2742">
     <span class='ocr_line' id='line_1_59' title="bbox 2265 2670 3926 2742; baseline 0 -15"><span class='ocrx_word' id='word_1_418' title='bbox 2265 2671 2405 2739; x_wconf 61' lang='lat' dir='ltr'><strong>Quae</strong></span> <span class='ocrx_word' id='word_1_419' title='bbox 2434 2677 2517 2728; x_wconf 89' lang='lat' dir='ltr'><strong>est</strong></span> <span class='ocrx_word' id='word_1_420' title='bbox 2549 2673 2633 2728; x_wconf 85' lang='lat' dir='ltr'><strong>ita</strong></span> <span class='ocrx_word' id='word_1_421' title='bbox 2662 2685 2795 2741; x_wconf 73' lang='lat' dir='ltr'><strong>quae</strong></span> <span class='ocrx_word' id='word_1_422' title='bbox 2824 2670 3243 2741; x_wconf 81' lang='lat' dir='ltr'><strong>progreditur,</strong></span> <span class='ocrx_word' id='word_1_423' title='bbox 3290 2672 3465 2742; x_wconf 89' lang='lat' dir='ltr'><strong>quasi</strong></span> <span class='ocrx_word' id='word_1_424' title='bbox 3510 2684 3738 2727; x_wconf 86' lang='lat' dir='ltr'><strong>aurora</strong></span> <span class='ocrx_word' id='word_1_425' title='bbox 3780 2684 3926 2727; x_wconf 84' lang='lat' dir='ltr'><strong>con-</strong></span> 
     </span>
    </p>
   </div>
   <div class='ocr_carea' id='block_1_60' title="bbox 2261 2757 3932 2831">
    <p class='ocr_par' dir='ltr' id='par_1_60' title="bbox 2261 2757 3932 2831">
     <span class='ocr_line' id='line_1_60' title="bbox 2261 2757 3932 2831; baseline 0.001 -16"><span class='ocrx_word' id='word_1_426' title='bbox 2261 2775 2512 2830; x_wconf 84' lang='lat' dir='ltr'><strong>surgens</strong></span> <span class='ocrx_word' id='word_1_427' title='bbox 2539 2764 2567 2815; x_wconf 81' lang='lat'><strong><em>?</em></strong></span> <span class='ocrx_word' id='word_1_428' title='bbox 2595 2760 2789 2829; x_wconf 87' lang='lat' dir='ltr'><strong>(Cant.</strong></span> <span class='ocrx_word' id='word_1_429' title='bbox 2818 2776 2896 2821; x_wconf 78' lang='lat' dir='ltr'><strong>v1,</strong></span> <span class='ocrx_word' id='word_1_430' title='bbox 2930 2758 3003 2830; x_wconf 82' lang='lat'><strong>9).</strong></span> <span class='ocrx_word' id='word_1_431' title='bbox 3038 2763 3249 2831; x_wconf 81' lang='lat' dir='ltr'><strong>Aperte</strong></span> <span class='ocrx_word' id='word_1_432' title='bbox 3271 2757 3433 2815; x_wconf 90' lang='lat' dir='ltr'><strong>enim</strong></span> <span class='ocrx_word' id='word_1_433' title='bbox 3462 2758 3721 2816; x_wconf 82' lang='lat' dir='ltr'><strong>Ecclesia</strong></span> <span class='ocrx_word' id='word_1_434' title='bbox 3751 2773 3932 2816; x_wconf 85' lang='lat' dir='ltr'><strong>auro-</strong></span> 
     </span>
    </p>
   </div>
   <div class='ocr_carea' id='block_1_61' title="bbox 2262 2847 3930 2922">
    <p class='ocr_par' dir='ltr' id='par_1_61' title="bbox 2262 2847 3930 2922">
     <span class='ocr_line' id='line_1_61' title="bbox 2262 2847 3930 2922; baseline -0.002 -16"><span class='ocrx_word' id='word_1_435' title='bbox 2262 2866 2342 2906; x_wconf 75' lang='lat' dir='ltr'><strong>I‘tB</strong></span> <span class='ocrx_word' id='word_1_436' title='bbox 2373 2854 2725 2922; x_wconf 88' lang='lat' dir='ltr'><strong>comparata</strong></span> <span class='ocrx_word' id='word_1_437' title='bbox 2755 2848 3137 2918; x_wconf 86' lang='lat' dir='ltr'><strong>describitur,</strong></span> <span class='ocrx_word' id='word_1_438' title='bbox 3182 2864 3319 2920; x_wconf 64' lang='lat' dir='ltr'><strong>quae</strong></span> <span class='ocrx_word' id='word_1_439' title='bbox 3358 2864 3465 2921; x_wconf 91' lang='lat' dir='ltr'><strong>per</strong></span> <span class='ocrx_word' id='word_1_440' title='bbox 3507 2847 3930 2918; x_wconf 85' lang='lat' dir='ltr'><strong>cognitionem</strong></span> 
     </span>
    </p>
   </div>
   <div class='ocr_carea' id='block_1_62' title="bbox 494 2935 3933 3034">
    <p class='ocr_par' dir='ltr' id='par_1_62' title="bbox 494 2935 3933 3034">
     <span class='ocr_line' id='line_1_62' title="bbox 494 2935 3933 3034; baseline -0.002 -35"><span class='ocrx_word' id='word_1_441' title='bbox 494 2958 677 3000; x_wconf 90' lang='lat' dir='ltr'><strong>nemo</strong></span> <span class='ocrx_word' id='word_1_442' title='bbox 696 2941 908 3015; x_wconf 88' lang='lat' dir='ltr'><strong>poterit</strong></span> <span class='ocrx_word' id='word_1_443' title='bbox 928 2942 1475 3013; x_wconf 77' lang='lat' dir='ltr'><strong>ooercere.]-)-Idem</strong></span> <span class='ocrx_word' id='word_1_444' title='bbox 1497 2941 1559 2997; x_wconf 93' lang='lat' dir='ltr'><strong>in</strong></span> <span class='ocrx_word' id='word_1_445' title='bbox 1579 2941 1792 2997; x_wconf 91' lang='lat' dir='ltr'><strong>eodem</strong></span> <span class='ocrx_word' id='word_1_446' title='bbox 1819 2960 1830 2998; x_wconf 90' lang='lat'><strong>:</strong></span> <span class='ocrx_word' id='word_1_447' title='bbox 1861 2942 2012 3007; x_wconf 83' lang='lat' dir='ltr'><strong>[Hoc</strong></span> <span class='ocrx_word' id='word_1_448' title='bbox 2030 2956 2154 2998; x_wconf 83' lang='lat' dir='ltr'><strong>ver-</strong></span> <span class='ocrx_word' id='word_1_449' title='bbox 2188 2979 2227 3034; x_wconf 65' lang='grc' dir='ltr'><strong>Ο</strong></span> <span class='ocrx_word' id='word_1_450' title='bbox 2260 2937 2401 2993; x_wconf 89' lang='lat' dir='ltr'><strong>ﬁdei</strong></span> <span class='ocrx_word' id='word_1_451' title='bbox 2430 2953 2466 2993; x_wconf 93' lang='lat' dir='ltr'><strong>a</strong></span> <span class='ocrx_word' id='word_1_452' title='bbox 2498 2941 2888 3009; x_wconf 88' lang='lat' dir='ltr'><strong>peccatorum</strong></span> <span class='ocrx_word' id='word_1_453' title='bbox 2923 2953 3175 2995; x_wconf 85' lang='lat' dir='ltr'><strong>suorum</strong></span> <span class='ocrx_word' id='word_1_454' title='bbox 3206 2936 3464 2995; x_wconf 82' lang='lat' dir='ltr'><strong>tenebris</strong></span> <span class='ocrx_word' id='word_1_455' title='bbox 3504 2936 3567 2994; x_wconf 90' lang='lat' dir='ltr'><strong>in</strong></span> <span class='ocrx_word' id='word_1_456' title='bbox 3594 2935 3769 2994; x_wconf 86' lang='lat' dir='ltr'><strong>clara</strong></span> <span class='ocrx_word' id='word_1_457' title='bbox 3792 2936 3933 2995; x_wconf 85' lang='lat' dir='ltr'><strong>luce</strong></span> 
     </span>
    </p>
   </div>
   <div class='ocr_carea' id='block_1_63' title="bbox 498 3031 2157 3103">
    <p class='ocr_par' dir='ltr' id='par_1_63' title="bbox 498 3031 2157 3103">
     <span class='ocr_line' id='line_1_63' title="bbox 498 3031 2157 3103; baseline -0.001 -15"><span class='ocrx_word' id='word_1_458' title='bbox 498 3032 656 3096; x_wconf 85' lang='lat' dir='ltr'><strong>bum,</strong></span> <span class='ocrx_word' id='word_1_459' title='bbox 677 3032 837 3103; x_wconf 85' lang='lat' dir='ltr'><strong>quod</strong></span> <span class='ocrx_word' id='word_1_460' title='bbox 865 3032 1099 3088; x_wconf 85' lang='lat' dir='ltr'><strong>locutus</strong></span> <span class='ocrx_word' id='word_1_461' title='bbox 1128 3036 1215 3088; x_wconf 89' lang='lat' dir='ltr'><strong>est</strong></span> <span class='ocrx_word' id='word_1_462' title='bbox 1248 3033 1532 3088; x_wconf 83' lang='lat' dir='ltr'><strong>Dominus</strong></span> <span class='ocrx_word' id='word_1_463' title='bbox 1561 3031 1642 3087; x_wconf 89' lang='lat' dir='ltr'><strong>ad</strong></span> <span class='ocrx_word' id='word_1_464' title='bbox 1703 3031 1882 3087; x_wconf 72' lang='lat' dir='ltr'><strong>Moab</strong></span> <span class='ocrx_word' id='word_1_465' title='bbox 1910 3045 1985 3088; x_wconf 76' lang='lat' dir='ltr'><strong>ea:</strong></span> <span class='ocrx_word' id='word_1_466' title='bbox 2015 3036 2157 3087; x_wconf 79' lang='lat' dir='ltr'><strong>tunc</strong></span> 
     </span>
    </p>
   </div>
   <div class='ocr_carea' id='block_1_64' title="bbox 496 3119 2158 3193">
    <p class='ocr_par' dir='ltr' id='par_1_64' title="bbox 496 3119 2158 3193">
     <span class='ocr_line' id='line_1_64' title="bbox 496 3119 2158 3193; baseline -0.002 -16"><span class='ocrx_word' id='word_1_467' title='bbox 496 3120 637 3193; x_wconf 87' lang='lat' dir='ltr'><strong>(Isa.</strong></span> <span class='ocrx_word' id='word_1_468' title='bbox 659 3124 842 3188; x_wconf 74' lang='lat' dir='ltr'><strong>xvx,3)</strong></span> <span class='ocrx_word' id='word_1_469' title='bbox 868 3139 882 3189; x_wconf 89' lang='lat'><strong>;</strong></span> <span class='ocrx_word' id='word_1_470' title='bbox 908 3136 981 3176; x_wconf 81' lang='lat' dir='ltr'><strong>ex</strong></span> <span class='ocrx_word' id='word_1_471' title='bbox 1004 3136 1129 3193; x_wconf 90' lang='lat' dir='ltr'><strong>quo</strong></span> <span class='ocrx_word' id='word_1_472' title='bbox 1153 3124 1332 3193; x_wconf 90' lang='lat' dir='ltr'><strong>putas</strong></span> <span class='ocrx_word' id='word_1_473' title='bbox 1361 3125 1626 3191; x_wconf 90' lang='lat' dir='ltr'><strong>tempore</strong></span> <span class='ocrx_word' id='word_1_474' title='bbox 1645 3124 1674 3175; x_wconf 85' lang='lat'><strong><em>?</em></strong></span> <span class='ocrx_word' id='word_1_475' title='bbox 1698 3119 1970 3175; x_wconf 88' lang='lat' dir='ltr'><strong>videlicet</strong></span> <span class='ocrx_word' id='word_1_476' title='bbox 1998 3136 2069 3174; x_wconf 79' lang='lat' dir='ltr'><strong>ex</strong></span> <span class='ocrx_word' id='word_1_477' title='bbox 2087 3135 2158 3175; x_wconf 93' lang='lat' dir='ltr'><strong>eo</strong></span> 
     </span>
    </p>
   </div>
   <div class='ocr_carea' id='block_1_65' title="bbox 496 3208 2159 3283">
    <p class='ocr_par' dir='ltr' id='par_1_65' title="bbox 496 3208 2159 3283">
     <span class='ocr_line' id='line_1_65' title="bbox 496 3208 2159 3283; baseline -0.001 -17"><span class='ocrx_word' id='word_1_478' title='bbox 496 3225 622 3283; x_wconf 91' lang='lat' dir='ltr'><strong>quo</strong></span> <span class='ocrx_word' id='word_1_479' title='bbox 649 3215 884 3268; x_wconf 89' lang='lat' dir='ltr'><strong>creatus</strong></span> <span class='ocrx_word' id='word_1_480' title='bbox 905 3214 993 3266; x_wconf 91' lang='lat' dir='ltr'><strong>est</strong></span> <span class='ocrx_word' id='word_1_481' title='bbox 1017 3209 1189 3267; x_wconf 84' lang='lat' dir='ltr'><strong>Moab</strong></span> <span class='ocrx_word' id='word_1_482' title='bbox 1215 3228 1228 3277; x_wconf 90' lang='lat'><strong>;</strong></span> <span class='ocrx_word' id='word_1_483' title='bbox 1260 3214 1317 3265; x_wconf 88' lang='lat' dir='ltr'><strong>et</strong></span> <span class='ocrx_word' id='word_1_484' title='bbox 1339 3209 1626 3265; x_wconf 89' lang='lat' dir='ltr'><strong>Dominus</strong></span> <span class='ocrx_word' id='word_1_485' title='bbox 1655 3208 1771 3264; x_wconf 89' lang='lat' dir='ltr'><strong>ait:</strong></span> <span class='ocrx_word' id='word_1_486' title='bbox 1802 3210 2083 3266; x_wconf 59' lang='lat' dir='ltr'><strong>Moabitz</strong></span> <span class='ocrx_word' id='word_1_487' title='bbox 2103 3214 2159 3265; x_wconf 91' lang='lat' dir='ltr'><strong>et</strong></span> 
     </span>
    </p>
   </div>
   <div class='ocr_carea' id='block_1_66' title="bbox 496 3298 2152 3368">
    <p class='ocr_par' dir='ltr' id='par_1_66' title="bbox 496 3298 2152 3368">
     <span class='ocr_line' id='line_1_66' title="bbox 496 3298 2152 3368; baseline -0.001 -12"><span class='ocrx_word' id='word_1_488' title='bbox 496 3300 851 3356; x_wconf 76' lang='lat' dir='ltr'><strong>Ammanitae</strong></span> <span class='ocrx_word' id='word_1_489' title='bbox 872 3314 991 3355; x_wconf 88' lang='lat' dir='ltr'><strong>non</strong></span> <span class='ocrx_word' id='word_1_490' title='bbox 1020 3298 1339 3355; x_wconf 88' lang='lat' dir='ltr'><strong>intrabunt</strong></span> <span class='ocrx_word' id='word_1_491' title='bbox 1370 3300 1431 3354; x_wconf 87' lang='lat' dir='ltr'><strong>in</strong></span> <span class='ocrx_word' id='word_1_492' title='bbox 1463 3299 1795 3354; x_wconf 80' lang='lat' dir='ltr'><strong>Ecclesium</strong></span> <span class='ocrx_word' id='word_1_493' title='bbox 1820 3300 1925 3354; x_wconf 88' lang='lat' dir='ltr'><strong>Dei</strong></span> <span class='ocrx_word' id='word_1_494' title='bbox 1952 3300 2152 3368; x_wconf 86' lang='lat' dir='ltr'><strong>(Deut.</strong></span> 
     </span>
    </p>
   </div>
   <div class='ocr_carea' id='block_1_67' title="bbox 495 3386 2157 3458">
    <p class='ocr_par' dir='ltr' id='par_1_67' title="bbox 495 3386 2157 3458">
     <span class='ocr_line' id='line_1_67' title="bbox 495 3386 2157 3458; baseline -0.001 -14"><span class='ocrx_word' id='word_1_495' title='bbox 495 3404 660 3449; x_wconf 79' lang='lat' dir='ltr'><strong>nni,</strong></span> <span class='ocrx_word' id='word_1_496' title='bbox 694 3388 769 3458; x_wconf 88' lang='lat'><strong>3),</strong></span> <span class='ocrx_word' id='word_1_497' title='bbox 803 3387 927 3443; x_wconf 88' lang='lat' dir='ltr'><strong>sive</strong></span> <span class='ocrx_word' id='word_1_498' title='bbox 959 3391 1177 3442; x_wconf 82' lang='lat' dir='ltr'><strong>extunc</strong></span> <span class='ocrx_word' id='word_1_499' title='bbox 1208 3401 1319 3457; x_wconf 91' lang='lat' dir='ltr'><strong>pro</strong></span> <span class='ocrx_word' id='word_1_500' title='bbox 1365 3386 1615 3457; x_wconf 90' lang='lat' dir='ltr'><strong>antiquo</strong></span> <span class='ocrx_word' id='word_1_501' title='bbox 1646 3390 1914 3458; x_wconf 89' lang='lat' dir='ltr'><strong>tempore</strong></span> <span class='ocrx_word' id='word_1_502' title='bbox 1943 3387 2157 3443; x_wconf 90' lang='lat' dir='ltr'><strong>intelli-</strong></span> 
     </span>
    </p>
   </div>
   <div class='ocr_carea' id='block_1_68' title="bbox 496 3473 2157 3546">
    <p class='ocr_par' dir='ltr' id='par_1_68' title="bbox 496 3473 2157 3546">
     <span class='ocr_line' id='line_1_68' title="bbox 496 3473 2157 3546; baseline 0.003 -18"><span class='ocrx_word' id='word_1_503' title='bbox 496 3490 733 3545; x_wconf 85' lang='lat' dir='ltr'><strong>gamus,</strong></span> <span class='ocrx_word' id='word_1_504' title='bbox 766 3474 935 3546; x_wconf 90' lang='lat' dir='ltr'><strong>quod</strong></span> <span class='ocrx_word' id='word_1_505' title='bbox 974 3474 1118 3529; x_wconf 91' lang='lat' dir='ltr'><strong>olim</strong></span> <span class='ocrx_word' id='word_1_506' title='bbox 1162 3473 1369 3529; x_wconf 88' lang='lat' dir='ltr'><strong>divina</strong></span> <span class='ocrx_word' id='word_1_507' title='bbox 1415 3474 1717 3531; x_wconf 73' lang='lat' dir='ltr'><strong>sententia.</strong></span> <span class='ocrx_word' id='word_1_508' title='bbox 1751 3475 1867 3531; x_wconf 90' lang='lat' dir='ltr'><strong>ista</strong></span> <span class='ocrx_word' id='word_1_509' title='bbox 1913 3476 2157 3533; x_wconf 90' lang='lat' dir='ltr'><strong>decreta</strong></span> 
     </span>
    </p>
   </div>
   <div class='ocr_carea' id='block_1_69' title="bbox 497 3561 2156 3633">
    <p class='ocr_par' dir='ltr' id='par_1_69' title="bbox 497 3561 2156 3633">
     <span class='ocr_line' id='line_1_69' title="bbox 497 3561 2156 3633; baseline 0.001 -14"><span class='ocrx_word' id='word_1_510' title='bbox 497 3563 648 3629; x_wconf 87' lang='lat' dir='ltr'><strong>sint;</strong></span> <span class='ocrx_word' id='word_1_511' title='bbox 675 3577 798 3616; x_wconf 91' lang='lat' dir='ltr'><strong>non</strong></span> <span class='ocrx_word' id='word_1_512' title='bbox 833 3561 999 3633; x_wconf 92' lang='lat' dir='ltr'><strong>quod</strong></span> <span class='ocrx_word' id='word_1_513' title='bbox 1044 3561 1421 3632; x_wconf 72' lang='lat' dir='ltr'><strong>prtescientia</strong></span> <span class='ocrx_word' id='word_1_514' title='bbox 1452 3562 1548 3617; x_wconf 93' lang='lat' dir='ltr'><strong>Dei</strong></span> <span class='ocrx_word' id='word_1_515' title='bbox 1576 3577 1826 3617; x_wconf 90' lang='lat' dir='ltr'><strong>causam</strong></span> <span class='ocrx_word' id='word_1_516' title='bbox 1869 3565 2156 3620; x_wconf 88' lang='lat' dir='ltr'><strong>vastitatis</strong></span> 
     </span>
    </p>
   </div>
   <div class='ocr_carea' id='block_1_70' title="bbox 495 3647 2153 3722">
    <p class='ocr_par' dir='ltr' id='par_1_70' title="bbox 495 3647 2153 3722">
     <span class='ocr_line' id='line_1_70' title="bbox 495 3647 2153 3722; baseline 0.002 -17"><span class='ocrx_word' id='word_1_517' title='bbox 495 3648 774 3721; x_wconf 87' lang='lat' dir='ltr'><strong>attulerit,</strong></span> <span class='ocrx_word' id='word_1_518' title='bbox 806 3648 914 3705; x_wconf 88' lang='lat' dir='ltr'><strong>sed</strong></span> <span class='ocrx_word' id='word_1_519' title='bbox 957 3647 1125 3721; x_wconf 93' lang='lat' dir='ltr'><strong>quod</strong></span> <span class='ocrx_word' id='word_1_520' title='bbox 1164 3647 1363 3705; x_wconf 90' lang='lat' dir='ltr'><strong>futura</strong></span> <span class='ocrx_word' id='word_1_521' title='bbox 1401 3649 1651 3705; x_wconf 90' lang='lat' dir='ltr'><strong>vastitas</strong></span> <span class='ocrx_word' id='word_1_522' title='bbox 1697 3651 1800 3705; x_wconf 90' lang='lat' dir='ltr'><strong>Dei</strong></span> <span class='ocrx_word' id='word_1_523' title='bbox 1842 3652 2153 3722; x_wconf 88' lang='lat' dir='ltr'><strong>majestate</strong></span> 
     </span>
    </p>
   </div>
   <div class='ocr_carea' id='block_1_71' title="bbox 494 3736 2154 3812">
    <p class='ocr_par' dir='ltr' id='par_1_71' title="bbox 494 3736 2154 3812">
     <span class='ocr_line' id='line_1_71' title="bbox 494 3736 2154 3812; baseline 0.004 -20"><span class='ocrx_word' id='word_1_524' title='bbox 494 3742 760 3812; x_wconf 81' lang='lat' dir='ltr'><strong>praenota</strong></span> <span class='ocrx_word' id='word_1_525' title='bbox 791 3738 908 3811; x_wconf 89' lang='lat' dir='ltr'><strong>sit.]</strong></span> <span class='ocrx_word' id='word_1_526' title='bbox 931 3738 975 3809; x_wconf 71' lang='grc' dir='ltr'><strong>-ιι</strong></span> <span class='ocrx_word' id='word_1_527' title='bbox 1004 3737 1167 3793; x_wconf 86' lang='lat' dir='ltr'><strong>Idem</strong></span> <span class='ocrx_word' id='word_1_528' title='bbox 1199 3736 1262 3793; x_wconf 91' lang='lat' dir='ltr'><strong>in</strong></span> <span class='ocrx_word' id='word_1_529' title='bbox 1292 3739 1506 3794; x_wconf 91' lang='lat' dir='ltr'><strong>eodem</strong></span> <span class='ocrx_word' id='word_1_530' title='bbox 1539 3756 1552 3794; x_wconf 88' lang='lat'><strong>:</strong></span> <span class='ocrx_word' id='word_1_531' title='bbox 1583 3740 1896 3811; x_wconf 79' lang='lat' dir='ltr'><strong>[Dominus</strong></span> <span class='ocrx_word' id='word_1_532' title='bbox 1932 3744 2154 3799; x_wconf 73' lang='lat' dir='ltr'><strong>exerci-</strong></span> 
     </span>
    </p>
   </div>
   <div class='ocr_carea' id='block_1_72' title="bbox 493 3826 2157 3901">
    <p class='ocr_par' dir='ltr' id='par_1_72' title="bbox 493 3826 2157 3901">
     <span class='ocr_line' id='line_1_72' title="bbox 493 3826 2157 3901; baseline 0.001 -16"><span class='ocrx_word' id='word_1_533' title='bbox 493 3831 663 3885; x_wconf 81' lang='lat' dir='ltr'><strong>tuum</strong></span> <span class='ocrx_word' id='word_1_534' title='bbox 686 3827 971 3898; x_wconf 84' lang='lat' dir='ltr'><strong>cogitavit</strong></span> <span class='ocrx_word' id='word_1_535' title='bbox 992 3833 1057 3882; x_wconf 88' lang='lat' dir='ltr'><strong>ut</strong></span> <span class='ocrx_word' id='word_1_536' title='bbox 1085 3826 1430 3883; x_wconf 78' lang='lat' dir='ltr'><strong>detraheret</strong></span> <span class='ocrx_word' id='word_1_537' title='bbox 1446 3829 1792 3897; x_wconf 85' lang='lat' dir='ltr'><strong>superbiam</strong></span> <span class='ocrx_word' id='word_1_538' title='bbox 1816 3831 2006 3886; x_wconf 88' lang='lat' dir='ltr'><strong>omnis</strong></span> <span class='ocrx_word' id='word_1_539' title='bbox 2031 3832 2157 3901; x_wconf 85' lang='lat' dir='ltr'><strong>glo-</strong></span> 
     </span>
    </p>
   </div>
   <div class='ocr_carea' id='block_1_73' title="bbox 493 3916 2154 3990">
    <p class='ocr_par' dir='ltr' id='par_1_73' title="bbox 493 3916 2154 3990">
     <span class='ocr_line' id='line_1_73' title="bbox 493 3916 2154 3990; baseline 0.002 -17"><span class='ocrx_word' id='word_1_540' title='bbox 493 3916 622 3983; x_wconf 69' lang='lat' dir='ltr'><strong>riae,</strong></span> <span class='ocrx_word' id='word_1_541' title='bbox 639 3920 695 3972; x_wconf 89' lang='lat' dir='ltr'><strong>et</strong></span> <span class='ocrx_word' id='word_1_542' title='bbox 723 3916 804 3972; x_wconf 91' lang='lat' dir='ltr'><strong>ad</strong></span> <span class='ocrx_word' id='word_1_543' title='bbox 824 3917 1213 3986; x_wconf 87' lang='lat' dir='ltr'><strong>ignominiam</strong></span> <span class='ocrx_word' id='word_1_544' title='bbox 1230 3916 1544 3973; x_wconf 85' lang='lat' dir='ltr'><strong>deduceret</strong></span> <span class='ocrx_word' id='word_1_545' title='bbox 1564 3918 1871 3974; x_wconf 83' lang='lat' dir='ltr'><strong>universos</strong></span> <span class='ocrx_word' id='word_1_546' title='bbox 1893 3920 2154 3990; x_wconf 83' lang='lat' dir='ltr'><strong>inclytos</strong></span> 
     </span>
    </p>
   </div>
   <div class='ocr_carea' id='block_1_74' title="bbox 494 4005 2152 4080">
    <p class='ocr_par' dir='ltr' id='par_1_74' title="bbox 494 4005 2152 4080">
     <span class='ocr_line' id='line_1_74' title="bbox 494 4005 2152 4080; baseline 0.002 -19"><span class='ocrx_word' id='word_1_547' title='bbox 494 4005 869 4077; x_wconf 73' lang='lat' dir='ltr'><strong>terrse(Deut.</strong></span> <span class='ocrx_word' id='word_1_548' title='bbox 900 4006 1295 4079; x_wconf 81' lang='lat' dir='ltr'><strong>mu,9),quia</strong></span> <span class='ocrx_word' id='word_1_549' title='bbox 1315 4022 1500 4079; x_wconf 88' lang='lat' dir='ltr'><strong>supra</strong></span> <span class='ocrx_word' id='word_1_550' title='bbox 1518 4006 1941 4077; x_wconf 87' lang='lat' dir='ltr'><strong>interrogantis</strong></span> <span class='ocrx_word' id='word_1_551' title='bbox 1964 4024 2152 4080; x_wconf 89' lang='lat' dir='ltr'><strong>more,</strong></span> 
     </span>
    </p>
   </div>
   <div class='ocr_carea' id='block_1_75' title="bbox 493 4094 2156 4170">
    <p class='ocr_par' dir='ltr' id='par_1_75' title="bbox 493 4094 2156 4170">
     <span class='ocr_line' id='line_1_75' title="bbox 493 4094 2156 4170; baseline 0.002 -19"><span class='ocrx_word' id='word_1_552' title='bbox 493 4095 768 4151; x_wconf 78' lang='lat' dir='ltr'><strong>dixerat:</strong></span> <span class='ocrx_word' id='word_1_553' title='bbox 804 4094 943 4160; x_wconf 79' lang='lat' dir='ltr'><strong>Quis</strong></span> <span class='ocrx_word' id='word_1_554' title='bbox 986 4096 1269 4165; x_wconf 84' lang='lat' dir='ltr'><strong>cogitavit</strong></span> <span class='ocrx_word' id='word_1_555' title='bbox 1317 4096 1429 4151; x_wconf 88' lang='lat' dir='ltr'><strong>hoc</strong></span> <span class='ocrx_word' id='word_1_556' title='bbox 1472 4110 1652 4166; x_wconf 89' lang='lat' dir='ltr'><strong>super</strong></span> <span class='ocrx_word' id='word_1_557' title='bbox 1699 4098 1923 4167; x_wconf 83' lang='lat' dir='ltr'><strong>Tyrum</strong></span> <span class='ocrx_word' id='word_1_558' title='bbox 1970 4115 2156 4170; x_wconf 87' lang='lat' dir='ltr'><strong>quon-</strong></span> 
     </span>
    </p>
   </div>
   <div class='ocr_carea' id='block_1_76' title="bbox 493 4183 2150 4257">
    <p class='ocr_par' dir='ltr' id='par_1_76' title="bbox 493 4183 2150 4257">
     <span class='ocr_line' id='line_1_76' title="bbox 493 4183 2150 4257; baseline 0.002 -18"><span class='ocrx_word' id='word_1_559' title='bbox 493 4183 633 4239; x_wconf 89' lang='lat' dir='ltr'><strong>dam</strong></span> <span class='ocrx_word' id='word_1_560' title='bbox 663 4187 1011 4239; x_wconf 82' lang='lat' dir='ltr'><strong>coronatam</strong></span> <span class='ocrx_word' id='word_1_561' title='bbox 1044 4183 1073 4238; x_wconf 83' lang='lat'><strong>?</strong></span> <span class='ocrx_word' id='word_1_562' title='bbox 1103 4184 1256 4255; x_wconf 86' lang='lat' dir='ltr'><strong>(Ibid</strong></span> <span class='ocrx_word' id='word_1_563' title='bbox 1284 4225 1298 4251; x_wconf 90' lang='lat'><strong>,</strong></span> <span class='ocrx_word' id='word_1_564' title='bbox 1328 4185 1384 4255; x_wconf 94' lang='lat'><strong>8)</strong></span> <span class='ocrx_word' id='word_1_565' title='bbox 1411 4199 1573 4240; x_wconf 92' lang='lat' dir='ltr'><strong>nunc</strong></span> <span class='ocrx_word' id='word_1_566' title='bbox 1615 4184 1742 4257; x_wconf 91' lang='lat' dir='ltr'><strong>ipse</strong></span> <span class='ocrx_word' id='word_1_567' title='bbox 1777 4187 2103 4257; x_wconf 88' lang='lat' dir='ltr'><strong>respondet</strong></span> <span class='ocrx_word' id='word_1_568' title='bbox 2136 4205 2150 4242; x_wconf 89' lang='lat'>:</span> 
     </span>
    </p>
   </div>
   <div class='ocr_carea' id='block_1_77' title="bbox 492 4267 2147 4343">
    <p class='ocr_par' dir='ltr' id='par_1_77' title="bbox 492 4267 2147 4343">
     <span class='ocr_line' id='line_1_77' title="bbox 492 4267 2147 4343; baseline 0.002 -16"><span class='ocrx_word' id='word_1_569' title='bbox 492 4283 616 4327; x_wconf 92' lang='lat' dir='ltr'><strong>non</strong></span> <span class='ocrx_word' id='word_1_570' title='bbox 633 4267 893 4326; x_wconf 88' lang='lat' dir='ltr'><strong>fatorum</strong></span> <span class='ocrx_word' id='word_1_571' title='bbox 911 4271 998 4342; x_wconf 92' lang='lat' dir='ltr'><strong>(ut</strong></span> <span class='ocrx_word' id='word_1_572' title='bbox 1022 4270 1183 4327; x_wconf 86' lang='lat' dir='ltr'><strong>stulti</strong></span> <span class='ocrx_word' id='word_1_573' title='bbox 1210 4272 1449 4343; x_wconf 86' lang='lat' dir='ltr'><strong>putant)</strong></span> <span class='ocrx_word' id='word_1_574' title='bbox 1470 4271 1552 4326; x_wconf 92' lang='lat' dir='ltr'><strong>sic</strong></span> <span class='ocrx_word' id='word_1_575' title='bbox 1580 4272 1683 4327; x_wconf 88' lang='lat' dir='ltr'><strong>ﬁla</strong></span> <span class='ocrx_word' id='word_1_576' title='bbox 1708 4272 1968 4328; x_wconf 89' lang='lat' dir='ltr'><strong>deducta</strong></span> <span class='ocrx_word' id='word_1_577' title='bbox 1989 4279 2147 4342; x_wconf 90' lang='lat' dir='ltr'><strong>sunt,</strong></span> 
     </span>
    </p>
   </div>
   <div class='ocr_carea' id='block_1_78' title="bbox 491 4356 2151 4431">
    <p class='ocr_par' dir='ltr' id='par_1_78' title="bbox 491 4356 2151 4431">
     <span class='ocr_line' id='line_1_78' title="bbox 491 4356 2151 4431; baseline 0.004 -19"><span class='ocrx_word' id='word_1_578' title='bbox 491 4371 617 4414; x_wconf 90' lang='lat' dir='ltr'><strong>non</strong></span> <span class='ocrx_word' id='word_1_579' title='bbox 680 4356 934 4416; x_wconf 60' lang='lat' dir='ltr'><strong>fortuna</strong></span> <span class='ocrx_word' id='word_1_580' title='bbox 998 4358 1179 4415; x_wconf 88' lang='lat' dir='ltr'><strong>currit</strong></span> <span class='ocrx_word' id='word_1_581' title='bbox 1240 4363 1410 4426; x_wconf 87' lang='lat' dir='ltr'><strong>rota;</strong></span> <span class='ocrx_word' id='word_1_582' title='bbox 1478 4358 1586 4414; x_wconf 88' lang='lat' dir='ltr'><strong>sed</strong></span> <span class='ocrx_word' id='word_1_583' title='bbox 1640 4359 1742 4414; x_wconf 93' lang='lat' dir='ltr'><strong>Dei</strong></span> <span class='ocrx_word' id='word_1_584' title='bbox 1801 4360 2031 4431; x_wconf 90' lang='lat' dir='ltr'><strong>judicio</strong></span> <span class='ocrx_word' id='word_1_585' title='bbox 2093 4365 2151 4418; x_wconf 93' lang='lat' dir='ltr'><strong>et</strong></span> 
     </span>
    </p>
   </div>
   <div class='ocr_carea' id='block_1_79' title="bbox 489 4444 2151 4520">
    <p class='ocr_par' dir='ltr' id='par_1_79' title="bbox 489 4444 2151 4520">
     <span class='ocr_line' id='line_1_79' title="bbox 489 4444 2151 4520; baseline 0.003 -20"><span class='ocrx_word' id='word_1_586' title='bbox 489 4444 680 4518; x_wconf 82' lang='lat' dir='ltr'><strong>ipsius</strong></span> <span class='ocrx_word' id='word_1_587' title='bbox 696 4446 1002 4505; x_wconf 90' lang='lat' dir='ltr'><strong>voluntate</strong></span> <span class='ocrx_word' id='word_1_588' title='bbox 1027 4446 1357 4520; x_wconf 86' lang='lat' dir='ltr'><strong>perfectum</strong></span> <span class='ocrx_word' id='word_1_589' title='bbox 1385 4449 1475 4503; x_wconf 91' lang='lat' dir='ltr'><strong>est</strong></span> <span class='ocrx_word' id='word_1_590' title='bbox 1506 4463 1519 4502; x_wconf 91' lang='lat'><strong>:</strong></span> <span class='ocrx_word' id='word_1_591' title='bbox 1551 4447 1666 4514; x_wconf 84' lang='lat' dir='ltr'><strong>Qui</strong></span> <span class='ocrx_word' id='word_1_592' title='bbox 1687 4449 1959 4518; x_wconf 84' lang='lat' dir='ltr'><strong>superbis</strong></span> <span class='ocrx_word' id='word_1_593' title='bbox 1979 4451 2151 4506; x_wconf 87' lang='lat' dir='ltr'><strong>resis-</strong></span> 
     </span>
    </p>
   </div>
   <div class='ocr_carea' id='block_1_80' title="bbox 493 4535 2151 4609">
    <p class='ocr_par' dir='ltr' id='par_1_80' title="bbox 493 4535 2151 4609">
     <span class='ocr_line' id='line_1_80' title="bbox 493 4535 2151 4609; baseline 0 -14"><span class='ocrx_word' id='word_1_594' title='bbox 493 4536 586 4605; x_wconf 80' lang='lat' dir='ltr'><strong>tit,</strong></span> <span class='ocrx_word' id='word_1_595' title='bbox 616 4541 671 4595; x_wconf 89' lang='lat' dir='ltr'><strong>et</strong></span> <span class='ocrx_word' id='word_1_596' title='bbox 700 4535 1028 4595; x_wconf 76' lang='lat' dir='ltr'><strong>humilibus</strong></span> <span class='ocrx_word' id='word_1_597' title='bbox 1055 4536 1161 4594; x_wconf 88' lang='lat' dir='ltr'><strong>dat</strong></span> <span class='ocrx_word' id='word_1_598' title='bbox 1189 4538 1453 4607; x_wconf 89' lang='lat' dir='ltr'><strong>gratiam</strong></span> <span class='ocrx_word' id='word_1_599' title='bbox 1480 4536 1635 4607; x_wconf 88' lang='lat' dir='ltr'><strong>(Jac.</strong></span> <span class='ocrx_word' id='word_1_600' title='bbox 1665 4553 1742 4607; x_wconf 79' lang='lat' dir='ltr'><strong>xv,</strong></span> <span class='ocrx_word' id='word_1_601' title='bbox 1773 4539 1855 4609; x_wconf 81' lang='lat'><strong>6),</strong></span> <span class='ocrx_word' id='word_1_602' title='bbox 1897 4542 1955 4594; x_wconf 92' lang='lat' dir='ltr'><strong>et</strong></span> <span class='ocrx_word' id='word_1_603' title='bbox 1984 4554 2151 4595; x_wconf 92' lang='lat' dir='ltr'><strong>com-</strong></span> 
     </span>
    </p>
   </div>
   <div class='ocr_carea' id='block_1_81' title="bbox 490 4625 2149 4700">
    <p class='ocr_par' dir='ltr' id='par_1_81' title="bbox 490 4625 2149 4700">
     <span class='ocr_line' id='line_1_81' title="bbox 490 4625 2149 4700; baseline 0.003 -19"><span class='ocrx_word' id='word_1_604' title='bbox 490 4628 696 4683; x_wconf 90' lang='lat' dir='ltr'><strong>monet</strong></span> <span class='ocrx_word' id='word_1_605' title='bbox 724 4629 1075 4696; x_wconf 80' lang='lat' dir='ltr'><strong>arrogantes</strong></span> <span class='ocrx_word' id='word_1_606' title='bbox 1115 4625 1474 4683; x_wconf 90' lang='lat' dir='ltr'><strong>conditionis</strong></span> <span class='ocrx_word' id='word_1_607' title='bbox 1504 4641 1647 4694; x_wconf 70' lang='lat' dir='ltr'><strong>suis,</strong></span> <span class='ocrx_word' id='word_1_608' title='bbox 1681 4631 1748 4683; x_wconf 91' lang='lat' dir='ltr'><strong>ut</strong></span> <span class='ocrx_word' id='word_1_609' title='bbox 1774 4626 2011 4684; x_wconf 90' lang='lat' dir='ltr'><strong>discant</strong></span> <span class='ocrx_word' id='word_1_610' title='bbox 2039 4644 2149 4700; x_wconf 92' lang='lat' dir='ltr'><strong>po-</strong></span> 
     </span>
    </p>
   </div>
   <div class='ocr_carea' id='block_1_82' title="bbox 492 4714 2153 4791">
    <p class='ocr_par' dir='ltr' id='par_1_82' title="bbox 492 4714 2153 4791">
     <span class='ocr_line' id='line_1_82' title="bbox 492 4714 2153 4791; baseline 0.001 -19"><span class='ocrx_word' id='word_1_611' title='bbox 492 4716 743 4773; x_wconf 86' lang='lat' dir='ltr'><strong>tentiam</strong></span> <span class='ocrx_word' id='word_1_612' title='bbox 776 4716 907 4788; x_wconf 89' lang='lat' dir='ltr'><strong>ejus</strong></span> <span class='ocrx_word' id='word_1_613' title='bbox 938 4730 1049 4787; x_wconf 90' lang='lat' dir='ltr'><strong>per</strong></span> <span class='ocrx_word' id='word_1_614' title='bbox 1074 4714 1401 4782; x_wconf 89' lang='lat' dir='ltr'><strong>miseriam,</strong></span> <span class='ocrx_word' id='word_1_615' title='bbox 1430 4715 1604 4786; x_wconf 90' lang='lat' dir='ltr'><strong>cujus</strong></span> <span class='ocrx_word' id='word_1_616' title='bbox 1635 4715 2014 4773; x_wconf 91' lang='lat' dir='ltr'><strong>clementiam</strong></span> <span class='ocrx_word' id='word_1_617' title='bbox 2045 4734 2153 4791; x_wconf 91' lang='lat' dir='ltr'><strong>per</strong></span> 
     </span>
    </p>
   </div>
   <div class='ocr_carea' id='block_1_83' title="bbox 489 4803 2152 4877">
    <p class='ocr_par' dir='ltr' id='par_1_83' title="bbox 489 4803 2152 4877">
     <span class='ocr_line' id='line_1_83' title="bbox 489 4803 2152 4877; baseline 0.002 -16"><span class='ocrx_word' id='word_1_618' title='bbox 489 4803 786 4864; x_wconf 89' lang='lat' dir='ltr'><strong>beneﬁcia</strong></span> <span class='ocrx_word' id='word_1_619' title='bbox 814 4805 1029 4863; x_wconf 91' lang='lat' dir='ltr'><strong>sentire</strong></span> <span class='ocrx_word' id='word_1_620' title='bbox 1057 4804 1422 4877; x_wconf 89' lang='lat' dir='ltr'><strong>noluerant.]</strong></span> <span class='ocrx_word' id='word_1_621' title='bbox 1464 4806 1507 4875; x_wconf 82' lang='grc' dir='ltr'><strong>·ι-</strong></span> <span class='ocrx_word' id='word_1_622' title='bbox 1546 4807 1785 4864; x_wconf 88' lang='lat' dir='ltr'><strong>Certum</strong></span> <span class='ocrx_word' id='word_1_623' title='bbox 1830 4812 1924 4865; x_wconf 91' lang='lat' dir='ltr'><strong>est</strong></span> <span class='ocrx_word' id='word_1_624' title='bbox 1960 4808 2152 4865; x_wconf 91' lang='lat' dir='ltr'><strong>omni-</strong></span> 
     </span>
    </p>
   </div>
   <div class='ocr_carea' id='block_1_84' title="bbox 490 4895 2149 4973">
    <p class='ocr_par' dir='ltr' id='par_1_84' title="bbox 490 4895 2149 4973">
     <span class='ocr_line' id='line_1_84' title="bbox 490 4895 2149 4973; baseline 0.002 -21"><span class='ocrx_word' id='word_1_625' title='bbox 490 4895 977 4965; x_wconf 83' lang='lat' dir='ltr'><strong>potentissimum</strong></span> <span class='ocrx_word' id='word_1_626' title='bbox 999 4895 1270 4966; x_wconf 88' lang='lat' dir='ltr'><strong>judieem</strong></span> <span class='ocrx_word' id='word_1_627' title='bbox 1300 4896 1652 4953; x_wconf 89' lang='lat' dir='ltr'><strong>auctoritate</strong></span> <span class='ocrx_word' id='word_1_628' title='bbox 1696 4896 1918 4954; x_wconf 74' lang='lat' dir='ltr'><strong>divinas</strong></span> <span class='ocrx_word' id='word_1_629' title='bbox 1968 4899 2149 4973; x_wconf 90' lang='lat' dir='ltr'><strong>scrip-</strong></span> 
     </span>
    </p>
   </div>
   <div class='ocr_carea' id='block_1_85' title="bbox 488 4984 2146 5047">
    <p class='ocr_par' dir='ltr' id='par_1_85' title="bbox 488 4984 2146 5047">
     <span class='ocr_line' id='line_1_85' title="bbox 488 4984 2146 5047; baseline 0.005 -9"><span class='ocrx_word' id='word_1_630' title='bbox 488 4984 660 5047; x_wconf 68' lang='lat' dir='ltr'><strong>turae,</strong></span> <span class='ocrx_word' id='word_1_631' title='bbox 694 4998 765 5041; x_wconf 88' lang='lat' dir='ltr'><strong>ac</strong></span> <span class='ocrx_word' id='word_1_632' title='bbox 793 4984 1168 5043; x_wconf 90' lang='lat' dir='ltr'><strong>concinentia</strong></span> <span class='ocrx_word' id='word_1_633' title='bbox 1207 4989 1593 5045; x_wconf 89' lang='lat' dir='ltr'><strong>tractatorum</strong></span> <span class='ocrx_word' id='word_1_634' title='bbox 1618 4986 1889 5045; x_wconf 88' lang='lat' dir='ltr'><strong>ﬁdelium</strong></span> <span class='ocrx_word' id='word_1_635' title='bbox 1918 5005 2041 5046; x_wconf 93' lang='lat' dir='ltr'><strong>non</strong></span> <span class='ocrx_word' id='word_1_636' title='bbox 2071 4989 2146 5046; x_wconf 92' lang='lat' dir='ltr'><strong>de</strong></span> 
     </span>
    </p>
   </div>
   <div class='ocr_carea' id='block_1_86' title="bbox 492 5070 2145 5148">
    <p class='ocr_par' dir='ltr' id='par_1_86' title="bbox 492 5070 2145 5148">
     <span class='ocr_line' id='line_1_86' title="bbox 492 5070 2145 5148; baseline 0.004 -21"><span class='ocrx_word' id='word_1_637' title='bbox 492 5070 700 5138; x_wconf 85' lang='lat' dir='ltr'><strong>initiis,</strong></span> <span class='ocrx_word' id='word_1_638' title='bbox 733 5071 839 5129; x_wconf 88' lang='lat' dir='ltr'><strong>sed</strong></span> <span class='ocrx_word' id='word_1_639' title='bbox 878 5073 954 5130; x_wconf 92' lang='lat' dir='ltr'><strong>de</strong></span> <span class='ocrx_word' id='word_1_640' title='bbox 985 5074 1101 5130; x_wconf 84' lang='lat' dir='ltr'><strong>line</strong></span> <span class='ocrx_word' id='word_1_641' title='bbox 1145 5090 1518 5148; x_wconf 86' lang='lat' dir='ltr'><strong>quemquam</strong></span> <span class='ocrx_word' id='word_1_642' title='bbox 1566 5076 1861 5147; x_wconf 82' lang='lat' dir='ltr'><strong>judicare,</strong></span> <span class='ocrx_word' id='word_1_643' title='bbox 1913 5079 2145 5134; x_wconf 90' lang='lat' dir='ltr'><strong>dicente</strong></span> 
     </span>
    </p>
   </div>
   <div class='ocr_carea' id='block_1_87' title="bbox 490 5160 2144 5235">
    <p class='ocr_par' dir='ltr' id='par_1_87' title="bbox 490 5160 2144 5235">
     <span class='ocr_line' id='line_1_87' title="bbox 490 5160 2144 5235; baseline 0.002 -16"><span class='ocrx_word' id='word_1_644' title='bbox 490 5160 793 5234; x_wconf 84' lang='lat' dir='ltr'><strong>Scriptura</strong></span> <span class='ocrx_word' id='word_1_645' title='bbox 824 5178 837 5218; x_wconf 93' lang='lat'><strong>:</strong></span> <span class='ocrx_word' id='word_1_646' title='bbox 864 5162 945 5220; x_wconf 86' lang='lat' dir='ltr'><strong>Et</strong></span> <span class='ocrx_word' id='word_1_647' title='bbox 971 5164 1381 5222; x_wconf 88' lang='lat' dir='ltr'><strong>universorum</strong></span> <span class='ocrx_word' id='word_1_648' title='bbox 1419 5166 1596 5234; x_wconf 79' lang='lat' dir='ltr'><strong>ﬁnem</strong></span> <span class='ocrx_word' id='word_1_649' title='bbox 1638 5166 1762 5235; x_wconf 86' lang='lat' dir='ltr'><strong>ipse</strong></span> <span class='ocrx_word' id='word_1_650' title='bbox 1807 5167 2144 5224; x_wconf 86' lang='lat' dir='ltr'><strong>considerat</strong></span> 
     </span>
    </p>
   </div>
   <div class='ocr_carea' id='block_1_88' title="bbox 489 5247 2145 5324">
    <p class='ocr_par' dir='ltr' id='par_1_88' title="bbox 489 5247 2145 5324">
     <span class='ocr_line' id='line_1_88' title="bbox 489 5247 2145 5324; baseline 0.003 -20"><span class='ocrx_word' id='word_1_651' title='bbox 489 5247 620 5321; x_wconf 86' lang='lat' dir='ltr'><strong>(Job</strong></span> <span class='ocrx_word' id='word_1_652' title='bbox 673 5265 880 5318; x_wconf 82' lang='lat' dir='ltr'><strong>xxvm,</strong></span> <span class='ocrx_word' id='word_1_653' title='bbox 932 5250 1009 5323; x_wconf 88' lang='lat'><strong>3),</strong></span> <span class='ocrx_word' id='word_1_654' title='bbox 1056 5267 1265 5324; x_wconf 88' lang='lat' dir='ltr'><strong>quare,</strong></span> <span class='ocrx_word' id='word_1_655' title='bbox 1329 5268 1556 5324; x_wconf 80' lang='lat' dir='ltr'><strong>quaeso,</strong></span> <span class='ocrx_word' id='word_1_656' title='bbox 1603 5254 2020 5310; x_wconf 87' lang='lat' dir='ltr'><strong>universorum</strong></span> <span class='ocrx_word' id='word_1_657' title='bbox 2075 5255 2145 5323; x_wconf 77' lang='lat' dir='ltr'><strong>ﬁ-</strong></span> 
     </span>
    </p>
   </div>
   <div class='ocr_carea' id='block_1_89' title="bbox 486 5341 2140 5415">
    <p class='ocr_par' dir='ltr' id='par_1_89' title="bbox 486 5341 2140 5415">
     <span class='ocr_line' id='line_1_89' title="bbox 486 5341 2140 5415; baseline 0.001 -18"><span class='ocrx_word' id='word_1_658' title='bbox 486 5353 616 5397; x_wconf 80' lang='lat' dir='ltr'><strong>nem</strong></span> <span class='ocrx_word' id='word_1_659' title='bbox 640 5343 764 5410; x_wconf 85' lang='lat' dir='ltr'><strong>ipse</strong></span> <span class='ocrx_word' id='word_1_660' title='bbox 792 5341 1131 5403; x_wconf 79' lang='lat' dir='ltr'><strong>considerat</strong></span> <span class='ocrx_word' id='word_1_661' title='bbox 1157 5343 1185 5400; x_wconf 76' lang='lat' dir='ltr'><strong>‘t</strong></span> <span class='ocrx_word' id='word_1_662' title='bbox 1210 5342 1511 5414; x_wconf 85' lang='lat' dir='ltr'><strong>nunquid,</strong></span> <span class='ocrx_word' id='word_1_663' title='bbox 1542 5344 1609 5398; x_wconf 90' lang='lat' dir='ltr'><strong>ut</strong></span> <span class='ocrx_word' id='word_1_664' title='bbox 1629 5342 1946 5415; x_wconf 89' lang='lat' dir='ltr'><strong>quidpiam</strong></span> <span class='ocrx_word' id='word_1_665' title='bbox 1974 5343 2140 5415; x_wconf 87' lang='lat' dir='ltr'><strong>novi,</strong></span> 
     </span>
    </p>
   </div>
   <div class='ocr_carea' id='block_1_90' title="bbox 486 5428 2136 5501">
    <p class='ocr_par' dir='ltr' id='par_1_90' title="bbox 486 5428 2136 5501">
     <span class='ocr_line' id='line_1_90' title="bbox 486 5428 2136 5501; baseline 0.001 -16"><span class='ocrx_word' id='word_1_666' title='bbox 486 5429 546 5485; x_wconf 77' lang='lat' dir='ltr'><strong>et</strong></span> <span class='ocrx_word' id='word_1_667' title='bbox 598 5429 765 5498; x_wconf 86' lang='lat' dir='ltr'><strong>quod</strong></span> <span class='ocrx_word' id='word_1_668' title='bbox 809 5434 1057 5489; x_wconf 83' lang='lat' dir='ltr'><strong>eatenus</strong></span> <span class='ocrx_word' id='word_1_669' title='bbox 1105 5430 1489 5501; x_wconf 83' lang='lat' dir='ltr'><strong>ignoraverit,</strong></span> <span class='ocrx_word' id='word_1_670' title='bbox 1541 5428 1814 5486; x_wconf 86' lang='lat' dir='ltr'><strong>addiscat</strong></span> <span class='ocrx_word' id='word_1_671' title='bbox 1853 5430 1865 5485; x_wconf 87' lang='lat' dir='ltr'><strong>l</strong></span> <span class='ocrx_word' id='word_1_672' title='bbox 1925 5430 2136 5488; x_wconf 80' lang='lat' dir='ltr'><strong>Absit:</strong></span> 
     </span>
    </p>
   </div>
   <div class='ocr_carea' id='block_1_91' title="bbox 484 5514 2136 5593">
    <p class='ocr_par' dir='ltr' id='par_1_91' title="bbox 484 5514 2136 5593">
     <span class='ocr_line' id='line_1_91' title="bbox 484 5514 2136 5593; baseline 0.006 -22"><span class='ocrx_word' id='word_1_673' title='bbox 484 5514 595 5575; x_wconf 81' lang='lat' dir='ltr'><strong>sed</strong></span> <span class='ocrx_word' id='word_1_674' title='bbox 644 5517 750 5589; x_wconf 89' lang='lat' dir='ltr'><strong>qui</strong></span> <span class='ocrx_word' id='word_1_675' title='bbox 783 5518 1047 5579; x_wconf 87' lang='lat' dir='ltr'><strong>hominis</strong></span> <span class='ocrx_word' id='word_1_676' title='bbox 1098 5520 1378 5576; x_wconf 80' lang='lat' dir='ltr'><strong>terminos</strong></span> <span class='ocrx_word' id='word_1_677' title='bbox 1438 5520 1766 5583; x_wconf 86' lang='lat' dir='ltr'><strong>constituit,</strong></span> <span class='ocrx_word' id='word_1_678' title='bbox 1819 5523 1924 5592; x_wconf 87' lang='lat' dir='ltr'><strong>qui</strong></span> <span class='ocrx_word' id='word_1_679' title='bbox 1975 5537 2136 5593; x_wconf 76' lang='lat' dir='ltr'><strong>prae-</strong></span> 
     </span>
    </p>
   </div>
   <div class='ocr_carea' id='block_1_92' title="bbox 485 5605 2134 5678">
    <p class='ocr_par' dir='ltr' id='par_1_92' title="bbox 485 5605 2134 5678">
     <span class='ocr_line' id='line_1_92' title="bbox 485 5605 2134 5678; baseline 0.001 -9"><span class='ocrx_word' id='word_1_680' title='bbox 485 5605 661 5669; x_wconf 63' lang='lat' dir='ltr'><strong>teriri</strong></span> <span class='ocrx_word' id='word_1_681' title='bbox 699 5623 821 5670; x_wconf 75' lang='lat' dir='ltr'><strong>non</strong></span> <span class='ocrx_word' id='word_1_682' title='bbox 860 5614 1170 5678; x_wconf 69' lang='lat' dir='ltr'><strong>poterunt,</strong></span> <span class='ocrx_word' id='word_1_683' title='bbox 1218 5607 1301 5669; x_wconf 81' lang='lat' dir='ltr'><strong>ad</strong></span> <span class='ocrx_word' id='word_1_684' title='bbox 1337 5607 1454 5665; x_wconf 79' lang='lat' dir='ltr'><strong>hoc</strong></span> <span class='ocrx_word' id='word_1_685' title='bbox 1505 5606 1924 5675; x_wconf 80' lang='lat' dir='ltr'><strong>universorum</strong></span> <span class='ocrx_word' id='word_1_686' title='bbox 1949 5611 2134 5670; x_wconf 83' lang='lat' dir='ltr'><strong>ﬁnem</strong></span> 
     </span>
    </p>
   </div>
   <div class='ocr_carea' id='block_1_93' title="bbox 2255 3025 3931 3098">
    <p class='ocr_par' dir='ltr' id='par_1_93' title="bbox 2255 3025 3931 3098">
     <span class='ocr_line' id='line_1_93' title="bbox 2255 3025 3931 3098; baseline 0.001 -16"><span class='ocrx_word' id='word_1_687' title='bbox 2255 3025 2497 3098; x_wconf 81' lang='lat' dir='ltr'><strong>justitiae</strong></span> <span class='ocrx_word' id='word_1_688' title='bbox 2517 3030 2945 3085; x_wconf 86' lang='lat' dir='ltr'><strong>commutatur.</strong></span> <span class='ocrx_word' id='word_1_689' title='bbox 2961 3027 3209 3095; x_wconf 86' lang='lat' dir='ltr'><strong>Tempus</strong></span> <span class='ocrx_word' id='word_1_690' title='bbox 3223 3040 3366 3095; x_wconf 88' lang='lat' dir='ltr'><strong>ergo</strong></span> <span class='ocrx_word' id='word_1_691' title='bbox 3370 3028 3572 3095; x_wconf 87' lang='lat' dir='ltr'><strong>posuit</strong></span> <span class='ocrx_word' id='word_1_692' title='bbox 3583 3026 3931 3096; x_wconf 77' lang='lat' dir='ltr'><strong>tenebris,et</strong></span> 
     </span>
    </p>
   </div>
   <div class='ocr_carea' id='block_1_94' title="bbox 2263 3114 3925 3186">
    <p class='ocr_par' dir='ltr' id='par_1_94' title="bbox 2263 3114 3925 3186">
     <span class='ocr_line' id='line_1_94' title="bbox 2263 3114 3925 3186; baseline 0 -16"><span class='ocrx_word' id='word_1_693' title='bbox 2263 3117 2677 3173; x_wconf 82' lang='lat' dir='ltr'><strong>universorum</strong></span> <span class='ocrx_word' id='word_1_694' title='bbox 2708 3116 2890 3184; x_wconf 80' lang='lat' dir='ltr'><strong>ﬁnem</strong></span> <span class='ocrx_word' id='word_1_695' title='bbox 2914 3117 3040 3184; x_wconf 88' lang='lat' dir='ltr'><strong>ipse</strong></span> <span class='ocrx_word' id='word_1_696' title='bbox 3063 3116 3403 3174; x_wconf 83' lang='lat' dir='ltr'><strong>considerat</strong></span> <span class='ocrx_word' id='word_1_697' title='bbox 3433 3114 3562 3186; x_wconf 83' lang='lat' dir='ltr'><strong>(Job</strong></span> <span class='ocrx_word' id='word_1_698' title='bbox 3591 3132 3817 3181; x_wconf 74' lang='lat' dir='ltr'><strong>xxviii,</strong></span> <span class='ocrx_word' id='word_1_699' title='bbox 3846 3116 3925 3186; x_wconf 86' lang='lat'><strong>3):</strong></span> 
     </span>
    </p>
   </div>
   <div class='ocr_carea' id='block_1_95' title="bbox 2262 3204 3928 3278">
    <p class='ocr_par' dir='ltr' id='par_1_95' title="bbox 2262 3204 3928 3278">
     <span class='ocr_line' id='line_1_95' title="bbox 2262 3204 3928 3278; baseline -0.001 -18"><span class='ocrx_word' id='word_1_700' title='bbox 2262 3208 2678 3265; x_wconf 87' lang='lat' dir='ltr'><strong>universorum</strong></span> <span class='ocrx_word' id='word_1_701' title='bbox 2708 3204 2957 3263; x_wconf 89' lang='lat' dir='ltr'><strong>nomine</strong></span> <span class='ocrx_word' id='word_1_702' title='bbox 2985 3210 3042 3261; x_wconf 89' lang='lat' dir='ltr'><strong>et</strong></span> <span class='ocrx_word' id='word_1_703' title='bbox 3065 3204 3285 3261; x_wconf 90' lang='lat' dir='ltr'><strong>electos</strong></span> <span class='ocrx_word' id='word_1_704' title='bbox 3308 3204 3494 3263; x_wconf 91' lang='lat' dir='ltr'><strong>voluit</strong></span> <span class='ocrx_word' id='word_1_705' title='bbox 3522 3210 3580 3262; x_wconf 87' lang='lat' dir='ltr'><strong>et</strong></span> <span class='ocrx_word' id='word_1_706' title='bbox 3630 3205 3928 3278; x_wconf 86' lang='lat' dir='ltr'><strong>reprohos</strong></span> 
     </span>
    </p>
   </div>
   <div class='ocr_carea' id='block_1_96' title="bbox 2263 3291 3926 3367">
    <p class='ocr_par' dir='ltr' id='par_1_96' title="bbox 2263 3291 3926 3367">
     <span class='ocr_line' id='line_1_96' title="bbox 2263 3291 3926 3367; baseline 0 -16"><span class='ocrx_word' id='word_1_707' title='bbox 2263 3293 2713 3367; x_wconf 89' lang='lat' dir='ltr'><strong>comprehendi.</strong></span> <span class='ocrx_word' id='word_1_708' title='bbox 2744 3296 2889 3351; x_wconf 70' lang='lat' dir='ltr'><strong>Nam</strong></span> <span class='ocrx_word' id='word_1_709' title='bbox 2922 3293 3085 3351; x_wconf 90' lang='lat' dir='ltr'><strong>bona</strong></span> <span class='ocrx_word' id='word_1_710' title='bbox 3104 3292 3327 3351; x_wconf 87' lang='lat' dir='ltr'><strong>faciens</strong></span> <span class='ocrx_word' id='word_1_711' title='bbox 3352 3296 3407 3351; x_wconf 88' lang='lat' dir='ltr'><strong>et</strong></span> <span class='ocrx_word' id='word_1_712' title='bbox 3436 3291 3734 3351; x_wconf 77' lang='lat' dir='ltr'><strong>ordinans</strong></span> <span class='ocrx_word' id='word_1_713' title='bbox 3753 3296 3926 3359; x_wconf 87' lang='lat' dir='ltr'><strong>Deus,</strong></span> 
     </span>
    </p>
   </div>
   <div class='ocr_carea' id='block_1_97' title="bbox 2264 3379 3929 3453">
    <p class='ocr_par' dir='ltr' id='par_1_97' title="bbox 2264 3379 3929 3453">
     <span class='ocr_line' id='line_1_97' title="bbox 2264 3379 3929 3453; baseline -0.001 -16"><span class='ocrx_word' id='word_1_714' title='bbox 2264 3382 2426 3439; x_wconf 86' lang='lat' dir='ltr'><strong>mala</strong></span> <span class='ocrx_word' id='word_1_715' title='bbox 2470 3397 2613 3439; x_wconf 91' lang='lat' dir='ltr'><strong>vero</strong></span> <span class='ocrx_word' id='word_1_716' title='bbox 2658 3396 2782 3437; x_wconf 90' lang='lat' dir='ltr'><strong>non</strong></span> <span class='ocrx_word' id='word_1_717' title='bbox 2824 3379 3072 3450; x_wconf 87' lang='lat' dir='ltr'><strong>faciens,</strong></span> <span class='ocrx_word' id='word_1_718' title='bbox 3105 3380 3210 3438; x_wconf 88' lang='lat' dir='ltr'><strong>sed</strong></span> <span class='ocrx_word' id='word_1_719' title='bbox 3262 3381 3342 3441; x_wconf 88' lang='lat' dir='ltr'><strong>ab</strong></span> <span class='ocrx_word' id='word_1_720' title='bbox 3370 3380 3595 3453; x_wconf 83' lang='lat' dir='ltr'><strong>iniquis</strong></span> <span class='ocrx_word' id='word_1_721' title='bbox 3650 3382 3835 3452; x_wconf 76' lang='lat' dir='ltr'><strong>facta,</strong></span> <span class='ocrx_word' id='word_1_722' title='bbox 3859 3396 3929 3437; x_wconf 89' lang='lat' dir='ltr'><strong>ne</strong></span> 
     </span>
    </p>
   </div>
   <div class='ocr_carea' id='block_1_98' title="bbox 2260 3469 3934 3543">
    <p class='ocr_par' dir='ltr' id='par_1_98' title="bbox 2260 3469 3934 3543">
     <span class='ocr_line' id='line_1_98' title="bbox 2260 3469 3934 3543; baseline -0.001 -17"><span class='ocrx_word' id='word_1_723' title='bbox 2260 3471 2597 3527; x_wconf 89' lang='lat' dir='ltr'><strong>inordinate</strong></span> <span class='ocrx_word' id='word_1_724' title='bbox 2652 3471 2933 3527; x_wconf 89' lang='lat' dir='ltr'><strong>eveniant</strong></span> <span class='ocrx_word' id='word_1_725' title='bbox 2992 3470 3120 3543; x_wconf 91' lang='lat' dir='ltr'><strong>ipse</strong></span> <span class='ocrx_word' id='word_1_726' title='bbox 3169 3469 3521 3543; x_wconf 84' lang='lat' dir='ltr'><strong>disponens,</strong></span> <span class='ocrx_word' id='word_1_727' title='bbox 3582 3470 3934 3529; x_wconf 85' lang='lat' dir='ltr'><strong>considerat</strong></span> 
     </span>
    </p>
   </div>
   <div class='ocr_carea' id='block_1_99' title="bbox 2266 3559 3926 3633">
    <p class='ocr_par' dir='ltr' id='par_1_99' title="bbox 2266 3559 3926 3633">
     <span class='ocr_line' id='line_1_99' title="bbox 2266 3559 3926 3633; baseline 0.002 -17"><span class='ocrx_word' id='word_1_728' title='bbox 2266 3562 2686 3618; x_wconf 90' lang='lat' dir='ltr'><strong>universorum</strong></span> <span class='ocrx_word' id='word_1_729' title='bbox 2712 3561 2919 3631; x_wconf 89' lang='lat' dir='ltr'><strong>ﬁnem,</strong></span> <span class='ocrx_word' id='word_1_730' title='bbox 2970 3566 3029 3617; x_wconf 91' lang='lat' dir='ltr'><strong>et</strong></span> <span class='ocrx_word' id='word_1_731' title='bbox 3082 3561 3379 3633; x_wconf 89' lang='lat' dir='ltr'><strong>patienter</strong></span> <span class='ocrx_word' id='word_1_732' title='bbox 3424 3559 3645 3621; x_wconf 72' lang='lat' dir='ltr'><strong>tolerat</strong></span> <span class='ocrx_word' id='word_1_733' title='bbox 3701 3562 3926 3620; x_wconf 86' lang='lat' dir='ltr'><strong>omnia.</strong></span> 
     </span>
    </p>
   </div>
   <div class='ocr_carea' id='block_1_100' title="bbox 2262 3650 3930 3722">
    <p class='ocr_par' dir='ltr' id='par_1_100' title="bbox 2262 3650 3930 3722">
     <span class='ocr_line' id='line_1_100' title="bbox 2262 3650 3930 3722; baseline 0.001 -15"><span class='ocrx_word' id='word_1_734' title='bbox 2262 3654 2454 3722; x_wconf 78' lang='lat' dir='ltr'><strong>Atque</strong></span> <span class='ocrx_word' id='word_1_735' title='bbox 2480 3651 2742 3707; x_wconf 89' lang='lat' dir='ltr'><strong>intuetur</strong></span> <span class='ocrx_word' id='word_1_736' title='bbox 2760 3650 3082 3707; x_wconf 89' lang='lat' dir='ltr'><strong>electorum</strong></span> <span class='ocrx_word' id='word_1_737' title='bbox 3110 3650 3457 3721; x_wconf 88' lang='lat' dir='ltr'><strong>terminum,</strong></span> <span class='ocrx_word' id='word_1_738' title='bbox 3477 3651 3649 3722; x_wconf 89' lang='lat' dir='ltr'><strong>quod</strong></span> <span class='ocrx_word' id='word_1_739' title='bbox 3669 3667 3747 3707; x_wconf 76' lang='lat' dir='ltr'><strong>ex</strong></span> <span class='ocrx_word' id='word_1_740' title='bbox 3768 3650 3930 3709; x_wconf 77' lang='lat' dir='ltr'><strong>malo</strong></span> 
     </span>
    </p>
   </div>
   <div class='ocr_carea' id='block_1_101' title="bbox 2262 3738 3927 3811">
    <p class='ocr_par' dir='ltr' id='par_1_101' title="bbox 2262 3738 3927 3811">
     <span class='ocr_line' id='line_1_101' title="bbox 2262 3738 3927 3811; baseline 0.001 -16"><span class='ocrx_word' id='word_1_741' title='bbox 2262 3743 2567 3796; x_wconf 87' lang='lat' dir='ltr'><strong>mutentur</strong></span> <span class='ocrx_word' id='word_1_742' title='bbox 2594 3738 2671 3796; x_wconf 88' lang='lat' dir='ltr'><strong>ad</strong></span> <span class='ocrx_word' id='word_1_743' title='bbox 2692 3738 2924 3796; x_wconf 89' lang='lat' dir='ltr'><strong>bonum</strong></span> <span class='ocrx_word' id='word_1_744' title='bbox 2950 3757 2963 3807; x_wconf 92' lang='lat'><strong>;</strong></span> <span class='ocrx_word' id='word_1_745' title='bbox 2992 3739 3253 3796; x_wconf 88' lang='lat' dir='ltr'><strong>intuetur</strong></span> <span class='ocrx_word' id='word_1_746' title='bbox 3284 3738 3464 3795; x_wconf 91' lang='lat' dir='ltr'><strong>etiam</strong></span> <span class='ocrx_word' id='word_1_747' title='bbox 3519 3738 3927 3811; x_wconf 85' lang='lat' dir='ltr'><strong>reproborum</strong></span> 
     </span>
    </p>
   </div>
   <div class='ocr_carea' id='block_1_102' title="bbox 2262 3827 3927 3902">
    <p class='ocr_par' dir='ltr' id='par_1_102' title="bbox 2262 3827 3927 3902">
     <span class='ocr_line' id='line_1_102' title="bbox 2262 3827 3927 3902; baseline 0 -18"><span class='ocrx_word' id='word_1_748' title='bbox 2262 3830 2467 3899; x_wconf 85' lang='lat' dir='ltr'><strong>ﬁnem,</strong></span> <span class='ocrx_word' id='word_1_749' title='bbox 2491 3827 2660 3901; x_wconf 83' lang='lat' dir='ltr'><strong>quod</strong></span> <span class='ocrx_word' id='word_1_750' title='bbox 2686 3829 2761 3886; x_wconf 88' lang='lat' dir='ltr'><strong>de</strong></span> <span class='ocrx_word' id='word_1_751' title='bbox 2784 3828 2944 3886; x_wconf 90' lang='lat' dir='ltr'><strong>malo</strong></span> <span class='ocrx_word' id='word_1_752' title='bbox 2961 3844 3140 3902; x_wconf 89' lang='lat' dir='ltr'><strong>opere</strong></span> <span class='ocrx_word' id='word_1_753' title='bbox 3161 3828 3415 3898; x_wconf 82' lang='lat' dir='ltr'><strong>dignum</strong></span> <span class='ocrx_word' id='word_1_754' title='bbox 3441 3831 3826 3888; x_wconf 74' lang='lat' dir='ltr'><strong>retrahuntur</strong></span> <span class='ocrx_word' id='word_1_755' title='bbox 3842 3828 3927 3884; x_wconf 90' lang='lat' dir='ltr'><strong>ad</strong></span> 
     </span>
    </p>
   </div>
   <div class='ocr_carea' id='block_1_103' title="bbox 2263 3917 3927 3991">
    <p class='ocr_par' dir='ltr' id='par_1_103' title="bbox 2263 3917 3927 3991">
     <span class='ocr_line' id='line_1_103' title="bbox 2263 3917 3927 3991; baseline 0 -18"><span class='ocrx_word' id='word_1_756' title='bbox 2263 3918 2647 3991; x_wconf 89' lang='lat' dir='ltr'><strong>supplicium.</strong></span> <span class='ocrx_word' id='word_1_757' title='bbox 2679 3918 2842 3974; x_wconf 89' lang='lat' dir='ltr'><strong>Videt</strong></span> <span class='ocrx_word' id='word_1_758' title='bbox 2888 3917 3072 3975; x_wconf 88' lang='lat' dir='ltr'><strong>ﬁnem</strong></span> <span class='ocrx_word' id='word_1_759' title='bbox 3120 3917 3536 3991; x_wconf 87' lang='lat' dir='ltr'><strong>persequentis</strong></span> <span class='ocrx_word' id='word_1_760' title='bbox 3590 3918 3775 3975; x_wconf 81' lang='lat' dir='ltr'><strong>Sauli</strong></span> <span class='ocrx_word' id='word_1_761' title='bbox 3802 3932 3927 3989; x_wconf 85' lang='lat' dir='ltr'><strong>quo</strong></span> 
     </span>
    </p>
   </div>
   <div class='ocr_carea' id='block_1_104' title="bbox 2262 4006 3927 4080">
    <p class='ocr_par' dir='ltr' id='par_1_104' title="bbox 2262 4006 3927 4080">
     <span class='ocr_line' id='line_1_104' title="bbox 2262 4006 3927 4080; baseline 0.001 -17"><span class='ocrx_word' id='word_1_762' title='bbox 2262 4012 2594 4080; x_wconf 84' lang='lat' dir='ltr'><strong>prostratus</strong></span> <span class='ocrx_word' id='word_1_763' title='bbox 2614 4007 2871 4064; x_wconf 88' lang='lat' dir='ltr'><strong>diceret:</strong></span> <span class='ocrx_word' id='word_1_764' title='bbox 2906 4008 3177 4075; x_wconf 87' lang='lat' dir='ltr'><strong>Domine,</strong></span> <span class='ocrx_word' id='word_1_765' title='bbox 3209 4008 3356 4079; x_wconf 89' lang='lat' dir='ltr'><strong>quid</strong></span> <span class='ocrx_word' id='word_1_766' title='bbox 3383 4022 3475 4065; x_wconf 80' lang='lat' dir='ltr'><strong>me</strong></span> <span class='ocrx_word' id='word_1_767' title='bbox 3504 4006 3690 4077; x_wconf 83' lang='lat' dir='ltr'><strong>jubes</strong></span> <span class='ocrx_word' id='word_1_768' title='bbox 3721 4006 3927 4075; x_wconf 67' lang='lat' dir='ltr'><strong>facem</strong></span> 
     </span>
    </p>
   </div>
   <div class='ocr_carea' id='block_1_105' title="bbox 2264 4096 3928 4168">
    <p class='ocr_par' dir='ltr' id='par_1_105' title="bbox 2264 4096 3928 4168">
     <span class='ocr_line' id='line_1_105' title="bbox 2264 4096 3928 4168; baseline 0 -15"><span class='ocrx_word' id='word_1_769' title='bbox 2264 4097 2422 4167; x_wconf 80' lang='lat' dir='ltr'><strong>(Act.</strong></span> <span class='ocrx_word' id='word_1_770' title='bbox 2455 4114 2528 4165; x_wconf 78' lang='grc' dir='ltr'><strong>ιιι,</strong></span> <span class='ocrx_word' id='word_1_771' title='bbox 2552 4099 2630 4168; x_wconf 90' lang='lat'><strong>6),</strong></span> <span class='ocrx_word' id='word_1_772' title='bbox 2661 4096 2805 4152; x_wconf 89' lang='lat' dir='ltr'><strong>vidit</strong></span> <span class='ocrx_word' id='word_1_773' title='bbox 2828 4097 3012 4152; x_wconf 90' lang='lat' dir='ltr'><strong>ﬁnem</strong></span> <span class='ocrx_word' id='word_1_774' title='bbox 3029 4096 3206 4168; x_wconf 89' lang='lat' dir='ltr'><strong>quasi</strong></span> <span class='ocrx_word' id='word_1_775' title='bbox 3234 4096 3623 4168; x_wconf 81' lang='lat' dir='ltr'><strong>obsequentis</strong></span> <span class='ocrx_word' id='word_1_776' title='bbox 3656 4098 3928 4165; x_wconf 72' lang='lat' dir='ltr'><strong>Discipu-</strong></span> 
     </span>
    </p>
   </div>
   <div class='ocr_carea' id='block_1_106' title="bbox 2265 4184 3924 4258">
    <p class='ocr_par' dir='ltr' id='par_1_106' title="bbox 2265 4184 3924 4258">
     <span class='ocr_line' id='line_1_106' title="bbox 2265 4184 3924 4258; baseline -0.001 -16"><span class='ocrx_word' id='word_1_777' title='bbox 2265 4187 2313 4242; x_wconf 85' lang='lat' dir='ltr'><strong>ti</strong></span> <span class='ocrx_word' id='word_1_778' title='bbox 2329 4186 2496 4258; x_wconf 90' lang='lat' dir='ltr'><strong>quod</strong></span> <span class='ocrx_word' id='word_1_779' title='bbox 2525 4201 2635 4257; x_wconf 90' lang='lat' dir='ltr'><strong>pro</strong></span> <span class='ocrx_word' id='word_1_780' title='bbox 2651 4184 2976 4241; x_wconf 91' lang='lat' dir='ltr'><strong>commisso</strong></span> <span class='ocrx_word' id='word_1_781' title='bbox 3017 4184 3236 4242; x_wconf 92' lang='lat' dir='ltr'><strong>scelere</strong></span> <span class='ocrx_word' id='word_1_782' title='bbox 3268 4190 3472 4255; x_wconf 88' lang='lat' dir='ltr'><strong>guttur</strong></span> <span class='ocrx_word' id='word_1_783' title='bbox 3496 4184 3726 4256; x_wconf 89' lang='lat' dir='ltr'><strong>laqueo</strong></span> <span class='ocrx_word' id='word_1_784' title='bbox 3752 4185 3924 4241; x_wconf 82' lang='lat' dir='ltr'><strong>strin-</strong></span> 
     </span>
    </p>
   </div>
   <div class='ocr_carea' id='block_1_107' title="bbox 2264 4272 3921 4346">
    <p class='ocr_par' dir='ltr' id='par_1_107' title="bbox 2264 4272 3921 4346">
     <span class='ocr_line' id='line_1_107' title="bbox 2264 4272 3921 4346; baseline 0 -17"><span class='ocrx_word' id='word_1_785' title='bbox 2264 4277 2426 4343; x_wconf 87' lang='lat' dir='ltr'><strong>geret</strong></span> <span class='ocrx_word' id='word_1_786' title='bbox 2451 4275 2693 4341; x_wconf 76' lang='grc' dir='ltr'><strong>(Μαίιη.</strong></span> <span class='ocrx_word' id='word_1_787' title='bbox 2720 4289 2904 4330; x_wconf 79' lang='lat' dir='ltr'><strong>xxvii.</strong></span> <span class='ocrx_word' id='word_1_788' title='bbox 2939 4274 3012 4345; x_wconf 77' lang='grc' dir='ltr'><strong>ὅ),</strong></span> <span class='ocrx_word' id='word_1_789' title='bbox 3039 4289 3222 4346; x_wconf 90' lang='lat' dir='ltr'><strong>seque</strong></span> <span class='ocrx_word' id='word_1_790' title='bbox 3272 4279 3331 4333; x_wconf 89' lang='lat' dir='ltr'><strong>et</strong></span> <span class='ocrx_word' id='word_1_791' title='bbox 3360 4277 3723 4346; x_wconf 84' lang='lat' dir='ltr'><strong>peccantem</strong></span> <span class='ocrx_word' id='word_1_792' title='bbox 3752 4272 3921 4345; x_wconf 82' lang='lat' dir='ltr'><strong>puni—</strong></span> 
     </span>
    </p>
   </div>
   <div class='ocr_carea' id='block_1_108' title="bbox 2262 4362 3918 4435">
    <p class='ocr_par' dir='ltr' id='par_1_108' title="bbox 2262 4362 3918 4435">
     <span class='ocr_line' id='line_1_108' title="bbox 2262 4362 3918 4435; baseline -0.001 -17"><span class='ocrx_word' id='word_1_793' title='bbox 2262 4366 2370 4425; x_wconf 88' lang='lat' dir='ltr'><strong>ret,</strong></span> <span class='ocrx_word' id='word_1_794' title='bbox 2396 4365 2454 4418; x_wconf 90' lang='lat' dir='ltr'><strong>et</strong></span> <span class='ocrx_word' id='word_1_795' title='bbox 2475 4362 2733 4419; x_wconf 91' lang='lat' dir='ltr'><strong>deterius</strong></span> <span class='ocrx_word' id='word_1_796' title='bbox 2760 4362 3071 4434; x_wconf 91' lang='lat' dir='ltr'><strong>puniendo</strong></span> <span class='ocrx_word' id='word_1_797' title='bbox 3102 4362 3421 4435; x_wconf 87' lang='lat' dir='ltr'><strong>deciperet;</strong></span> <span class='ocrx_word' id='word_1_798' title='bbox 3448 4362 3598 4419; x_wconf 85' lang='lat' dir='ltr'><strong>vidit</strong></span> <span class='ocrx_word' id='word_1_799' title='bbox 3612 4363 3918 4420; x_wconf 74' lang='lat' dir='ltr'><strong>Ninivitas</strong></span> 
     </span>
    </p>
   </div>
   <div class='ocr_carea' id='block_1_109' title="bbox 2260 4449 3920 4522">
    <p class='ocr_par' dir='ltr' id='par_1_109' title="bbox 2260 4449 3920 4522">
     <span class='ocr_line' id='line_1_109' title="bbox 2260 4449 3920 4522; baseline -0.001 -14"><span class='ocrx_word' id='word_1_800' title='bbox 2260 4450 2675 4522; x_wconf 87' lang='lat' dir='ltr'><strong>delinquentes</strong></span> <span class='ocrx_word' id='word_1_801' title='bbox 2707 4451 2865 4520; x_wconf 84' lang='lat' dir='ltr'><strong>(Jan.</strong></span> <span class='ocrx_word' id='word_1_802' title='bbox 2902 4467 2942 4518; x_wconf 88' lang='grc' dir='ltr'><strong>ι,</strong></span> <span class='ocrx_word' id='word_1_803' title='bbox 2973 4452 3030 4522; x_wconf 82' lang='lat'><strong>2)</strong></span> <span class='ocrx_word' id='word_1_804' title='bbox 3064 4451 3169 4508; x_wconf 91' lang='lat' dir='ltr'><strong>sed</strong></span> <span class='ocrx_word' id='word_1_805' title='bbox 3190 4450 3589 4509; x_wconf 86' lang='lat' dir='ltr'><strong>consideravit</strong></span> <span class='ocrx_word' id='word_1_806' title='bbox 3613 4451 3805 4509; x_wconf 84' lang='lat' dir='ltr'><strong>ﬁnem</strong></span> <span class='ocrx_word' id='word_1_807' title='bbox 3819 4449 3920 4507; x_wconf 79' lang='lat' dir='ltr'><strong>de-</strong></span> 
     </span>
    </p>
   </div>
   <div class='ocr_carea' id='block_1_110' title="bbox 2258 4538 3921 4612">
    <p class='ocr_par' dir='ltr' id='par_1_110' title="bbox 2258 4538 3921 4612">
     <span class='ocr_line' id='line_1_110' title="bbox 2258 4538 3921 4612; baseline 0 -17"><span class='ocrx_word' id='word_1_808' title='bbox 2258 4539 2657 4612; x_wconf 90' lang='lat' dir='ltr'><strong>linquentium</strong></span> <span class='ocrx_word' id='word_1_809' title='bbox 2701 4538 3116 4612; x_wconf 77' lang='lat' dir='ltr'><strong>paenitentiam</strong></span> <span class='ocrx_word' id='word_1_810' title='bbox 3167 4545 3572 4596; x_wconf 89' lang='lat' dir='ltr'><strong>correctorum</strong></span> <span class='ocrx_word' id='word_1_811' title='bbox 3613 4540 3781 4609; x_wconf 84' lang='lat' dir='ltr'><strong>(Jan.</strong></span> <span class='ocrx_word' id='word_1_812' title='bbox 3832 4556 3921 4609; x_wconf 84' lang='lat' dir='ltr'><strong>ni,</strong></span> 
     </span>
    </p>
   </div>
   <div class='ocr_carea' id='block_1_111' title="bbox 2263 4627 3915 4701">
    <p class='ocr_par' dir='ltr' id='par_1_111' title="bbox 2263 4627 3915 4701">
     <span class='ocr_line' id='line_1_111' title="bbox 2263 4627 3915 4701; baseline 0 -18"><span class='ocrx_word' id='word_1_813' title='bbox 2263 4628 2368 4700; x_wconf 92' lang='lat'><strong>10).</strong></span> <span class='ocrx_word' id='word_1_814' title='bbox 2400 4627 2550 4687; x_wconf 85' lang='lat' dir='ltr'><strong>Vidit</strong></span> <span class='ocrx_word' id='word_1_815' title='bbox 2594 4643 2839 4701; x_wconf 87' lang='lat' dir='ltr'><strong>quoque</strong></span> <span class='ocrx_word' id='word_1_816' title='bbox 2886 4628 3207 4686; x_wconf 87' lang='lat' dir='ltr'><strong>Sodomam</strong></span> <span class='ocrx_word' id='word_1_817' title='bbox 3237 4627 3690 4701; x_wconf 83' lang='lat' dir='ltr'><strong>delinquentem</strong></span> <span class='ocrx_word' id='word_1_818' title='bbox 3745 4628 3915 4696; x_wconf 77' lang='lat' dir='ltr'><strong>(Gen.</strong></span> 
     </span>
    </p>
   </div>
   <div class='ocr_carea' id='block_1_112' title="bbox 2256 4714 3917 4788">
    <p class='ocr_par' dir='ltr' id='par_1_112' title="bbox 2256 4714 3917 4788">
     <span class='ocr_line' id='line_1_112' title="bbox 2256 4714 3917 4788; baseline -0.003 -13"><span class='ocrx_word' id='word_1_819' title='bbox 2256 4734 2425 4784; x_wconf 80' lang='lat' dir='ltr'><strong>xvui,</strong></span> <span class='ocrx_word' id='word_1_820' title='bbox 2457 4717 2569 4788; x_wconf 87' lang='lat'><strong>20),</strong></span> <span class='ocrx_word' id='word_1_821' title='bbox 2600 4716 2708 4772; x_wconf 91' lang='lat' dir='ltr'><strong>sed</strong></span> <span class='ocrx_word' id='word_1_822' title='bbox 2736 4716 3138 4775; x_wconf 89' lang='lat' dir='ltr'><strong>consideravit</strong></span> <span class='ocrx_word' id='word_1_823' title='bbox 3182 4716 3371 4775; x_wconf 88' lang='lat' dir='ltr'><strong>ﬁnem</strong></span> <span class='ocrx_word' id='word_1_824' title='bbox 3395 4717 3630 4774; x_wconf 87' lang='lat' dir='ltr'><strong>ardoris</strong></span> <span class='ocrx_word' id='word_1_825' title='bbox 3656 4714 3917 4773; x_wconf 69' lang='lat' dir='ltr'><strong>luxuria:</strong></span> 
     </span>
    </p>
   </div>
   <div class='ocr_carea' id='block_1_113' title="bbox 2256 4804 3925 4878">
    <p class='ocr_par' dir='ltr' id='par_1_113' title="bbox 2256 4804 3925 4878">
     <span class='ocr_line' id='line_1_113' title="bbox 2256 4804 3925 4878; baseline -0.001 -14"><span class='ocrx_word' id='word_1_826' title='bbox 2256 4806 2458 4878; x_wconf 90' lang='lat' dir='ltr'><strong>ignem</strong></span> <span class='ocrx_word' id='word_1_827' title='bbox 2480 4806 2769 4878; x_wconf 68' lang='lat' dir='ltr'><strong>gehennaa</strong></span> <span class='ocrx_word' id='word_1_828' title='bbox 2796 4808 2959 4877; x_wconf 88' lang='lat' dir='ltr'><strong>(Gen.</strong></span> <span class='ocrx_word' id='word_1_829' title='bbox 2988 4822 3114 4872; x_wconf 82' lang='lat' dir='ltr'><strong>xix,</strong></span> <span class='ocrx_word' id='word_1_830' title='bbox 3142 4808 3256 4877; x_wconf 74' lang='grc'><strong>24).</strong></span> <span class='ocrx_word' id='word_1_831' title='bbox 3290 4805 3442 4865; x_wconf 86' lang='lat' dir='ltr'><strong>Vidit</strong></span> <span class='ocrx_word' id='word_1_832' title='bbox 3470 4804 3823 4876; x_wconf 86' lang='lat' dir='ltr'><strong>gentilitatis</strong></span> <span class='ocrx_word' id='word_1_833' title='bbox 3852 4804 3925 4862; x_wconf 84' lang='lat' dir='ltr'><strong>ﬁ-</strong></span> 
     </span>
    </p>
   </div>
   <div class='ocr_carea' id='block_1_114' title="bbox 2255 4895 3923 4969">
    <p class='ocr_par' dir='ltr' id='par_1_114' title="bbox 2255 4895 3923 4969">
     <span class='ocr_line' id='line_1_114' title="bbox 2255 4895 3923 4969; baseline 0 -16"><span class='ocrx_word' id='word_1_834' title='bbox 2255 4911 2417 4960; x_wconf 89' lang='lat' dir='ltr'><strong>nem,</strong></span> <span class='ocrx_word' id='word_1_835' title='bbox 2443 4896 2629 4968; x_wconf 91' lang='lat' dir='ltr'><strong>quod,</strong></span> <span class='ocrx_word' id='word_1_836' title='bbox 2662 4912 2952 4969; x_wconf 89' lang='lat' dir='ltr'><strong>possessa</strong></span> <span class='ocrx_word' id='word_1_837' title='bbox 2983 4895 3370 4968; x_wconf 85' lang='lat' dir='ltr'><strong>iniquitatum</strong></span> <span class='ocrx_word' id='word_1_838' title='bbox 3396 4896 3683 4963; x_wconf 80' lang='lat' dir='ltr'><strong>tenebris,</strong></span> <span class='ocrx_word' id='word_1_839' title='bbox 3724 4911 3923 4968; x_wconf 81' lang='lat' dir='ltr'><strong>quan-</strong></span> 
     </span>
    </p>
   </div>
   <div class='ocr_carea' id='block_1_115' title="bbox 2254 4984 3922 5059">
    <p class='ocr_par' dir='ltr' id='par_1_115' title="bbox 2254 4984 3922 5059">
     <span class='ocr_line' id='line_1_115' title="bbox 2254 4984 3922 5059; baseline 0.001 -17"><span class='ocrx_word' id='word_1_840' title='bbox 2254 4988 2455 5059; x_wconf 87' lang='lat' dir='ltr'><strong>doque</strong></span> <span class='ocrx_word' id='word_1_841' title='bbox 2510 4985 2654 5042; x_wconf 90' lang='lat' dir='ltr'><strong>ﬁdei</strong></span> <span class='ocrx_word' id='word_1_842' title='bbox 2703 4986 2836 5043; x_wconf 91' lang='lat' dir='ltr'><strong>luce</strong></span> <span class='ocrx_word' id='word_1_843' title='bbox 2869 4985 3239 5043; x_wconf 89' lang='lat' dir='ltr'><strong>claresceret.</strong></span> <span class='ocrx_word' id='word_1_844' title='bbox 3277 4986 3435 5044; x_wconf 87' lang='lat' dir='ltr'><strong>Vidit</strong></span> <span class='ocrx_word' id='word_1_845' title='bbox 3473 4984 3657 5044; x_wconf 88' lang='lat' dir='ltr'><strong>etiam</strong></span> <span class='ocrx_word' id='word_1_846' title='bbox 3694 4986 3922 5043; x_wconf 65' lang='lat' dir='ltr'><strong>ludas!</strong></span> 
     </span>
    </p>
   </div>
   <div class='ocr_carea' id='block_1_116' title="bbox 2254 5075 3916 5148">
    <p class='ocr_par' dir='ltr' id='par_1_116' title="bbox 2254 5075 3916 5148">
     <span class='ocr_line' id='line_1_116' title="bbox 2254 5075 3916 5148; baseline -0.001 -15"><span class='ocrx_word' id='word_1_847' title='bbox 2254 5080 2596 5139; x_wconf 83' lang='lat' dir='ltr'><strong>terminum,</strong></span> <span class='ocrx_word' id='word_1_848' title='bbox 2628 5076 2817 5148; x_wconf 93' lang='lat' dir='ltr'><strong>quod,</strong></span> <span class='ocrx_word' id='word_1_849' title='bbox 2851 5075 2929 5133; x_wconf 89' lang='lat' dir='ltr'><strong>ab</strong></span> <span class='ocrx_word' id='word_1_850' title='bbox 2958 5091 3030 5133; x_wconf 89' lang='lat' dir='ltr'><strong>ea</strong></span> <span class='ocrx_word' id='word_1_851' title='bbox 3071 5075 3205 5131; x_wconf 89' lang='lat' dir='ltr'><strong>luce</strong></span> <span class='ocrx_word' id='word_1_852' title='bbox 3243 5075 3387 5132; x_wconf 89' lang='lat' dir='ltr'><strong>ﬁdei</strong></span> <span class='ocrx_word' id='word_1_853' title='bbox 3423 5091 3616 5148; x_wconf 87' lang='lat' dir='ltr'><strong>quam</strong></span> <span class='ocrx_word' id='word_1_854' title='bbox 3641 5075 3916 5145; x_wconf 81' lang='lat' dir='ltr'><strong>tenebat,</strong></span> 
     </span>
    </p>
   </div>
   <div class='ocr_carea' id='block_1_117' title="bbox 2250 5165 3919 5239">
    <p class='ocr_par' dir='ltr' id='par_1_117' title="bbox 2250 5165 3919 5239">
     <span class='ocr_line' id='line_1_117' title="bbox 2250 5165 3919 5239; baseline 0.001 -15"><span class='ocrx_word' id='word_1_855' title='bbox 2250 5165 2563 5224; x_wconf 72' lang='lat' dir='ltr'><strong>obdurataa</strong></span> <span class='ocrx_word' id='word_1_856' title='bbox 2612 5166 2880 5239; x_wconf 66' lang='lat' dir='ltr'><strong>perﬁdiis</strong></span> <span class='ocrx_word' id='word_1_857' title='bbox 2925 5182 2987 5223; x_wconf 90' lang='lat' dir='ltr'><strong>se</strong></span> <span class='ocrx_word' id='word_1_858' title='bbox 3040 5165 3300 5223; x_wconf 84' lang='lat' dir='ltr'><strong>tenebris</strong></span> <span class='ocrx_word' id='word_1_859' title='bbox 3352 5169 3624 5225; x_wconf 65' lang='lat' dir='ltr'><strong>cecaret.</strong></span> <span class='ocrx_word' id='word_1_860' title='bbox 3654 5167 3705 5235; x_wconf 70' lang='lat'><strong>1-</strong></span> <span class='ocrx_word' id='word_1_861' title='bbox 3764 5168 3919 5225; x_wconf 81' lang='lat' dir='ltr'><strong>Sane</strong></span> 
     </span>
    </p>
   </div>
   <div class='ocr_carea' id='block_1_118' title="bbox 2250 5253 2583 5312">
    <p class='ocr_par' dir='ltr' id='par_1_118' title="bbox 2250 5253 2583 5312">
     <span class='ocr_line' id='line_1_118' title="bbox 2250 5253 2583 5312; baseline -0.003 0"><span class='ocrx_word' id='word_1_862' title='bbox 2250 5270 2392 5312; x_wconf 88' lang='lat' dir='ltr'><strong>cum</strong></span> <span class='ocrx_word' id='word_1_863' title='bbox 2416 5253 2583 5312; x_wconf 90' lang='lat' dir='ltr'><strong>dicis.</strong></span> 
     </span>
    </p>
   </div>
   <div class='ocr_carea' id='block_1_119' title="bbox 2830 5405 3315 5451">
    <p class='ocr_par' dir='ltr' id='par_1_119' title="bbox 2830 5405 3315 5451">
     <span class='ocr_line' id='line_1_119' title="bbox 2830 5405 3315 5451; baseline 0.006 -4"><span class='ocrx_word' id='word_1_864' title='bbox 2830 5405 3079 5447; x_wconf 76' lang='lat' dir='ltr'><strong>JOANNBS</strong></span> <span class='ocrx_word' id='word_1_865' title='bbox 3108 5406 3315 5451; x_wconf 82' lang='lat' dir='ltr'><strong>SCOTUS</strong></span> 
     </span>
    </p>
   </div>
   <div class='ocr_carea' id='block_1_120' title="bbox 2318 5525 3909 5599">
    <p class='ocr_par' dir='ltr' id='par_1_120' title="bbox 2318 5525 3909 5599">
     <span class='ocr_line' id='line_1_120' title="bbox 2318 5525 3909 5599; baseline 0.001 -22"><span class='ocrx_word' id='word_1_866' title='bbox 2318 5526 2483 5598; x_wconf 90' lang='lat' dir='ltr'><strong>(Cap.</strong></span> <span class='ocrx_word' id='word_1_867' title='bbox 2514 5525 2595 5595; x_wconf 84' lang='lat'><strong>18,</strong></span> <span class='ocrx_word' id='word_1_868' title='bbox 2618 5541 2784 5581; x_wconf 91' lang='lat' dir='ltr'><strong>num.</strong></span> <span class='ocrx_word' id='word_1_869' title='bbox 2806 5528 2858 5593; x_wconf 86' lang='lat'><strong>9,</strong></span> <span class='ocrx_word' id='word_1_870' title='bbox 2891 5530 3033 5581; x_wconf 89' lang='lat' dir='ltr'><strong>sect.</strong></span> <span class='ocrx_word' id='word_1_871' title='bbox 3058 5527 3170 5599; x_wconf 84' lang='grc' dir='ltr'><strong>7)Θ</strong></span> <span class='ocrx_word' id='word_1_872' title='bbox 3200 5525 3668 5583; x_wconf 68' lang='lat' dir='ltr'><strong>Prwdestinavit</strong></span> <span class='ocrx_word' id='word_1_873' title='bbox 3698 5526 3909 5596; x_wconf 75' lang='lat' dir='ltr'><strong>itaque</strong></span> 
     </span>
    </p>
   </div>
   <div class='ocr_carea' id='block_1_121' title="bbox 2241 5614 3910 5686">
    <p class='ocr_par' dir='ltr' id='par_1_121' title="bbox 2241 5614 3910 5686">
     <span class='ocr_line' id='line_1_121' title="bbox 2241 5614 3910 5686; baseline -0.001 -14"><span class='ocrx_word' id='word_1_874' title='bbox 2241 5614 3910 5686; x_wconf 63' lang='lat' dir='ltr'><strong>Deusimpiosadpwnamvelinca‘itumzbeeestcm</strong></span> 
     </span>
    </p>
   </div>
  </div>
