  <div class='ocr_page' id='page_1' title='image "/cluster/home/n/w/nwhite01/storage/ocr_20150623/115/hvd.32044054759790/664.png"; bbox 0 0 4158 6192; ppageno 0'>
   <div class='ocr_carea' id='block_1_1' title="bbox 307 151 443 205">
    <p class='ocr_par' dir='ltr' id='par_1_1' title="bbox 307 151 443 205">
     <span class='ocr_line' id='line_1_1' title="bbox 307 151 443 205; baseline 0.015 -2"><span class='ocrx_word' id='word_1_1' title='bbox 307 151 443 205; x_wconf 74' lang='grc'>1817</span> 
     </span>
    </p>
   </div>
   <div class='ocr_carea' id='block_1_2' title="bbox 1160 120 2786 235">
    <p class='ocr_par' dir='ltr' id='par_1_2' title="bbox 1160 120 2786 235">
     <span class='ocr_line' id='line_1_2' title="bbox 1160 120 2786 235; baseline 0.011 -21"><span class='ocrx_word' id='word_1_2' title='bbox 1160 120 1171 129; x_wconf 62' lang='grc'><em>”</em></span> <span class='ocrx_word' id='word_1_3' title='bbox 1245 163 1335 216; x_wconf 74' lang='lat' dir='ltr'>ne</span> <span class='ocrx_word' id='word_1_4' title='bbox 1372 159 2044 221; x_wconf 65' lang='lat' dir='ltr'>PREDEITINATIONI</span> <span class='ocrx_word' id='word_1_5' title='bbox 2084 164 2363 226; x_wconf 68' lang='lat' dir='ltr'>coam</span> <span class='ocrx_word' id='word_1_6' title='bbox 2399 172 2450 231; x_wconf 70' lang='grc' dir='ltr'>ι.</span> <span class='ocrx_word' id='word_1_7' title='bbox 2491 172 2786 235; x_wconf 72' lang='lat' dir='ltr'>socrum.</span> 
     </span>
    </p>
   </div>
   <div class='ocr_carea' id='block_1_3' title="bbox 3592 192 3725 257">
    <p class='ocr_par' dir='ltr' id='par_1_3' title="bbox 3592 192 3725 257">
     <span class='ocr_line' id='line_1_3' title="bbox 3592 192 3725 257; baseline -0.03 -6"><span class='ocrx_word' id='word_1_8' title='bbox 3592 192 3725 257; x_wconf 72' lang='grc'>1³18</span> 
     </span>
    </p>
   </div>
   <div class='ocr_carea' id='block_1_4' title="bbox 303 272 3728 386">
    <p class='ocr_par' dir='ltr' id='par_1_4' title="bbox 303 272 3728 386">
     <span class='ocr_line' id='line_1_4' title="bbox 303 272 3728 386; baseline 0.013 -61"><span class='ocrx_word' id='word_1_9' title='bbox 303 272 540 342; x_wconf 83' lang='lat' dir='ltr'>scripsit</span> <span class='ocrx_word' id='word_1_10' title='bbox 583 288 677 329; x_wconf 83' lang='lat' dir='ltr'>eos</span> <span class='ocrx_word' id='word_1_11' title='bbox 729 276 956 348; x_wconf 77' lang='lat' dir='ltr'>legibus</span> <span class='ocrx_word' id='word_1_12' title='bbox 1001 283 1123 337; x_wconf 88' lang='lat' dir='ltr'>suis</span> <span class='ocrx_word' id='word_1_13' title='bbox 1163 283 1773 357; x_wconf 84' lang='lat' dir='ltr'>incommutabilibus,</span> <span class='ocrx_word' id='word_1_14' title='bbox 1806 302 1957 360; x_wconf 88' lang='lat' dir='ltr'>quas</span> <span class='ocrx_word' id='word_1_15' title='bbox 1989 289 2037 343; x_wconf 73' lang='grc' dir='ltr'>Α</span> <span class='ocrx_word' id='word_1_16' title='bbox 2078 289 2134 345; x_wconf 90' lang='lat' dir='ltr'>Si</span> <span class='ocrx_word' id='word_1_17' title='bbox 2155 290 2404 386; x_wconf 87' lang='lat' dir='ltr'>inquam</span> <span class='ocrx_word' id='word_1_18' title='bbox 2434 296 2580 353; x_wconf 86' lang='lat' dir='ltr'>nihil</span> <span class='ocrx_word' id='word_1_19' title='bbox 2608 298 2771 356; x_wconf 89' lang='lat' dir='ltr'>aliud</span> <span class='ocrx_word' id='word_1_20' title='bbox 2800 305 2889 358; x_wconf 87' lang='lat' dir='ltr'>est</span> <span class='ocrx_word' id='word_1_21' title='bbox 2905 304 3353 377; x_wconf 71' lang='lat' dir='ltr'>prmdestinatio</span> <span class='ocrx_word' id='word_1_22' title='bbox 3372 326 3558 382; x_wconf 89' lang='lat' dir='ltr'>quam</span> <span class='ocrx_word' id='word_1_23' title='bbox 3579 330 3728 386; x_wconf 81' lang='lat' dir='ltr'>prse-</span> 
     </span>
    </p>
   </div>
   <div class='ocr_carea' id='block_1_5' title="bbox 305 364 1566 442">
    <p class='ocr_par' dir='ltr' id='par_1_5' title="bbox 305 364 1566 442">
     <span class='ocr_line' id='line_1_5' title="bbox 305 364 1566 442; baseline 0.013 -26"><span class='ocrx_word' id='word_1_24' title='bbox 305 376 507 418; x_wconf 82' lang='lat' dir='ltr'>sorum</span> <span class='ocrx_word' id='word_1_25' title='bbox 533 364 806 435; x_wconf 73' lang='lat' dir='ltr'>impietas</span> <span class='ocrx_word' id='word_1_26' title='bbox 830 370 1080 428; x_wconf 86' lang='lat' dir='ltr'>evadere</span> <span class='ocrx_word' id='word_1_27' title='bbox 1107 387 1228 428; x_wconf 90' lang='lat' dir='ltr'>non</span> <span class='ocrx_word' id='word_1_28' title='bbox 1248 377 1566 442; x_wconf 84' lang='lat' dir='ltr'>permittit.</span> 
     </span>
    </p>
   </div>
   <div class='ocr_carea' id='block_1_6' title="bbox 371 452 1959 540">
    <p class='ocr_par' dir='ltr' id='par_1_6' title="bbox 371 452 1959 540">
     <span class='ocr_line' id='line_1_6' title="bbox 371 452 1959 540; baseline 0.012 -34"><span class='ocrx_word' id='word_1_29' title='bbox 371 452 413 520; x_wconf 74' lang='grc'>-1-</span> <span class='ocrx_word' id='word_1_30' title='bbox 430 452 692 511; x_wconf 81' lang='lat' dir='ltr'>Profecto</span> <span class='ocrx_word' id='word_1_31' title='bbox 722 458 1005 514; x_wconf 80' lang='lat' dir='ltr'>veraciter</span> <span class='ocrx_word' id='word_1_32' title='bbox 1022 460 1313 531; x_wconf 88' lang='lat' dir='ltr'>deﬁnisti;</span> <span class='ocrx_word' id='word_1_33' title='bbox 1347 480 1527 536; x_wconf 89' lang='lat' dir='ltr'>porro</span> <span class='ocrx_word' id='word_1_34' title='bbox 1555 467 1723 540; x_wconf 88' lang='lat' dir='ltr'>quod</span> <span class='ocrx_word' id='word_1_35' title='bbox 1747 468 1920 524; x_wconf 86' lang='lat' dir='ltr'>addis</span> <span class='ocrx_word' id='word_1_36' title='bbox 1946 487 1959 525; x_wconf 90' lang='lat'>:</span> 
     </span>
    </p>
   </div>
   <div class='ocr_carea' id='block_1_7' title="bbox 372 543 1963 628">
    <p class='ocr_par' dir='ltr' id='par_1_7' title="bbox 372 543 1963 628">
     <span class='ocr_line' id='line_1_7' title="bbox 372 543 1963 628; baseline 0.013 -32"><span class='ocrx_word' id='word_1_37' title='bbox 372 543 539 615; x_wconf 89' lang='lat' dir='ltr'>(Cap.</span> <span class='ocrx_word' id='word_1_38' title='bbox 578 545 661 609; x_wconf 89' lang='lat'>18,</span> <span class='ocrx_word' id='word_1_39' title='bbox 701 561 870 602; x_wconf 92' lang='lat' dir='ltr'>num.</span> <span class='ocrx_word' id='word_1_40' title='bbox 905 546 989 618; x_wconf 88' lang='grc'>10,</span> <span class='ocrx_word' id='word_1_41' title='bbox 1021 554 1161 606; x_wconf 86' lang='lat' dir='ltr'>sect.</span> <span class='ocrx_word' id='word_1_42' title='bbox 1196 555 1277 619; x_wconf 91' lang='grc'>7.)</span> <span class='ocrx_word' id='word_1_43' title='bbox 1308 556 1348 606; x_wconf 99' lang='lat'>6</span> <span class='ocrx_word' id='word_1_44' title='bbox 1374 555 1472 610; x_wconf 87' lang='lat' dir='ltr'>Ad</span> <span class='ocrx_word' id='word_1_45' title='bbox 1492 572 1736 626; x_wconf 59' lang='lat' dir='ltr'>pactam</span> <span class='ocrx_word' id='word_1_46' title='bbox 1760 559 1963 628; x_wconf 85' lang='lat' dir='ltr'>profe-</span> 
     </span>
    </p>
   </div>
   <div class='ocr_carea' id='block_1_8' title="bbox 301 635 1964 716">
    <p class='ocr_par' dir='ltr' id='par_1_8' title="bbox 301 635 1964 716">
     <span class='ocr_line' id='line_1_8' title="bbox 301 635 1964 716; baseline 0.011 -31"><span class='ocrx_word' id='word_1_47' title='bbox 301 635 396 686; x_wconf 81' lang='lat' dir='ltr'>cto</span> <span class='ocrx_word' id='word_1_48' title='bbox 446 646 637 688; x_wconf 87' lang='lat' dir='ltr'>suam.</span> <span class='ocrx_word' id='word_1_49' title='bbox 687 636 773 691; x_wconf 81' lang='lat' dir='ltr'>Ea</span> <span class='ocrx_word' id='word_1_50' title='bbox 824 639 1043 708; x_wconf 78' lang='lat' dir='ltr'>quippe</span> <span class='ocrx_word' id='word_1_51' title='bbox 1079 640 1413 710; x_wconf 79' lang='lat' dir='ltr'>difﬁcultas</span> <span class='ocrx_word' id='word_1_52' title='bbox 1442 660 1564 716; x_wconf 85' lang='lat' dir='ltr'>qua</span> <span class='ocrx_word' id='word_1_53' title='bbox 1605 647 1964 716; x_wconf 72' lang='lat' dir='ltr'>prohibetur</span> 
     </span>
    </p>
   </div>
   <div class='ocr_carea' id='block_1_9' title="bbox 296 722 1964 806">
    <p class='ocr_par' dir='ltr' id='par_1_9' title="bbox 296 722 1964 806">
     <span class='ocr_line' id='line_1_9' title="bbox 296 722 1964 806; baseline 0.011 -32"><span class='ocrx_word' id='word_1_54' title='bbox 296 722 615 789; x_wconf 78' lang='lat' dir='ltr'>pervenire</span> <span class='ocrx_word' id='word_1_55' title='bbox 644 724 726 778; x_wconf 86' lang='lat' dir='ltr'>ad</span> <span class='ocrx_word' id='word_1_56' title='bbox 753 740 823 780; x_wconf 92' lang='lat' dir='ltr'>ea</span> <span class='ocrx_word' id='word_1_57' title='bbox 853 742 987 798; x_wconf 80' lang='lat' dir='ltr'>qute</span> <span class='ocrx_word' id='word_1_58' title='bbox 1014 729 1327 788; x_wconf 86' lang='lat' dir='ltr'>libidinose</span> <span class='ocrx_word' id='word_1_59' title='bbox 1352 740 1665 803; x_wconf 87' lang='lat' dir='ltr'>appetunt,</span> <span class='ocrx_word' id='word_1_60' title='bbox 1697 738 1964 806; x_wconf 80' lang='lat' dir='ltr'>efﬁcitur</span> 
     </span>
    </p>
   </div>
   <div class='ocr_carea' id='block_1_10' title="bbox 299 808 1961 895">
    <p class='ocr_par' dir='ltr' id='par_1_10' title="bbox 299 808 1961 895">
     <span class='ocr_line' id='line_1_10' title="bbox 299 808 1961 895; baseline 0.012 -32"><span class='ocrx_word' id='word_1_61' title='bbox 299 808 381 863; x_wconf 90' lang='lat' dir='ltr'>eis</span> <span class='ocrx_word' id='word_1_62' title='bbox 413 811 680 877; x_wconf 66' lang='lat' dir='ltr'>penatis</span> <span class='ocrx_word' id='word_1_63' title='bbox 719 812 1019 884; x_wconf 83' lang='lat' dir='ltr'>interitus,</span> <span class='ocrx_word' id='word_1_64' title='bbox 1049 824 1104 875; x_wconf 87' lang='lat' dir='ltr'>et</span> <span class='ocrx_word' id='word_1_65' title='bbox 1130 833 1255 877; x_wconf 65' lang='lat' dir='ltr'>sum</span> <span class='ocrx_word' id='word_1_66' title='bbox 1284 823 1631 880; x_wconf 60' lang='lat' dir='ltr'>miserrima:</span> <span class='ocrx_word' id='word_1_67' title='bbox 1661 826 1961 895; x_wconf 73' lang='lat' dir='ltr'>cupidinis</span> 
     </span>
    </p>
   </div>
   <div class='ocr_carea' id='block_1_11' title="bbox 289 897 1015 966">
    <p class='ocr_par' dir='ltr' id='par_1_11' title="bbox 289 897 1015 966">
     <span class='ocr_line' id='line_1_11' title="bbox 289 897 1015 966; baseline 0.014 -14"><span class='ocrx_word' id='word_1_68' title='bbox 289 897 661 966; x_wconf 84' lang='lat' dir='ltr'>justissimus</span> <span class='ocrx_word' id='word_1_69' title='bbox 690 906 1015 961; x_wconf 74' lang='lat' dir='ltr'>cruciatus.</span> 
     </span>
    </p>
   </div>
   <div class='ocr_carea' id='block_1_12' title="bbox 966 1027 1292 1072">
    <p class='ocr_par' dir='ltr' id='par_1_12' title="bbox 966 1027 1292 1072">
     <span class='ocr_line' id='line_1_12' title="bbox 966 1027 1292 1072; baseline 0.009 -3"><span class='ocrx_word' id='word_1_70' title='bbox 966 1027 1292 1072; x_wconf 75' lang='lat' dir='ltr'>CORRECTIO.</span> 
     </span>
    </p>
   </div>
   <div class='ocr_carea' id='block_1_13' title="bbox 370 1112 1959 1194">
    <p class='ocr_par' dir='ltr' id='par_1_13' title="bbox 370 1112 1959 1194">
     <span class='ocr_line' id='line_1_13' title="bbox 370 1112 1959 1194; baseline 0.011 -27"><span class='ocrx_word' id='word_1_71' title='bbox 370 1112 413 1184; x_wconf 71' lang='grc'>-1-</span> <span class='ocrx_word' id='word_1_72' title='bbox 438 1113 697 1171; x_wconf 88' lang='lat' dir='ltr'>Omnino</span> <span class='ocrx_word' id='word_1_73' title='bbox 724 1114 1010 1176; x_wconf 76' lang='lat' dir='ltr'>fallaciter</span> <span class='ocrx_word' id='word_1_74' title='bbox 1042 1137 1351 1181; x_wconf 87' lang='lat' dir='ltr'>asseveras</span> <span class='ocrx_word' id='word_1_75' title='bbox 1378 1144 1391 1194; x_wconf 91' lang='lat'><strong>;</strong></span> <span class='ocrx_word' id='word_1_76' title='bbox 1426 1124 1528 1189; x_wconf 88' lang='lat' dir='ltr'>ubi</span> <span class='ocrx_word' id='word_1_77' title='bbox 1559 1130 1615 1183; x_wconf 90' lang='lat' dir='ltr'>et</span> <span class='ocrx_word' id='word_1_78' title='bbox 1638 1126 1786 1187; x_wconf 89' lang='lat' dir='ltr'>illud</span> <span class='ocrx_word' id='word_1_79' title='bbox 1817 1128 1959 1187; x_wconf 85' lang='lat' dir='ltr'>satis</span> 
     </span>
    </p>
   </div>
   <div class='ocr_carea' id='block_1_14' title="bbox 301 1205 1962 1283">
    <p class='ocr_par' dir='ltr' id='par_1_14' title="bbox 301 1205 1962 1283">
     <span class='ocr_line' id='line_1_14' title="bbox 301 1205 1962 1283; baseline 0.012 -29"><span class='ocrx_word' id='word_1_80' title='bbox 301 1205 539 1274; x_wconf 85' lang='lat' dir='ltr'>stupere</span> <span class='ocrx_word' id='word_1_81' title='bbox 568 1218 823 1277; x_wconf 81' lang='lat' dir='ltr'>nequeo,</span> <span class='ocrx_word' id='word_1_82' title='bbox 856 1207 960 1279; x_wconf 91' lang='lat' dir='ltr'>qui</span> <span class='ocrx_word' id='word_1_83' title='bbox 990 1209 1226 1282; x_wconf 88' lang='lat' dir='ltr'>pridem</span> <span class='ocrx_word' id='word_1_84' title='bbox 1264 1212 1670 1283; x_wconf 84' lang='lat' dir='ltr'>ignorantiam</span> <span class='ocrx_word' id='word_1_85' title='bbox 1701 1216 1962 1274; x_wconf 80' lang='lat' dir='ltr'>veritatis</span> 
     </span>
    </p>
   </div>
   <div class='ocr_carea' id='block_1_15' title="bbox 301 1290 1961 1380">
    <p class='ocr_par' dir='ltr' id='par_1_15' title="bbox 301 1290 1961 1380">
     <span class='ocr_line' id='line_1_15' title="bbox 301 1290 1961 1380; baseline 0.011 -34"><span class='ocrx_word' id='word_1_86' title='bbox 301 1295 357 1347; x_wconf 89' lang='lat' dir='ltr'>et</span> <span class='ocrx_word' id='word_1_87' title='bbox 382 1290 768 1353; x_wconf 75' lang='lat' dir='ltr'>beatitudinis</span> <span class='ocrx_word' id='word_1_88' title='bbox 799 1296 1032 1354; x_wconf 69' lang='lat' dir='ltr'>miseris</span> <span class='ocrx_word' id='word_1_89' title='bbox 1081 1300 1428 1373; x_wconf 85' lang='lat' dir='ltr'>induxeras,</span> <span class='ocrx_word' id='word_1_90' title='bbox 1464 1306 1635 1377; x_wconf 90' lang='lat' dir='ltr'>cujus</span> <span class='ocrx_word' id='word_1_91' title='bbox 1662 1307 1961 1380; x_wconf 88' lang='lat' dir='ltr'>appetitus</span> 
     </span>
    </p>
   </div>
   <div class='ocr_carea' id='block_1_16' title="bbox 302 1383 1961 1468">
    <p class='ocr_par' dir='ltr' id='par_1_16' title="bbox 302 1383 1961 1468">
     <span class='ocr_line' id='line_1_16' title="bbox 302 1383 1961 1468; baseline 0.011 -33"><span class='ocrx_word' id='word_1_92' title='bbox 302 1383 558 1450; x_wconf 76' lang='lat' dir='ltr'>egestate</span> <span class='ocrx_word' id='word_1_93' title='bbox 601 1397 764 1441; x_wconf 88' lang='lat' dir='ltr'>nunc</span> <span class='ocrx_word' id='word_1_94' title='bbox 813 1401 916 1441; x_wconf 89' lang='lat' dir='ltr'>eos</span> <span class='ocrx_word' id='word_1_95' title='bbox 959 1389 1209 1447; x_wconf 87' lang='lat' dir='ltr'>cruciari</span> <span class='ocrx_word' id='word_1_96' title='bbox 1258 1392 1531 1464; x_wconf 86' lang='lat' dir='ltr'>deﬁnias,</span> <span class='ocrx_word' id='word_1_97' title='bbox 1565 1394 1787 1468; x_wconf 89' lang='lat' dir='ltr'>quibus</span> <span class='ocrx_word' id='word_1_98' title='bbox 1816 1395 1961 1454; x_wconf 89' lang='lat' dir='ltr'>boni</span> 
     </span>
    </p>
   </div>
   <div class='ocr_carea' id='block_1_17' title="bbox 301 1468 1959 1549">
    <p class='ocr_par' dir='ltr' id='par_1_17' title="bbox 301 1468 1959 1549">
     <span class='ocr_line' id='line_1_17' title="bbox 301 1468 1959 1549; baseline 0.01 -26"><span class='ocrx_word' id='word_1_99' title='bbox 301 1468 639 1543; x_wconf 89' lang='lat' dir='ltr'>cujuspiam</span> <span class='ocrx_word' id='word_1_100' title='bbox 667 1476 989 1546; x_wconf 87' lang='lat' dir='ltr'>appetendi</span> <span class='ocrx_word' id='word_1_101' title='bbox 1010 1476 1139 1549; x_wconf 88' lang='lat' dir='ltr'>jam</span> <span class='ocrx_word' id='word_1_102' title='bbox 1169 1495 1280 1537; x_wconf 91' lang='lat' dir='ltr'>nec</span> <span class='ocrx_word' id='word_1_103' title='bbox 1323 1481 1573 1539; x_wconf 90' lang='lat' dir='ltr'>scientia</span> <span class='ocrx_word' id='word_1_104' title='bbox 1604 1482 1826 1541; x_wconf 83' lang='lat' dir='ltr'>suberit</span> <span class='ocrx_word' id='word_1_105' title='bbox 1851 1500 1959 1540; x_wconf 74' lang='lat' dir='ltr'>nec</span> 
     </span>
    </p>
   </div>
   <div class='ocr_carea' id='block_1_18' title="bbox 298 1556 1961 1630">
    <p class='ocr_par' dir='ltr' id='par_1_18' title="bbox 298 1556 1961 1630">
     <span class='ocr_line' id='line_1_18' title="bbox 298 1556 1961 1630; baseline 0.011 -19"><span class='ocrx_word' id='word_1_106' title='bbox 298 1556 597 1616; x_wconf 81' lang='lat' dir='ltr'>voluntas.</span> <span class='ocrx_word' id='word_1_107' title='bbox 631 1561 746 1618; x_wconf 91' lang='lat' dir='ltr'>Sed</span> <span class='ocrx_word' id='word_1_108' title='bbox 789 1567 847 1620; x_wconf 90' lang='lat' dir='ltr'>et</span> <span class='ocrx_word' id='word_1_109' title='bbox 892 1582 1031 1622; x_wconf 91' lang='lat' dir='ltr'>cum</span> <span class='ocrx_word' id='word_1_110' title='bbox 1077 1569 1365 1627; x_wconf 80' lang='lat' dir='ltr'>veraciter</span> <span class='ocrx_word' id='word_1_111' title='bbox 1414 1588 1724 1630; x_wconf 86' lang='lat' dir='ltr'>asseveras</span> <span class='ocrx_word' id='word_1_112' title='bbox 1754 1588 1961 1630; x_wconf 89' lang='lat' dir='ltr'>nume-</span> 
     </span>
    </p>
   </div>
   <div class='ocr_carea' id='block_1_19' title="bbox 298 1648 1959 1734">
    <p class='ocr_par' dir='ltr' id='par_1_19' title="bbox 298 1648 1959 1734">
     <span class='ocr_line' id='line_1_19' title="bbox 298 1648 1959 1734; baseline 0.01 -33"><span class='ocrx_word' id='word_1_113' title='bbox 298 1661 435 1703; x_wconf 86' lang='lat' dir='ltr'>rum</span> <span class='ocrx_word' id='word_1_114' title='bbox 452 1648 761 1727; x_wconf 84' lang='lat' dir='ltr'>utriusque</span> <span class='ocrx_word' id='word_1_115' title='bbox 787 1655 972 1729; x_wconf 86' lang='lat' dir='ltr'>partis</span> <span class='ocrx_word' id='word_1_116' title='bbox 1005 1656 1331 1715; x_wconf 87' lang='lat' dir='ltr'>electorum</span> <span class='ocrx_word' id='word_1_117' title='bbox 1357 1664 1538 1734; x_wconf 89' lang='lat' dir='ltr'>atque</span> <span class='ocrx_word' id='word_1_118' title='bbox 1560 1662 1959 1734; x_wconf 86' lang='lat' dir='ltr'>reproborum</span> 
     </span>
    </p>
   </div>
   <div class='ocr_carea' id='block_1_20' title="bbox 300 1737 1959 1825">
    <p class='ocr_par' dir='ltr' id='par_1_20' title="bbox 300 1737 1959 1825">
     <span class='ocr_line' id='line_1_20' title="bbox 300 1737 1959 1825; baseline 0.01 -36"><span class='ocrx_word' id='word_1_119' title='bbox 300 1751 337 1790; x_wconf 89' lang='lat' dir='ltr'>a</span> <span class='ocrx_word' id='word_1_120' title='bbox 374 1737 494 1792; x_wconf 94' lang='lat' dir='ltr'>Deo</span> <span class='ocrx_word' id='word_1_121' title='bbox 536 1739 1032 1815; x_wconf 65' lang='lat' dir='ltr'>praedestinatum</span> <span class='ocrx_word' id='word_1_122' title='bbox 1077 1749 1132 1801; x_wconf 90' lang='lat' dir='ltr'>et</span> <span class='ocrx_word' id='word_1_123' title='bbox 1164 1747 1547 1825; x_wconf 68' lang='lat' dir='ltr'>praeﬁnitum,</span> <span class='ocrx_word' id='word_1_124' title='bbox 1581 1751 1731 1823; x_wconf 89' lang='lat' dir='ltr'>quid</span> <span class='ocrx_word' id='word_1_125' title='bbox 1761 1768 1959 1807; x_wconf 84' lang='lat' dir='ltr'>causae</span> 
     </span>
    </p>
   </div>
   <div class='ocr_carea' id='block_1_21' title="bbox 298 1828 1959 1915">
    <p class='ocr_par' dir='ltr' id='par_1_21' title="bbox 298 1828 1959 1915">
     <span class='ocr_line' id='line_1_21' title="bbox 298 1828 1959 1915; baseline 0.01 -35"><span class='ocrx_word' id='word_1_126' title='bbox 298 1828 388 1882; x_wconf 86' lang='lat' dir='ltr'>est</span> <span class='ocrx_word' id='word_1_127' title='bbox 416 1831 480 1883; x_wconf 88' lang='lat' dir='ltr'>ut</span> <span class='ocrx_word' id='word_1_128' title='bbox 503 1828 957 1903; x_wconf 67' lang='lat' dir='ltr'>praedestinatos</span> <span class='ocrx_word' id='word_1_129' title='bbox 1002 1836 1079 1890; x_wconf 86' lang='lat' dir='ltr'>ad</span> <span class='ocrx_word' id='word_1_130' title='bbox 1119 1836 1421 1895; x_wconf 85' lang='lat' dir='ltr'>interitum</span> <span class='ocrx_word' id='word_1_131' title='bbox 1462 1856 1665 1911; x_wconf 83' lang='lat' dir='ltr'>neges,</span> <span class='ocrx_word' id='word_1_132' title='bbox 1697 1858 1959 1915; x_wconf 89' lang='lat' dir='ltr'>quorum</span> 
     </span>
    </p>
   </div>
   <div class='ocr_carea' id='block_1_22' title="bbox 298 1921 1959 2001">
    <p class='ocr_par' dir='ltr' id='par_1_22' title="bbox 298 1921 1959 2001">
     <span class='ocr_line' id='line_1_22' title="bbox 298 1921 1959 2001; baseline 0.01 -31"><span class='ocrx_word' id='word_1_133' title='bbox 298 1929 621 1973; x_wconf 82' lang='lat' dir='ltr'>numerum</span> <span class='ocrx_word' id='word_1_134' title='bbox 660 1921 1150 1992; x_wconf 61' lang='lat' dir='ltr'>praedestinatum</span> <span class='ocrx_word' id='word_1_135' title='bbox 1200 1931 1255 1983; x_wconf 88' lang='lat' dir='ltr'>et</span> <span class='ocrx_word' id='word_1_136' title='bbox 1299 1930 1664 2001; x_wconf 70' lang='lat' dir='ltr'>praefinitum</span> <span class='ocrx_word' id='word_1_137' title='bbox 1715 1931 1959 1987; x_wconf 88' lang='lat' dir='ltr'>minime</span> 
     </span>
    </p>
   </div>
   <div class='ocr_carea' id='block_1_23' title="bbox 300 2003 1960 2093">
    <p class='ocr_par' dir='ltr' id='par_1_23' title="bbox 300 2003 1960 2093">
     <span class='ocr_line' id='line_1_23' title="bbox 300 2003 1960 2093; baseline 0.011 -34"><span class='ocrx_word' id='word_1_138' title='bbox 300 2003 608 2078; x_wconf 79' lang='lat' dir='ltr'>deneges?</span> <span class='ocrx_word' id='word_1_139' title='bbox 638 2008 964 2067; x_wconf 88' lang='lat' dir='ltr'>Videamus</span> <span class='ocrx_word' id='word_1_140' title='bbox 1013 2015 1159 2088; x_wconf 92' lang='lat' dir='ltr'>quid</span> <span class='ocrx_word' id='word_1_141' title='bbox 1214 2017 1392 2074; x_wconf 90' lang='lat' dir='ltr'>etiam</span> <span class='ocrx_word' id='word_1_142' title='bbox 1439 2025 1648 2076; x_wconf 89' lang='lat' dir='ltr'>contra</span> <span class='ocrx_word' id='word_1_143' title='bbox 1700 2019 1960 2093; x_wconf 86' lang='lat' dir='ltr'>teipsum</span> 
     </span>
    </p>
   </div>
   <div class='ocr_carea' id='block_1_24' title="bbox 302 2096 1955 2176">
    <p class='ocr_par' dir='ltr' id='par_1_24' title="bbox 302 2096 1955 2176">
     <span class='ocr_line' id='line_1_24' title="bbox 302 2096 1955 2176; baseline 0.008 -28"><span class='ocrx_word' id='word_1_144' title='bbox 302 2096 446 2165; x_wconf 82' lang='lat' dir='ltr'>agat</span> <span class='ocrx_word' id='word_1_145' title='bbox 471 2098 575 2150; x_wconf 88' lang='lat' dir='ltr'>tua</span> <span class='ocrx_word' id='word_1_146' title='bbox 619 2098 928 2171; x_wconf 84' lang='lat' dir='ltr'>expositio.</span> <span class='ocrx_word' id='word_1_147' title='bbox 962 2102 1225 2176; x_wconf 85' lang='lat' dir='ltr'>Denique</span> <span class='ocrx_word' id='word_1_148' title='bbox 1256 2121 1393 2160; x_wconf 91' lang='lat' dir='ltr'>cum</span> <span class='ocrx_word' id='word_1_149' title='bbox 1436 2105 1512 2172; x_wconf 90' lang='lat' dir='ltr'>de</span> <span class='ocrx_word' id='word_1_150' title='bbox 1546 2111 1662 2163; x_wconf 89' lang='lat' dir='ltr'>Deo</span> <span class='ocrx_word' id='word_1_151' title='bbox 1693 2108 1955 2165; x_wconf 75' lang='lat' dir='ltr'>diceres:</span> 
     </span>
    </p>
   </div>
   <div class='ocr_carea' id='block_1_25' title="bbox 882 2222 1386 2267">
    <p class='ocr_par' dir='ltr' id='par_1_25' title="bbox 882 2222 1386 2267">
     <span class='ocr_line' id='line_1_25' title="bbox 882 2222 1386 2267; baseline 0.012 -6"><span class='ocrx_word' id='word_1_152' title='bbox 882 2222 1122 2265; x_wconf 78' lang='lat' dir='ltr'>JOANNES</span> <span class='ocrx_word' id='word_1_153' title='bbox 1163 2226 1386 2267; x_wconf 80' lang='lat' dir='ltr'>SCOTUS.</span> 
     </span>
    </p>
   </div>
   <div class='ocr_carea' id='block_1_26' title="bbox 372 2302 1962 2387">
    <p class='ocr_par' dir='ltr' id='par_1_26' title="bbox 372 2302 1962 2387">
     <span class='ocr_line' id='line_1_26' title="bbox 372 2302 1962 2387; baseline 0.014 -29"><span class='ocrx_word' id='word_1_154' title='bbox 372 2302 540 2377; x_wconf 90' lang='lat' dir='ltr'>(Cap.</span> <span class='ocrx_word' id='word_1_155' title='bbox 578 2309 662 2377; x_wconf 81' lang='lat' dir='ltr'>l8,</span> <span class='ocrx_word' id='word_1_156' title='bbox 693 2323 862 2365; x_wconf 90' lang='lat' dir='ltr'>num.</span> <span class='ocrx_word' id='word_1_157' title='bbox 898 2311 978 2379; x_wconf 85' lang='lat' dir='ltr'>lt,</span> <span class='ocrx_word' id='word_1_158' title='bbox 1009 2318 1148 2370; x_wconf 87' lang='lat' dir='ltr'>sect.</span> <span class='ocrx_word' id='word_1_159' title='bbox 1183 2317 1263 2387; x_wconf 90' lang='lat'>8.)</span> <span class='ocrx_word' id='word_1_160' title='bbox 1292 2322 1331 2369; x_wconf 93' lang='lat'>6</span> <span class='ocrx_word' id='word_1_161' title='bbox 1383 2317 1666 2375; x_wconf 83' lang='lat' dir='ltr'>Omnibus</span> <span class='ocrx_word' id='word_1_162' title='bbox 1695 2322 1962 2379; x_wconf 75' lang='lat' dir='ltr'>tribuens</span> 
     </span>
    </p>
   </div>
   <div class='ocr_carea' id='block_1_27' title="bbox 303 2392 1959 2480">
    <p class='ocr_par' dir='ltr' id='par_1_27' title="bbox 303 2392 1959 2480">
     <span class='ocr_line' id='line_1_27' title="bbox 303 2392 1959 2480; baseline 0.011 -30"><span class='ocrx_word' id='word_1_163' title='bbox 303 2392 460 2461; x_wconf 78' lang='lat' dir='ltr'>leges</span> <span class='ocrx_word' id='word_1_164' title='bbox 507 2410 647 2453; x_wconf 86' lang='lat' dir='ltr'>suas</span> <span class='ocrx_word' id='word_1_165' title='bbox 691 2401 976 2461; x_wconf 73' lang='lat' dir='ltr'>servandi</span> <span class='ocrx_word' id='word_1_166' title='bbox 1018 2409 1391 2474; x_wconf 83' lang='lat' dir='ltr'>potestatem,</span> <span class='ocrx_word' id='word_1_167' title='bbox 1424 2409 1479 2467; x_wconf 80' lang='lat' dir='ltr'>si</span> <span class='ocrx_word' id='word_1_168' title='bbox 1515 2410 1758 2480; x_wconf 81' lang='lat' dir='ltr'>vellent,</span> <span class='ocrx_word' id='word_1_169' title='bbox 1791 2418 1959 2469; x_wconf 83' lang='lat' dir='ltr'>ante-</span> 
     </span>
    </p>
   </div>
   <div class='ocr_carea' id='block_1_28' title="bbox 303 2496 1960 2564">
    <p class='ocr_par' dir='ltr' id='par_1_28' title="bbox 303 2496 1960 2564">
     <span class='ocr_line' id='line_1_28' title="bbox 303 2496 1960 2564; baseline 0.011 -26"><span class='ocrx_word' id='word_1_170' title='bbox 303 2496 485 2553; x_wconf 89' lang='lat' dir='ltr'>quam</span> <span class='ocrx_word' id='word_1_171' title='bbox 529 2498 728 2550; x_wconf 80' lang='lat' dir='ltr'>omnes</span> <span class='ocrx_word' id='word_1_172' title='bbox 771 2503 834 2549; x_wconf 75' lang='grc' dir='ltr'>ιη</span> <span class='ocrx_word' id='word_1_173' title='bbox 880 2505 999 2547; x_wconf 85' lang='lat' dir='ltr'>uno</span> <span class='ocrx_word' id='word_1_174' title='bbox 1028 2501 1385 2564; x_wconf 75' lang='lat' dir='ltr'>peccarent;</span> <span class='ocrx_word' id='word_1_175' title='bbox 1416 2497 1520 2557; x_wconf 76' lang='lat' dir='ltr'>sed</span> <span class='ocrx_word' id='word_1_176' title='bbox 1542 2514 1664 2555; x_wconf 85' lang='lat' dir='ltr'>non</span> <span class='ocrx_word' id='word_1_177' title='bbox 1689 2500 1960 2563; x_wconf 81' lang='lat' dir='ltr'>omnibus</span> 
     </span>
    </p>
   </div>
   <div class='ocr_carea' id='block_1_29' title="bbox 302 2570 1957 2657">
    <p class='ocr_par' dir='ltr' id='par_1_29' title="bbox 302 2570 1957 2657">
     <span class='ocr_line' id='line_1_29' title="bbox 302 2570 1957 2657; baseline 0.013 -30"><span class='ocrx_word' id='word_1_178' title='bbox 302 2570 573 2631; x_wconf 72' lang='lat' dir='ltr'>tribuens</span> <span class='ocrx_word' id='word_1_179' title='bbox 603 2582 669 2637; x_wconf 84' lang='lat' dir='ltr'>ut</span> <span class='ocrx_word' id='word_1_180' title='bbox 700 2578 886 2635; x_wconf 87' lang='lat' dir='ltr'>velint</span> <span class='ocrx_word' id='word_1_181' title='bbox 920 2587 1054 2649; x_wconf 82' lang='lat' dir='ltr'>post</span> <span class='ocrx_word' id='word_1_182' title='bbox 1088 2591 1425 2657; x_wconf 67' lang='lat' dir='ltr'>peccatum,</span> <span class='ocrx_word' id='word_1_183' title='bbox 1448 2601 1812 2657; x_wconf 76' lang='lat' dir='ltr'>praeparans</span> <span class='ocrx_word' id='word_1_184' title='bbox 1842 2591 1957 2647; x_wconf 87' lang='lat' dir='ltr'>ele—</span> 
     </span>
    </p>
   </div>
   <div class='ocr_carea' id='block_1_30' title="bbox 298 2660 1956 2752">
    <p class='ocr_par' dir='ltr' id='par_1_30' title="bbox 298 2660 1956 2752">
     <span class='ocr_line' id='line_1_30' title="bbox 298 2660 1956 2752; baseline 0.016 -37"><span class='ocrx_word' id='word_1_185' title='bbox 298 2664 420 2721; x_wconf 74' lang='lat' dir='ltr'>ctos</span> <span class='ocrx_word' id='word_1_186' title='bbox 588 2662 1035 2735; x_wconf 71' lang='lat' dir='ltr'>beatitudinem,</span> <span class='ocrx_word' id='word_1_187' title='bbox 1065 2670 1381 2741; x_wconf 81' lang='lat' dir='ltr'>disponens</span> <span class='ocrx_word' id='word_1_188' title='bbox 1407 2676 1686 2745; x_wconf 78' lang='lat' dir='ltr'>reprobos</span> <span class='ocrx_word' id='word_1_189' title='bbox 1718 2684 1783 2734; x_wconf 86' lang='lat' dir='ltr'>ut</span> <span class='ocrx_word' id='word_1_190' title='bbox 1811 2680 1956 2752; x_wconf 82' lang='lat' dir='ltr'>suis,</span> 
     </span>
    </p>
   </div>
   <div class='ocr_carea' id='block_1_31' title="bbox 298 2751 1958 2835">
    <p class='ocr_par' dir='ltr' id='par_1_31' title="bbox 298 2751 1958 2835">
     <span class='ocr_line' id='line_1_31' title="bbox 298 2751 1958 2835; baseline 0.011 -30"><span class='ocrx_word' id='word_1_191' title='bbox 298 2751 569 2818; x_wconf 77' lang='lat' dir='ltr'>quamvis</span> <span class='ocrx_word' id='word_1_192' title='bbox 615 2753 810 2821; x_wconf 80' lang='lat' dir='ltr'>inviti,</span> <span class='ocrx_word' id='word_1_193' title='bbox 844 2756 1071 2826; x_wconf 89' lang='lat' dir='ltr'>legibus</span> <span class='ocrx_word' id='word_1_194' title='bbox 1105 2762 1389 2830; x_wconf 78' lang='lat' dir='ltr'>serviant,</span> <span class='ocrx_word' id='word_1_195' title='bbox 1434 2779 1568 2822; x_wconf 85' lang='lat' dir='ltr'>eum</span> <span class='ocrx_word' id='word_1_196' title='bbox 1608 2782 1748 2835; x_wconf 89' lang='lat' dir='ltr'>non,</span> <span class='ocrx_word' id='word_1_197' title='bbox 1783 2770 1958 2824; x_wconf 82' lang='lat' dir='ltr'>utsic</span> 
     </span>
    </p>
   </div>
   <div class='ocr_carea' id='block_1_32' title="bbox 299 2838 1954 2923">
    <p class='ocr_par' dir='ltr' id='par_1_32' title="bbox 299 2838 1954 2923">
     <span class='ocr_line' id='line_1_32' title="bbox 299 2838 1954 2923; baseline 0.013 -30"><span class='ocrx_word' id='word_1_198' title='bbox 299 2838 413 2897; x_wconf 83' lang='lat' dir='ltr'>sibi</span> <span class='ocrx_word' id='word_1_199' title='bbox 438 2842 749 2910; x_wconf 72' lang='lat' dir='ltr'>servirent,</span> <span class='ocrx_word' id='word_1_200' title='bbox 774 2846 1229 2913; x_wconf 67' lang='lat' dir='ltr'>praedestinavit</span> <span class='ocrx_word' id='word_1_201' title='bbox 1269 2866 1364 2913; x_wconf 76' lang='lat' dir='ltr'>eos</span> <span class='ocrx_word' id='word_1_202' title='bbox 1386 2854 1718 2923; x_wconf 83' lang='lat' dir='ltr'>faciendos,</span> <span class='ocrx_word' id='word_1_203' title='bbox 1752 2858 1854 2914; x_wconf 88' lang='lat' dir='ltr'>sed</span> <span class='ocrx_word' id='word_1_204' title='bbox 1889 2864 1954 2914; x_wconf 89' lang='lat' dir='ltr'>ut</span> 
     </span>
    </p>
   </div>
   <div class='ocr_carea' id='block_1_33' title="bbox 304 2928 1959 3007">
    <p class='ocr_par' dir='ltr' id='par_1_33' title="bbox 304 2928 1959 3007">
     <span class='ocr_line' id='line_1_33' title="bbox 304 2928 1959 3007; baseline 0.015 -25"><span class='ocrx_word' id='word_1_205' title='bbox 304 2928 358 2982; x_wconf 87' lang='lat' dir='ltr'>ei</span> <span class='ocrx_word' id='word_1_206' title='bbox 378 2929 683 2991; x_wconf 76' lang='lat' dir='ltr'>voluntate</span> <span class='ocrx_word' id='word_1_207' title='bbox 724 2935 997 3004; x_wconf 80' lang='lat' dir='ltr'>perfecta</span> <span class='ocrx_word' id='word_1_208' title='bbox 1043 2938 1440 3000; x_wconf 68' lang='lat' dir='ltr'>adhaererent.</span> <span class='ocrx_word' id='word_1_209' title='bbox 1476 2943 1654 3003; x_wconf 80' lang='lat' dir='ltr'>Inviti</span> <span class='ocrx_word' id='word_1_210' title='bbox 1675 2951 1874 3005; x_wconf 88' lang='lat' dir='ltr'>autem</span> <span class='ocrx_word' id='word_1_211' title='bbox 1905 2948 1959 3007; x_wconf 86' lang='lat' dir='ltr'>ei</span> 
     </span>
    </p>
   </div>
   <div class='ocr_carea' id='block_1_34' title="bbox 304 3018 1955 3105">
    <p class='ocr_par' dir='ltr' id='par_1_34' title="bbox 304 3018 1955 3105">
     <span class='ocr_line' id='line_1_34' title="bbox 304 3018 1955 3105; baseline 0.012 -32"><span class='ocrx_word' id='word_1_212' title='bbox 304 3018 588 3087; x_wconf 78' lang='lat' dir='ltr'>serviunt,</span> <span class='ocrx_word' id='word_1_213' title='bbox 620 3036 739 3083; x_wconf 87' lang='lat' dir='ltr'>non</span> <span class='ocrx_word' id='word_1_214' title='bbox 760 3024 1002 3087; x_wconf 82' lang='lat' dir='ltr'>illorum</span> <span class='ocrx_word' id='word_1_215' title='bbox 1034 3034 1286 3098; x_wconf 86' lang='lat' dir='ltr'>natura,</span> <span class='ocrx_word' id='word_1_216' title='bbox 1316 3046 1495 3101; x_wconf 83' lang='lat' dir='ltr'>quam</span> <span class='ocrx_word' id='word_1_217' title='bbox 1524 3034 1588 3089; x_wconf 88' lang='lat' dir='ltr'>in</span> <span class='ocrx_word' id='word_1_218' title='bbox 1617 3035 1699 3093; x_wconf 85' lang='lat' dir='ltr'>eis</span> <span class='ocrx_word' id='word_1_219' title='bbox 1727 3037 1874 3105; x_wconf 78' lang='lat' dir='ltr'>fecit</span> <span class='ocrx_word' id='word_1_220' title='bbox 1900 3043 1955 3093; x_wconf 90' lang='lat' dir='ltr'>et</span> 
     </span>
    </p>
   </div>
   <div class='ocr_carea' id='block_1_35' title="bbox 302 3105 1955 3193">
    <p class='ocr_par' dir='ltr' id='par_1_35' title="bbox 302 3105 1955 3193">
     <span class='ocr_line' id='line_1_35' title="bbox 302 3105 1955 3193; baseline 0.011 -30"><span class='ocrx_word' id='word_1_221' title='bbox 302 3105 367 3163; x_wconf 86' lang='lat' dir='ltr'>in</span> <span class='ocrx_word' id='word_1_222' title='bbox 393 3106 476 3167; x_wconf 77' lang='lat' dir='ltr'>eis</span> <span class='ocrx_word' id='word_1_223' title='bbox 501 3124 619 3165; x_wconf 86' lang='lat' dir='ltr'>non</span> <span class='ocrx_word' id='word_1_224' title='bbox 652 3114 850 3183; x_wconf 80' lang='lat' dir='ltr'>punit,</span> <span class='ocrx_word' id='word_1_225' title='bbox 875 3116 981 3173; x_wconf 86' lang='lat' dir='ltr'>sed</span> <span class='ocrx_word' id='word_1_226' title='bbox 1019 3118 1186 3179; x_wconf 87' lang='lat' dir='ltr'>mala</span> <span class='ocrx_word' id='word_1_227' title='bbox 1227 3120 1536 3179; x_wconf 87' lang='lat' dir='ltr'>voluntate</span> <span class='ocrx_word' id='word_1_228' title='bbox 1578 3138 1754 3193; x_wconf 80' lang='lat' dir='ltr'>quam</span> <span class='ocrx_word' id='word_1_229' title='bbox 1784 3127 1846 3182; x_wconf 87' lang='lat' dir='ltr'>in</span> <span class='ocrx_word' id='word_1_230' title='bbox 1876 3128 1955 3182; x_wconf 86' lang='lat' dir='ltr'>eis</span> 
     </span>
    </p>
   </div>
   <div class='ocr_carea' id='block_1_36' title="bbox 293 3196 1954 3285">
    <p class='ocr_par' dir='ltr' id='par_1_36' title="bbox 293 3196 1954 3285">
     <span class='ocr_line' id='line_1_36' title="bbox 293 3196 1954 3285; baseline 0.016 -38"><span class='ocrx_word' id='word_1_231' title='bbox 293 3196 517 3265; x_wconf 79' lang='lat' dir='ltr'>punit;</span> <span class='ocrx_word' id='word_1_232' title='bbox 544 3198 606 3253; x_wconf 86' lang='lat' dir='ltr'>in</span> <span class='ocrx_word' id='word_1_233' title='bbox 637 3213 701 3258; x_wconf 82' lang='lat' dir='ltr'>eo</span> <span class='ocrx_word' id='word_1_234' title='bbox 731 3204 887 3261; x_wconf 85' lang='lat' dir='ltr'>enim</span> <span class='ocrx_word' id='word_1_235' title='bbox 913 3207 1075 3276; x_wconf 84' lang='lat' dir='ltr'>quod</span> <span class='ocrx_word' id='word_1_236' title='bbox 1100 3208 1157 3265; x_wconf 89' lang='lat' dir='ltr'>ei</span> <span class='ocrx_word' id='word_1_237' title='bbox 1191 3209 1371 3266; x_wconf 80' lang='lat' dir='ltr'>inviti</span> <span class='ocrx_word' id='word_1_238' title='bbox 1395 3212 1685 3280; x_wconf 82' lang='lat' dir='ltr'>serviunt,</span> <span class='ocrx_word' id='word_1_239' title='bbox 1717 3215 1781 3270; x_wconf 86' lang='lat' dir='ltr'>in</span> <span class='ocrx_word' id='word_1_240' title='bbox 1803 3217 1954 3285; x_wconf 86' lang='lat' dir='ltr'>seip-</span> 
     </span>
    </p>
   </div>
   <div class='ocr_carea' id='block_1_37' title="bbox 296 3282 742 3356">
    <p class='ocr_par' dir='ltr' id='par_1_37' title="bbox 296 3282 742 3356">
     <span class='ocr_line' id='line_1_37' title="bbox 296 3282 742 3356; baseline 0.025 -17"><span class='ocrx_word' id='word_1_241' title='bbox 296 3282 380 3343; x_wconf 84' lang='lat' dir='ltr'>sis</span> <span class='ocrx_word' id='word_1_242' title='bbox 404 3298 517 3345; x_wconf 85' lang='lat' dir='ltr'>sua</span> <span class='ocrx_word' id='word_1_243' title='bbox 542 3301 742 3356; x_wconf 67' lang='lat' dir='ltr'>pana.</span> 
     </span>
    </p>
   </div>
   <div class='ocr_carea' id='block_1_38' title="bbox 968 3381 1292 3431">
    <p class='ocr_par' dir='ltr' id='par_1_38' title="bbox 968 3381 1292 3431">
     <span class='ocr_line' id='line_1_38' title="bbox 968 3381 1292 3431; baseline 0.028 -9"><span class='ocrx_word' id='word_1_244' title='bbox 968 3381 1271 3431; x_wconf 67' lang='lat' dir='ltr'>CORRECTIO</span> <span class='ocrx_word' id='word_1_245' title='bbox 1279 3410 1292 3431; x_wconf 78' lang='grc' dir='ltr'><strong>ρ</strong></span> 
     </span>
    </p>
   </div>
   <div class='ocr_carea' id='block_1_39' title="bbox 370 3454 1378 3532">
    <p class='ocr_par' dir='ltr' id='par_1_39' title="bbox 370 3454 1378 3532">
     <span class='ocr_line' id='line_1_39' title="bbox 370 3454 1378 3532; baseline 0.012 -20"><span class='ocrx_word' id='word_1_246' title='bbox 370 3454 412 3523; x_wconf 69' lang='grc'>«1-</span> <span class='ocrx_word' id='word_1_247' title='bbox 440 3455 609 3519; x_wconf 83' lang='lat' dir='ltr'>Velut</span> <span class='ocrx_word' id='word_1_248' title='bbox 632 3458 1019 3532; x_wconf 76' lang='lat' dir='ltr'>explananda</span> <span class='ocrx_word' id='word_1_249' title='bbox 1052 3464 1378 3531; x_wconf 79' lang='lat' dir='ltr'>subuectis.</span> 
     </span>
    </p>
   </div>
   <div class='ocr_carea' id='block_1_40' title="bbox 866 3583 1382 3629">
    <p class='ocr_par' dir='ltr' id='par_1_40' title="bbox 866 3583 1382 3629">
     <span class='ocr_line' id='line_1_40' title="bbox 866 3583 1382 3629; baseline 0.01 -5"><span class='ocrx_word' id='word_1_250' title='bbox 866 3583 1111 3626; x_wconf 69' lang='lat' dir='ltr'>JOANNES</span> <span class='ocrx_word' id='word_1_251' title='bbox 1155 3587 1382 3629; x_wconf 76' lang='lat' dir='ltr'>SCOTUS.</span> 
     </span>
    </p>
   </div>
   <div class='ocr_carea' id='block_1_41' title="bbox 370 3658 1957 3747">
    <p class='ocr_par' dir='ltr' id='par_1_41' title="bbox 370 3658 1957 3747">
     <span class='ocr_line' id='line_1_41' title="bbox 370 3658 1957 3747; baseline 0.013 -33"><span class='ocrx_word' id='word_1_252' title='bbox 370 3658 533 3733; x_wconf 85' lang='lat' dir='ltr'>(Cap.</span> <span class='ocrx_word' id='word_1_253' title='bbox 568 3665 653 3730; x_wconf 83' lang='grc'>18,</span> <span class='ocrx_word' id='word_1_254' title='bbox 684 3677 854 3723; x_wconf 89' lang='lat' dir='ltr'>num.</span> <span class='ocrx_word' id='word_1_255' title='bbox 891 3665 977 3732; x_wconf 87' lang='lat' dir='ltr'>l2,</span> <span class='ocrx_word' id='word_1_256' title='bbox 1008 3673 1152 3724; x_wconf 86' lang='lat' dir='ltr'>sect.</span> <span class='ocrx_word' id='word_1_257' title='bbox 1181 3670 1256 3742; x_wconf 88' lang='lat'>8).</span> <span class='ocrx_word' id='word_1_258' title='bbox 1290 3675 1331 3724; x_wconf 91' lang='lat'>6</span> <span class='ocrx_word' id='word_1_259' title='bbox 1360 3672 1448 3728; x_wconf 90' lang='lat' dir='ltr'>De</span> <span class='ocrx_word' id='word_1_260' title='bbox 1478 3688 1598 3745; x_wconf 83' lang='lat' dir='ltr'>qua</span> <span class='ocrx_word' id='word_1_261' title='bbox 1627 3690 1772 3747; x_wconf 85' lang='lat' dir='ltr'>quos</span> <span class='ocrx_word' id='word_1_262' title='bbox 1790 3678 1957 3745; x_wconf 83' lang='lat' dir='ltr'>juste</span> 
     </span>
    </p>
   </div>
   <div class='ocr_carea' id='block_1_42' title="bbox 297 3746 1954 3834">
    <p class='ocr_par' dir='ltr' id='par_1_42' title="bbox 297 3746 1954 3834">
     <span class='ocr_line' id='line_1_42' title="bbox 297 3746 1954 3834; baseline 0.013 -34"><span class='ocrx_word' id='word_1_263' title='bbox 297 3746 455 3802; x_wconf 88' lang='lat' dir='ltr'>Deus</span> <span class='ocrx_word' id='word_1_264' title='bbox 478 3764 600 3805; x_wconf 86' lang='lat' dir='ltr'>non</span> <span class='ocrx_word' id='word_1_265' title='bbox 630 3750 864 3814; x_wconf 87' lang='lat' dir='ltr'>liberat,</span> <span class='ocrx_word' id='word_1_266' title='bbox 897 3753 980 3810; x_wconf 81' lang='lat' dir='ltr'>ad</span> <span class='ocrx_word' id='word_1_267' title='bbox 1008 3770 1137 3813; x_wconf 88' lang='lat' dir='ltr'>eam</span> <span class='ocrx_word' id='word_1_268' title='bbox 1169 3759 1306 3813; x_wconf 86' lang='lat' dir='ltr'>illos</span> <span class='ocrx_word' id='word_1_269' title='bbox 1337 3746 1770 3829; x_wconf 83' lang='lat' dir='ltr'>quodammodo</span> <span class='ocrx_word' id='word_1_270' title='bbox 1792 3780 1954 3834; x_wconf 72' lang='lat' dir='ltr'>prae-</span> 
     </span>
    </p>
   </div>
   <div class='ocr_carea' id='block_1_43' title="bbox 288 3834 1955 3919">
    <p class='ocr_par' dir='ltr' id='par_1_43' title="bbox 288 3834 1955 3919">
     <span class='ocr_line' id='line_1_43' title="bbox 288 3834 1955 3919; baseline 0.013 -33"><span class='ocrx_word' id='word_1_271' title='bbox 288 3837 500 3903; x_wconf 87' lang='lat' dir='ltr'>parat,</span> <span class='ocrx_word' id='word_1_272' title='bbox 540 3834 681 3890; x_wconf 89' lang='lat' dir='ltr'>dum</span> <span class='ocrx_word' id='word_1_273' title='bbox 729 3851 824 3893; x_wconf 79' lang='lat' dir='ltr'>eos</span> <span class='ocrx_word' id='word_1_274' title='bbox 871 3838 954 3894; x_wconf 81' lang='lat' dir='ltr'>ad</span> <span class='ocrx_word' id='word_1_275' title='bbox 1003 3855 1131 3897; x_wconf 89' lang='lat' dir='ltr'>eam</span> <span class='ocrx_word' id='word_1_276' title='bbox 1179 3842 1397 3911; x_wconf 84' lang='lat' dir='ltr'>seipsos</span> <span class='ocrx_word' id='word_1_277' title='bbox 1449 3860 1802 3916; x_wconf 69' lang='lat' dir='ltr'>praeparare</span> <span class='ocrx_word' id='word_1_278' title='bbox 1819 3866 1955 3919; x_wconf 88' lang='lat' dir='ltr'>per-</span> 
     </span>
    </p>
   </div>
   <div class='ocr_carea' id='block_1_44' title="bbox 294 3922 516 3981">
    <p class='ocr_par' dir='ltr' id='par_1_44' title="bbox 294 3922 516 3981">
     <span class='ocr_line' id='line_1_44' title="bbox 294 3922 516 3981; baseline 0.009 -5"><span class='ocrx_word' id='word_1_279' title='bbox 294 3922 516 3981; x_wconf 84' lang='lat' dir='ltr'>mittat.</span> 
     </span>
    </p>
   </div>
   <div class='ocr_carea' id='block_1_45' title="bbox 368 4011 1488 4091">
    <p class='ocr_par' dir='ltr' id='par_1_45' title="bbox 368 4011 1488 4091">
     <span class='ocr_line' id='line_1_45' title="bbox 368 4011 1488 4091; baseline 0.012 -26"><span class='ocrx_word' id='word_1_280' title='bbox 368 4012 412 4081; x_wconf 83' lang='grc' dir='ltr'>-ι-</span> <span class='ocrx_word' id='word_1_281' title='bbox 442 4011 666 4070; x_wconf 80' lang='lat' dir='ltr'>Dixisse</span> <span class='ocrx_word' id='word_1_282' title='bbox 692 4017 748 4071; x_wconf 86' lang='lat' dir='ltr'>te</span> <span class='ocrx_word' id='word_1_283' title='bbox 777 4015 967 4074; x_wconf 90' lang='lat' dir='ltr'>multo</span> <span class='ocrx_word' id='word_1_284' title='bbox 998 4022 1177 4077; x_wconf 81' lang='lat' dir='ltr'>antea</span> <span class='ocrx_word' id='word_1_285' title='bbox 1212 4020 1488 4091; x_wconf 81' lang='lat' dir='ltr'>legimus.</span> 
     </span>
    </p>
   </div>
   <div class='ocr_carea' id='block_1_46' title="bbox 368 4101 1955 4179">
    <p class='ocr_par' dir='ltr' id='par_1_46' title="bbox 368 4101 1955 4179">
     <span class='ocr_line' id='line_1_46' title="bbox 368 4101 1955 4179; baseline 0.011 -23"><span class='ocrx_word' id='word_1_286' title='bbox 368 4101 560 4171; x_wconf 87' lang='lat' dir='ltr'>(Num.</span> <span class='ocrx_word' id='word_1_287' title='bbox 599 4103 683 4175; x_wconf 89' lang='lat' dir='ltr'>l3,</span> <span class='ocrx_word' id='word_1_288' title='bbox 714 4121 850 4178; x_wconf 87' lang='lat' dir='ltr'>cap.</span> <span class='ocrx_word' id='word_1_289' title='bbox 887 4107 972 4177; x_wconf 89' lang='lat'>10,</span> <span class='ocrx_word' id='word_1_290' title='bbox 1006 4113 1148 4165; x_wconf 88' lang='lat' dir='ltr'>sect.</span> <span class='ocrx_word' id='word_1_291' title='bbox 1174 4114 1252 4179; x_wconf 93' lang='lat'>3.)</span> <span class='ocrx_word' id='word_1_292' title='bbox 1289 4117 1329 4165; x_wconf 88' lang='lat'>6</span> <span class='ocrx_word' id='word_1_293' title='bbox 1358 4112 1556 4168; x_wconf 82' lang='lat' dir='ltr'>Simili</span> <span class='ocrx_word' id='word_1_294' title='bbox 1581 4114 1754 4171; x_wconf 85' lang='lat' dir='ltr'>modo</span> <span class='ocrx_word' id='word_1_295' title='bbox 1787 4117 1840 4172; x_wconf 87' lang='lat' dir='ltr'>si</span> <span class='ocrx_word' id='word_1_296' title='bbox 1866 4118 1955 4173; x_wconf 92' lang='lat' dir='ltr'>ni-</span> 
     </span>
    </p>
   </div>
   <div class='ocr_carea' id='block_1_47' title="bbox 294 4188 1953 4276">
    <p class='ocr_par' dir='ltr' id='par_1_47' title="bbox 294 4188 1953 4276">
     <span class='ocr_line' id='line_1_47' title="bbox 294 4188 1953 4276; baseline 0.011 -32"><span class='ocrx_word' id='word_1_297' title='bbox 294 4188 388 4245; x_wconf 71' lang='lat' dir='ltr'>hil</span> <span class='ocrx_word' id='word_1_298' title='bbox 411 4192 584 4247; x_wconf 83' lang='lat' dir='ltr'>aliud</span> <span class='ocrx_word' id='word_1_299' title='bbox 609 4199 695 4249; x_wconf 85' lang='lat' dir='ltr'>est</span> <span class='ocrx_word' id='word_1_300' title='bbox 716 4196 1194 4271; x_wconf 68' lang='lat' dir='ltr'>pradestinatio,</span> <span class='ocrx_word' id='word_1_301' title='bbox 1218 4200 1376 4258; x_wconf 80' lang='lat' dir='ltr'>nihil</span> <span class='ocrx_word' id='word_1_302' title='bbox 1400 4216 1622 4271; x_wconf 89' lang='lat' dir='ltr'>eorum,</span> <span class='ocrx_word' id='word_1_303' title='bbox 1646 4218 1780 4276; x_wconf 77' lang='lat' dir='ltr'>qua:</span> <span class='ocrx_word' id='word_1_304' title='bbox 1799 4206 1953 4263; x_wconf 84' lang='lat' dir='ltr'>Deus</span> 
     </span>
    </p>
   </div>
   <div class='ocr_carea' id='block_1_48' title="bbox 288 4278 1304 4357">
    <p class='ocr_par' dir='ltr' id='par_1_48' title="bbox 288 4278 1304 4357">
     <span class='ocr_line' id='line_1_48' title="bbox 288 4278 1304 4357; baseline 0.01 -21"><span class='ocrx_word' id='word_1_305' title='bbox 288 4278 575 4349; x_wconf 77' lang='lat' dir='ltr'>facienda</span> <span class='ocrx_word' id='word_1_306' title='bbox 599 4284 886 4351; x_wconf 67' lang='lat' dir='ltr'>praevidit</span> <span class='ocrx_word' id='word_1_307' title='bbox 909 4291 1304 4357; x_wconf 70' lang='lat' dir='ltr'>praeparatio.</span> 
     </span>
    </p>
   </div>
   <div class='ocr_carea' id='block_1_49' title="bbox 369 4369 795 4439">
    <p class='ocr_par' dir='ltr' id='par_1_49' title="bbox 369 4369 795 4439">
     <span class='ocr_line' id='line_1_49' title="bbox 369 4369 795 4439; baseline 0.012 -15"><span class='ocrx_word' id='word_1_308' title='bbox 369 4369 413 4439; x_wconf 61' lang='grc' dir='ltr'>εὶ-</span> <span class='ocrx_word' id='word_1_309' title='bbox 443 4371 510 4426; x_wconf 86' lang='lat' dir='ltr'>Et</span> <span class='ocrx_word' id='word_1_310' title='bbox 534 4386 795 4429; x_wconf 78' lang='lat' dir='ltr'>rursum.</span> 
     </span>
    </p>
   </div>
   <div class='ocr_carea' id='block_1_50' title="bbox 370 4458 1956 4541">
    <p class='ocr_par' dir='ltr' id='par_1_50' title="bbox 370 4458 1956 4541">
     <span class='ocr_line' id='line_1_50' title="bbox 370 4458 1956 4541; baseline 0.012 -29"><span class='ocrx_word' id='word_1_311' title='bbox 370 4458 566 4529; x_wconf 82' lang='lat' dir='ltr'>(Num.</span> <span class='ocrx_word' id='word_1_312' title='bbox 599 4462 679 4527; x_wconf 75' lang='grc'>14,</span> <span class='ocrx_word' id='word_1_313' title='bbox 702 4476 835 4534; x_wconf 87' lang='lat' dir='ltr'>cap.</span> <span class='ocrx_word' id='word_1_314' title='bbox 868 4464 922 4531; x_wconf 84' lang='lat'>9,</span> <span class='ocrx_word' id='word_1_315' title='bbox 956 4468 1099 4522; x_wconf 86' lang='lat' dir='ltr'>sect.</span> <span class='ocrx_word' id='word_1_316' title='bbox 1131 4466 1211 4539; x_wconf 80' lang='lat'>6.)</span> <span class='ocrx_word' id='word_1_317' title='bbox 1234 4470 1273 4520; x_wconf 88' lang='grc' dir='ltr'>Θ</span> <span class='ocrx_word' id='word_1_318' title='bbox 1306 4466 1429 4535; x_wconf 80' lang='lat' dir='ltr'>Quo</span> <span class='ocrx_word' id='word_1_319' title='bbox 1447 4471 1596 4540; x_wconf 85' lang='lat' dir='ltr'>jure</span> <span class='ocrx_word' id='word_1_320' title='bbox 1616 4477 1809 4541; x_wconf 78' lang='lat' dir='ltr'>potest</span> <span class='ocrx_word' id='word_1_321' title='bbox 1832 4473 1956 4531; x_wconf 77' lang='lat' dir='ltr'>diei</span> 
     </span>
    </p>
   </div>
   <div class='ocr_carea' id='block_1_51' title="bbox 292 4546 1952 4633">
    <p class='ocr_par' dir='ltr' id='par_1_51' title="bbox 292 4546 1952 4633">
     <span class='ocr_line' id='line_1_51' title="bbox 292 4546 1952 4633; baseline 0.01 -32"><span class='ocrx_word' id='word_1_322' title='bbox 292 4546 771 4617; x_wconf 70' lang='lat' dir='ltr'>prwdestinatio,</span> <span class='ocrx_word' id='word_1_323' title='bbox 800 4550 865 4609; x_wconf 85' lang='lat' dir='ltr'>id</span> <span class='ocrx_word' id='word_1_324' title='bbox 904 4558 989 4609; x_wconf 88' lang='lat' dir='ltr'>est</span> <span class='ocrx_word' id='word_1_325' title='bbox 1020 4559 1396 4624; x_wconf 67' lang='lat' dir='ltr'>praeparatio</span> <span class='ocrx_word' id='word_1_326' title='bbox 1425 4560 1489 4615; x_wconf 85' lang='lat' dir='ltr'>in</span> <span class='ocrx_word' id='word_1_327' title='bbox 1534 4575 1618 4627; x_wconf 86' lang='lat' dir='ltr'>eo,</span> <span class='ocrx_word' id='word_1_328' title='bbox 1647 4563 1755 4633; x_wconf 84' lang='lat' dir='ltr'>qui</span> <span class='ocrx_word' id='word_1_329' title='bbox 1780 4563 1952 4617; x_wconf 88' lang='lat' dir='ltr'>nullo</span> 
     </span>
    </p>
   </div>
   <div class='ocr_carea' id='block_1_52' title="bbox 300 4638 1953 4719">
    <p class='ocr_par' dir='ltr' id='par_1_52' title="bbox 300 4638 1953 4719">
     <span class='ocr_line' id='line_1_52' title="bbox 300 4638 1953 4719; baseline 0.01 -27"><span class='ocrx_word' id='word_1_330' title='bbox 300 4638 582 4707; x_wconf 83' lang='lat' dir='ltr'>temporis</span> <span class='ocrx_word' id='word_1_331' title='bbox 626 4640 949 4697; x_wconf 86' lang='lat' dir='ltr'>intervallo</span> <span class='ocrx_word' id='word_1_332' title='bbox 990 4646 1313 4713; x_wconf 70' lang='lat' dir='ltr'>praecessit,</span> <span class='ocrx_word' id='word_1_333' title='bbox 1346 4662 1461 4717; x_wconf 86' lang='lat' dir='ltr'>quo</span> <span class='ocrx_word' id='word_1_334' title='bbox 1516 4649 1856 4719; x_wconf 82' lang='lat' dir='ltr'>disponeret</span> <span class='ocrx_word' id='word_1_335' title='bbox 1881 4665 1953 4708; x_wconf 88' lang='lat' dir='ltr'>ea</span> 
     </span>
    </p>
   </div>
   <div class='ocr_carea' id='block_1_53' title="bbox 297 4726 1952 4808">
    <p class='ocr_par' dir='ltr' id='par_1_53' title="bbox 297 4726 1952 4808">
     <span class='ocr_line' id='line_1_53' title="bbox 297 4726 1952 4808; baseline 0.009 -27"><span class='ocrx_word' id='word_1_336' title='bbox 297 4740 435 4797; x_wconf 71' lang='lat' dir='ltr'>quae</span> <span class='ocrx_word' id='word_1_337' title='bbox 453 4726 731 4796; x_wconf 81' lang='lat' dir='ltr'>facturus</span> <span class='ocrx_word' id='word_1_338' title='bbox 752 4734 918 4799; x_wconf 88' lang='lat' dir='ltr'>esset,</span> <span class='ocrx_word' id='word_1_339' title='bbox 948 4733 1122 4801; x_wconf 81' lang='lat' dir='ltr'>cujus</span> <span class='ocrx_word' id='word_1_340' title='bbox 1146 4735 1553 4802; x_wconf 82' lang='lat' dir='ltr'>operationem</span> <span class='ocrx_word' id='word_1_341' title='bbox 1580 4752 1702 4794; x_wconf 86' lang='lat' dir='ltr'>non</span> <span class='ocrx_word' id='word_1_342' title='bbox 1722 4754 1952 4808; x_wconf 70' lang='lat' dir='ltr'>praece-</span> 
     </span>
    </p>
   </div>
   <div class='ocr_carea' id='block_1_54' title="bbox 298 4814 804 4887">
    <p class='ocr_par' dir='ltr' id='par_1_54' title="bbox 298 4814 804 4887">
     <span class='ocr_line' id='line_1_54' title="bbox 298 4814 804 4887; baseline 0.008 -17"><span class='ocrx_word' id='word_1_343' title='bbox 298 4814 393 4871; x_wconf 87' lang='lat' dir='ltr'>dit</span> <span class='ocrx_word' id='word_1_344' title='bbox 413 4819 804 4887; x_wconf 56' lang='lat' dir='ltr'>praeparatio.</span> 
     </span>
    </p>
   </div>
   <div class='ocr_carea' id='block_1_55' title="bbox 438 4907 1287 4965">
    <p class='ocr_par' dir='ltr' id='par_1_55' title="bbox 438 4907 1287 4965">
     <span class='ocr_line' id='line_1_55' title="bbox 438 4907 1287 4965; baseline 0.009 -22"><span class='ocrx_word' id='word_1_345' title='bbox 438 4962 443 4965; x_wconf 89' lang='lat'>_</span> <span class='ocrx_word' id='word_1_346' title='bbox 978 4907 1287 4951; x_wconf 72' lang='lat' dir='ltr'>CORRECTIO</span> 
     </span>
    </p>
   </div>
   <div class='ocr_carea' id='block_1_56' title="bbox 371 4995 1951 5077">
    <p class='ocr_par' dir='ltr' id='par_1_56' title="bbox 371 4995 1951 5077">
     <span class='ocr_line' id='line_1_56' title="bbox 371 4995 1951 5077; baseline 0.008 -26"><span class='ocrx_word' id='word_1_347' title='bbox 371 4996 414 5065; x_wconf 73' lang='grc' dir='ltr'>-ι-</span> <span class='ocrx_word' id='word_1_348' title='bbox 441 4995 499 5052; x_wconf 90' lang='lat' dir='ltr'>Si</span> <span class='ocrx_word' id='word_1_349' title='bbox 529 4995 863 5053; x_wconf 88' lang='lat' dir='ltr'>secundum</span> <span class='ocrx_word' id='word_1_350' title='bbox 912 5001 966 5054; x_wconf 90' lang='lat' dir='ltr'>te</span> <span class='ocrx_word' id='word_1_351' title='bbox 1008 4999 1155 5056; x_wconf 89' lang='lat' dir='ltr'>nihil</span> <span class='ocrx_word' id='word_1_352' title='bbox 1202 5000 1368 5058; x_wconf 86' lang='lat' dir='ltr'>aliud</span> <span class='ocrx_word' id='word_1_353' title='bbox 1397 5006 1485 5060; x_wconf 87' lang='lat' dir='ltr'>est</span> <span class='ocrx_word' id='word_1_354' title='bbox 1510 5003 1951 5077; x_wconf 68' lang='lat' dir='ltr'>praedestinatio</span> 
     </span>
    </p>
   </div>
   <div class='ocr_carea' id='block_1_57' title="bbox 293 5086 1952 5169">
    <p class='ocr_par' dir='ltr' id='par_1_57' title="bbox 293 5086 1952 5169">
     <span class='ocr_line' id='line_1_57' title="bbox 293 5086 1952 5169; baseline 0.008 -31"><span class='ocrx_word' id='word_1_355' title='bbox 293 5097 486 5155; x_wconf 85' lang='lat' dir='ltr'>quam</span> <span class='ocrx_word' id='word_1_356' title='bbox 511 5086 891 5158; x_wconf 70' lang='lat' dir='ltr'>prmparatio,</span> <span class='ocrx_word' id='word_1_357' title='bbox 921 5087 1193 5157; x_wconf 81' lang='lat' dir='ltr'>cogimur</span> <span class='ocrx_word' id='word_1_358' title='bbox 1218 5090 1281 5147; x_wconf 90' lang='lat' dir='ltr'>in</span> <span class='ocrx_word' id='word_1_359' title='bbox 1318 5092 1433 5149; x_wconf 89' lang='lat' dir='ltr'>hac</span> <span class='ocrx_word' id='word_1_360' title='bbox 1462 5097 1567 5150; x_wconf 89' lang='lat' dir='ltr'>tua</span> <span class='ocrx_word' id='word_1_361' title='bbox 1587 5095 1952 5169; x_wconf 83' lang='lat' dir='ltr'>expositione</span> 
     </span>
    </p>
   </div>
   <div class='ocr_carea' id='block_1_58' title="bbox 294 5171 1954 5257">
    <p class='ocr_par' dir='ltr' id='par_1_58' title="bbox 294 5171 1954 5257">
     <span class='ocr_line' id='line_1_58' title="bbox 294 5171 1954 5257; baseline 0.008 -30"><span class='ocrx_word' id='word_1_362' title='bbox 294 5171 623 5244; x_wconf 84' lang='lat' dir='ltr'>intelligere</span> <span class='ocrx_word' id='word_1_363' title='bbox 645 5176 833 5233; x_wconf 91' lang='lat' dir='ltr'>Deum</span> <span class='ocrx_word' id='word_1_364' title='bbox 853 5175 1005 5232; x_wconf 88' lang='lat' dir='ltr'>sicut</span> <span class='ocrx_word' id='word_1_365' title='bbox 1016 5193 1410 5251; x_wconf 73' lang='lat' dir='ltr'>praeparasse,</span> <span class='ocrx_word' id='word_1_366' title='bbox 1432 5182 1493 5238; x_wconf 93' lang='lat' dir='ltr'>id</span> <span class='ocrx_word' id='word_1_367' title='bbox 1521 5187 1610 5239; x_wconf 88' lang='lat' dir='ltr'>est</span> <span class='ocrx_word' id='word_1_368' title='bbox 1627 5184 1845 5257; x_wconf 88' lang='lat' dir='ltr'>impios</span> <span class='ocrx_word' id='word_1_369' title='bbox 1873 5183 1954 5241; x_wconf 89' lang='lat' dir='ltr'>ad</span> 
     </span>
    </p>
   </div>
   <div class='ocr_carea' id='block_1_59' title="bbox 296 5263 1956 5344">
    <p class='ocr_par' dir='ltr' id='par_1_59' title="bbox 296 5263 1956 5344">
     <span class='ocr_line' id='line_1_59' title="bbox 296 5263 1956 5344; baseline 0.008 -26"><span class='ocrx_word' id='word_1_370' title='bbox 296 5275 546 5334; x_wconf 68' lang='lat' dir='ltr'>poenam</span> <span class='ocrx_word' id='word_1_371' title='bbox 565 5263 795 5338; x_wconf 85' lang='lat' dir='ltr'>seipsos</span> <span class='ocrx_word' id='word_1_372' title='bbox 814 5280 1152 5338; x_wconf 65' lang='lat' dir='ltr'>praeparare</span> <span class='ocrx_word' id='word_1_373' title='bbox 1172 5270 1536 5341; x_wconf 79' lang='lat' dir='ltr'>permisisse,</span> <span class='ocrx_word' id='word_1_374' title='bbox 1549 5271 1632 5328; x_wconf 87' lang='lat' dir='ltr'>ita</span> <span class='ocrx_word' id='word_1_375' title='bbox 1651 5272 1956 5344; x_wconf 69' lang='lat' dir='ltr'>praedesti-</span> 
     </span>
    </p>
   </div>
   <div class='ocr_carea' id='block_1_60' title="bbox 296 5352 1954 5433">
    <p class='ocr_par' dir='ltr' id='par_1_60' title="bbox 296 5352 1954 5433">
     <span class='ocr_line' id='line_1_60' title="bbox 296 5352 1954 5433; baseline 0.006 -26"><span class='ocrx_word' id='word_1_376' title='bbox 296 5352 576 5418; x_wconf 85' lang='lat' dir='ltr'>nasse,id</span> <span class='ocrx_word' id='word_1_377' title='bbox 597 5356 686 5410; x_wconf 85' lang='lat' dir='ltr'>est</span> <span class='ocrx_word' id='word_1_378' title='bbox 705 5368 808 5410; x_wconf 86' lang='lat' dir='ltr'>eos</span> <span class='ocrx_word' id='word_1_379' title='bbox 829 5353 906 5411; x_wconf 86' lang='lat' dir='ltr'>ad</span> <span class='ocrx_word' id='word_1_380' title='bbox 925 5369 1062 5412; x_wconf 88' lang='lat' dir='ltr'>eam</span> <span class='ocrx_word' id='word_1_381' title='bbox 1092 5372 1158 5412; x_wconf 88' lang='lat' dir='ltr'>se</span> <span class='ocrx_word' id='word_1_382' title='bbox 1185 5356 1352 5430; x_wconf 86' lang='lat' dir='ltr'>ipsos</span> <span class='ocrx_word' id='word_1_383' title='bbox 1374 5358 1799 5430; x_wconf 64' lang='lat' dir='ltr'>prmdestinare</span> <span class='ocrx_word' id='word_1_384' title='bbox 1823 5376 1954 5433; x_wconf 88' lang='lat' dir='ltr'>per-</span> 
     </span>
    </p>
   </div>
   <div class='ocr_carea' id='block_1_61' title="bbox 296 5439 1955 5520">
    <p class='ocr_par' dir='ltr' id='par_1_61' title="bbox 296 5439 1955 5520">
     <span class='ocr_line' id='line_1_61' title="bbox 296 5439 1955 5520; baseline 0.007 -24"><span class='ocrx_word' id='word_1_385' title='bbox 296 5439 556 5499; x_wconf 87' lang='lat' dir='ltr'>misisse.</span> <span class='ocrx_word' id='word_1_386' title='bbox 580 5445 648 5499; x_wconf 85' lang='lat' dir='ltr'>Et</span> <span class='ocrx_word' id='word_1_387' title='bbox 666 5447 1101 5515; x_wconf 83' lang='lat' dir='ltr'>consequenter</span> <span class='ocrx_word' id='word_1_388' title='bbox 1112 5451 1406 5504; x_wconf 86' lang='lat' dir='ltr'>evertetur</span> <span class='ocrx_word' id='word_1_389' title='bbox 1426 5447 1594 5520; x_wconf 90' lang='lat' dir='ltr'>quod</span> <span class='ocrx_word' id='word_1_390' title='bbox 1616 5449 1794 5505; x_wconf 85' lang='lat' dir='ltr'>tantis</span> <span class='ocrx_word' id='word_1_391' title='bbox 1818 5450 1955 5509; x_wconf 89' lang='lat' dir='ltr'>alle-</span> 
     </span>
    </p>
   </div>
   <div class='ocr_carea' id='block_1_62' title="bbox 301 5530 1956 5609">
    <p class='ocr_par' dir='ltr' id='par_1_62' title="bbox 301 5530 1956 5609">
     <span class='ocr_line' id='line_1_62' title="bbox 301 5530 1956 5609; baseline 0.008 -25"><span class='ocrx_word' id='word_1_392' title='bbox 301 5530 644 5599; x_wconf 86' lang='lat' dir='ltr'>gationibus</span> <span class='ocrx_word' id='word_1_393' title='bbox 688 5532 924 5589; x_wconf 84' lang='lat' dir='ltr'>conaris</span> <span class='ocrx_word' id='word_1_394' title='bbox 966 5532 1234 5591; x_wconf 73' lang='lat' dir='ltr'>edicere:</span> <span class='ocrx_word' id='word_1_395' title='bbox 1285 5535 1869 5609; x_wconf 69' lang='lat' dir='ltr'>praedestinationem</span> <span class='ocrx_word' id='word_1_396' title='bbox 1898 5545 1956 5598; x_wconf 87' lang='lat' dir='ltr'>et</span> 
     </span>
    </p>
   </div>
   <div class='ocr_carea' id='block_1_63' title="bbox 296 5620 1951 5697">
    <p class='ocr_par' dir='ltr' id='par_1_63' title="bbox 296 5620 1951 5697">
     <span class='ocr_line' id='line_1_63' title="bbox 296 5620 1951 5697; baseline 0.004 -18"><span class='ocrx_word' id='word_1_397' title='bbox 296 5620 804 5691; x_wconf 67' lang='lat' dir='ltr'>preparationem</span> <span class='ocrx_word' id='word_1_398' title='bbox 822 5620 948 5688; x_wconf 85' lang='lat' dir='ltr'>Dei.</span> <span class='ocrx_word' id='word_1_399' title='bbox 966 5636 1094 5681; x_wconf 81' lang='lat' dir='ltr'>non</span> <span class='ocrx_word' id='word_1_400' title='bbox 1110 5622 1225 5681; x_wconf 82' lang='lat' dir='ltr'>nisi</span> <span class='ocrx_word' id='word_1_401' title='bbox 1242 5622 1786 5697; x_wconf 71' lang='lat' dir='ltr'>inelecﬁsetjnstis</span> <span class='ocrx_word' id='word_1_402' title='bbox 1802 5628 1951 5689; x_wconf 80' lang='lat' dir='ltr'>ﬁeri.</span> 
     </span>
    </p>
   </div>
   <div class='ocr_carea' id='block_1_64' title="bbox 2071 381 3722 475">
    <p class='ocr_par' dir='ltr' id='par_1_64' title="bbox 2071 381 3722 475">
     <span class='ocr_line' id='line_1_64' title="bbox 2071 381 3722 475; baseline 0.016 -41"><span class='ocrx_word' id='word_1_403' title='bbox 2071 381 2340 451; x_wconf 88' lang='lat' dir='ltr'>paratio;</span> <span class='ocrx_word' id='word_1_404' title='bbox 2390 386 2656 458; x_wconf 86' lang='lat' dir='ltr'>sequitur</span> <span class='ocrx_word' id='word_1_405' title='bbox 2703 394 2787 459; x_wconf 88' lang='lat' dir='ltr'>ut,</span> <span class='ocrx_word' id='word_1_406' title='bbox 2818 392 3341 463; x_wconf 86' lang='lat' dir='ltr'>quemadmodum</span> <span class='ocrx_word' id='word_1_407' title='bbox 3380 381 3722 475; x_wconf 67' lang='lat' dir='ltr'>prmparati,</span> 
     </span>
    </p>
   </div>
   <div class='ocr_carea' id='block_1_65' title="bbox 2073 468 3722 562">
    <p class='ocr_par' dir='ltr' id='par_1_65' title="bbox 2073 468 3722 562">
     <span class='ocr_line' id='line_1_65' title="bbox 2073 468 3722 562; baseline 0.017 -39"><span class='ocrx_word' id='word_1_408' title='bbox 2073 468 2135 562; x_wconf 79' lang='lat' dir='ltr'>id</span> <span class='ocrx_word' id='word_1_409' title='bbox 2164 476 2255 533; x_wconf 87' lang='lat' dir='ltr'>est</span> <span class='ocrx_word' id='word_1_410' title='bbox 2281 476 2536 562; x_wconf 77' lang='lat' dir='ltr'>praepari</span> <span class='ocrx_word' id='word_1_411' title='bbox 2565 492 2602 533; x_wconf 89' lang='lat' dir='ltr'>a</span> <span class='ocrx_word' id='word_1_412' title='bbox 2629 477 2844 550; x_wconf 84' lang='lat' dir='ltr'>seipsis</span> <span class='ocrx_word' id='word_1_413' title='bbox 2872 481 2950 538; x_wconf 91' lang='lat' dir='ltr'>ad</span> <span class='ocrx_word' id='word_1_414' title='bbox 2979 497 3225 556; x_wconf 78' lang='lat' dir='ltr'>pmuam</span> <span class='ocrx_word' id='word_1_415' title='bbox 3251 468 3528 558; x_wconf 77' lang='lat' dir='ltr'>permissi</span> <span class='ocrx_word' id='word_1_416' title='bbox 3549 468 3722 562; x_wconf 50' lang='lat' dir='ltr'>sunt;</span> 
     </span>
    </p>
   </div>
   <div class='ocr_carea' id='block_1_66' title="bbox 2072 556 3726 647">
    <p class='ocr_par' dir='ltr' id='par_1_66' title="bbox 2072 556 3726 647">
     <span class='ocr_line' id='line_1_66' title="bbox 2072 556 3726 647; baseline 0.015 -34"><span class='ocrx_word' id='word_1_417' title='bbox 2072 556 2153 614; x_wconf 90' lang='lat' dir='ltr'>ita</span> <span class='ocrx_word' id='word_1_418' title='bbox 2180 561 2392 632; x_wconf 87' lang='lat' dir='ltr'>procul</span> <span class='ocrx_word' id='word_1_419' title='bbox 2435 562 2622 621; x_wconf 92' lang='lat' dir='ltr'>dubio</span> <span class='ocrx_word' id='word_1_420' title='bbox 2652 567 3076 639; x_wconf 76' lang='lat' dir='ltr'>praedestinati,</span> <span class='ocrx_word' id='word_1_421' title='bbox 3103 572 3164 629; x_wconf 89' lang='lat' dir='ltr'>id</span> <span class='ocrx_word' id='word_1_422' title='bbox 3194 556 3285 631; x_wconf 69' lang='lat' dir='ltr'>est</span> <span class='ocrx_word' id='word_1_423' title='bbox 3310 556 3726 647; x_wconf 75' lang='lat' dir='ltr'>praedestinari</span> 
     </span>
    </p>
   </div>
   <div class='ocr_carea' id='block_1_67' title="bbox 2071 648 3721 735">
    <p class='ocr_par' dir='ltr' id='par_1_67' title="bbox 2071 648 3721 735">
     <span class='ocr_line' id='line_1_67' title="bbox 2071 648 3721 735; baseline 0.015 -33"><span class='ocrx_word' id='word_1_424' title='bbox 2071 662 2108 702; x_wconf 88' lang='lat' dir='ltr'>a</span> <span class='ocrx_word' id='word_1_425' title='bbox 2156 648 2366 722; x_wconf 84' lang='lat' dir='ltr'>seipsis</span> <span class='ocrx_word' id='word_1_426' title='bbox 2414 652 2493 708; x_wconf 90' lang='lat' dir='ltr'>ad</span> <span class='ocrx_word' id='word_1_427' title='bbox 2539 669 2785 725; x_wconf 78' lang='lat' dir='ltr'>pmnam</span> <span class='ocrx_word' id='word_1_428' title='bbox 2827 658 3123 729; x_wconf 85' lang='lat' dir='ltr'>permissi,</span> <span class='ocrx_word' id='word_1_429' title='bbox 3168 661 3537 735; x_wconf 84' lang='lat' dir='ltr'>intelligendi</span> <span class='ocrx_word' id='word_1_430' title='bbox 3586 668 3721 731; x_wconf 76' lang='lat' dir='ltr'>sint.</span> 
     </span>
    </p>
   </div>
   <div class='ocr_carea' id='block_1_68' title="bbox 2075 738 3725 820">
    <p class='ocr_par' dir='ltr' id='par_1_68' title="bbox 2075 738 3725 820">
     <span class='ocr_line' id='line_1_68' title="bbox 2075 738 3725 820; baseline 0.018 -30"><span class='ocrx_word' id='word_1_431' title='bbox 2075 738 2174 792; x_wconf 85' lang='lat' dir='ltr'>Est</span> <span class='ocrx_word' id='word_1_432' title='bbox 2217 743 2419 797; x_wconf 86' lang='lat' dir='ltr'>autem</span> <span class='ocrx_word' id='word_1_433' title='bbox 2470 742 2722 813; x_wconf 88' lang='lat' dir='ltr'>malum,</span> <span class='ocrx_word' id='word_1_434' title='bbox 2753 750 2828 813; x_wconf 88' lang='lat' dir='ltr'>et,</span> <span class='ocrx_word' id='word_1_435' title='bbox 2861 752 2926 804; x_wconf 91' lang='lat' dir='ltr'>ut</span> <span class='ocrx_word' id='word_1_436' title='bbox 2974 748 3058 805; x_wconf 89' lang='lat' dir='ltr'>ita</span> <span class='ocrx_word' id='word_1_437' title='bbox 3101 750 3375 820; x_wconf 83' lang='lat' dir='ltr'>dixerim,</span> <span class='ocrx_word' id='word_1_438' title='bbox 3425 756 3725 819; x_wconf 83' lang='lat' dir='ltr'>malorum</span> 
     </span>
    </p>
   </div>
   <div class='ocr_carea' id='block_1_69' title="bbox 2070 826 3725 915">
    <p class='ocr_par' dir='ltr' id='par_1_69' title="bbox 2070 826 3725 915">
     <span class='ocr_line' id='line_1_69' title="bbox 2070 826 3725 915; baseline 0.016 -36"><span class='ocrx_word' id='word_1_439' title='bbox 2070 826 2344 883; x_wconf 90' lang='lat' dir='ltr'>omnium</span> <span class='ocrx_word' id='word_1_440' title='bbox 2395 832 2749 904; x_wconf 88' lang='lat' dir='ltr'>pessimum,</span> <span class='ocrx_word' id='word_1_441' title='bbox 2784 851 3124 910; x_wconf 71' lang='lat' dir='ltr'>prmparare</span> <span class='ocrx_word' id='word_1_442' title='bbox 3168 840 3264 897; x_wconf 83' lang='lat' dir='ltr'>vel</span> <span class='ocrx_word' id='word_1_443' title='bbox 3305 843 3725 915; x_wconf 78' lang='lat' dir='ltr'>praedestinare</span> 
     </span>
    </p>
   </div>
   <div class='ocr_carea' id='block_1_70' title="bbox 2070 917 3723 1009">
    <p class='ocr_par' dir='ltr' id='par_1_70' title="bbox 2070 917 3723 1009">
     <span class='ocr_line' id='line_1_70' title="bbox 2070 917 3723 1009; baseline 0.015 -39"><span class='ocrx_word' id='word_1_444' title='bbox 2070 929 2134 971; x_wconf 86' lang='lat' dir='ltr'>se</span> <span class='ocrx_word' id='word_1_445' title='bbox 2161 917 2492 989; x_wconf 84' lang='lat' dir='ltr'>quemlibet</span> <span class='ocrx_word' id='word_1_446' title='bbox 2519 921 2598 977; x_wconf 91' lang='lat' dir='ltr'>ad</span> <span class='ocrx_word' id='word_1_447' title='bbox 2623 938 2887 996; x_wconf 75' lang='lat' dir='ltr'>pmnam,</span> <span class='ocrx_word' id='word_1_448' title='bbox 2919 926 2999 982; x_wconf 90' lang='lat' dir='ltr'>ad</span> <span class='ocrx_word' id='word_1_449' title='bbox 3026 944 3213 1001; x_wconf 89' lang='lat' dir='ltr'>quam</span> <span class='ocrx_word' id='word_1_450' title='bbox 3260 931 3462 989; x_wconf 84' lang='lat' dir='ltr'>nullus</span> <span class='ocrx_word' id='word_1_451' title='bbox 3487 951 3723 1009; x_wconf 77' lang='lat' dir='ltr'>praepa-</span> 
     </span>
    </p>
   </div>
   <div class='ocr_carea' id='block_1_71' title="bbox 2069 1009 3725 1098">
    <p class='ocr_par' dir='ltr' id='par_1_71' title="bbox 2069 1009 3725 1098">
     <span class='ocr_line' id='line_1_71' title="bbox 2069 1009 3725 1098; baseline 0.015 -38"><span class='ocrx_word' id='word_1_452' title='bbox 2069 1010 2237 1065; x_wconf 82' lang='lat' dir='ltr'>ratur</span> <span class='ocrx_word' id='word_1_453' title='bbox 2264 1024 2300 1064; x_wconf 88' lang='lat' dir='ltr'>a</span> <span class='ocrx_word' id='word_1_454' title='bbox 2327 1024 2389 1065; x_wconf 90' lang='lat' dir='ltr'>se</span> <span class='ocrx_word' id='word_1_455' title='bbox 2419 1009 2512 1066; x_wconf 89' lang='lat' dir='ltr'>vel</span> <span class='ocrx_word' id='word_1_456' title='bbox 2540 1013 3001 1084; x_wconf 71' lang='lat' dir='ltr'>prmdestinatur</span> <span class='ocrx_word' id='word_1_457' title='bbox 3028 1018 3143 1074; x_wconf 86' lang='lat' dir='ltr'>nisi</span> <span class='ocrx_word' id='word_1_458' title='bbox 3190 1021 3354 1081; x_wconf 89' lang='lat' dir='ltr'>mala</span> <span class='ocrx_word' id='word_1_459' title='bbox 3379 1030 3725 1098; x_wconf 87' lang='lat' dir='ltr'>perpetran-</span> 
     </span>
    </p>
   </div>
   <div class='ocr_carea' id='block_1_72' title="bbox 2070 1095 3721 1183">
    <p class='ocr_par' dir='ltr' id='par_1_72' title="bbox 2070 1095 3721 1183">
     <span class='ocr_line' id='line_1_72' title="bbox 2070 1095 3721 1183; baseline 0.014 -32"><span class='ocrx_word' id='word_1_460' title='bbox 2070 1095 2170 1164; x_wconf 90' lang='lat' dir='ltr'>do,</span> <span class='ocrx_word' id='word_1_461' title='bbox 2201 1097 2262 1153; x_wconf 87' lang='lat' dir='ltr'>id</span> <span class='ocrx_word' id='word_1_462' title='bbox 2289 1102 2378 1154; x_wconf 88' lang='lat' dir='ltr'>est</span> <span class='ocrx_word' id='word_1_463' title='bbox 2400 1102 2709 1173; x_wconf 87' lang='lat' dir='ltr'>peccando</span> <span class='ocrx_word' id='word_1_464' title='bbox 2733 1121 2746 1159; x_wconf 90' lang='lat'><strong>:</strong></span> <span class='ocrx_word' id='word_1_465' title='bbox 2781 1106 2847 1161; x_wconf 86' lang='lat' dir='ltr'>Et</span> <span class='ocrx_word' id='word_1_466' title='bbox 2875 1106 3022 1177; x_wconf 88' lang='lat' dir='ltr'>quid</span> <span class='ocrx_word' id='word_1_467' title='bbox 3044 1106 3222 1166; x_wconf 80' lang='lat' dir='ltr'>facies</span> <span class='ocrx_word' id='word_1_468' title='bbox 3247 1095 3721 1183; x_wconf 67' lang='lat' dir='ltr'>praeclarissime:</span> 
     </span>
    </p>
   </div>
   <div class='ocr_carea' id='block_1_73' title="bbox 2070 1187 3722 1269">
    <p class='ocr_par' dir='ltr' id='par_1_73' title="bbox 2070 1187 3722 1269">
     <span class='ocr_line' id='line_1_73' title="bbox 2070 1187 3722 1269; baseline 0.012 -28"><span class='ocrx_word' id='word_1_469' title='bbox 2070 1187 2427 1259; x_wconf 80' lang='lat' dir='ltr'>expositioni</span> <span class='ocrx_word' id='word_1_470' title='bbox 2475 1193 2611 1259; x_wconf 60' lang='lat' dir='ltr'>tute,</span> <span class='ocrx_word' id='word_1_471' title='bbox 2656 1208 2780 1264; x_wconf 87' lang='lat' dir='ltr'>qua</span> <span class='ocrx_word' id='word_1_472' title='bbox 2835 1198 2980 1262; x_wconf 88' lang='lat' dir='ltr'>tam,</span> <span class='ocrx_word' id='word_1_473' title='bbox 3036 1198 3413 1269; x_wconf 87' lang='lat' dir='ltr'>pertinaciter</span> <span class='ocrx_word' id='word_1_474' title='bbox 3459 1208 3722 1263; x_wconf 86' lang='lat' dir='ltr'>astruere</span> 
     </span>
    </p>
   </div>
   <div class='ocr_carea' id='block_1_74' title="bbox 2069 1276 3721 1362">
    <p class='ocr_par' dir='ltr' id='par_1_74' title="bbox 2069 1276 3721 1362">
     <span class='ocr_line' id='line_1_74' title="bbox 2069 1276 3721 1362; baseline 0.012 -31"><span class='ocrx_word' id='word_1_475' title='bbox 2069 1276 2301 1334; x_wconf 84' lang='lat' dir='ltr'>subiisti</span> <span class='ocrx_word' id='word_1_476' title='bbox 2342 1281 2951 1353; x_wconf 66' lang='lat' dir='ltr'>praedestinationem,</span> <span class='ocrx_word' id='word_1_477' title='bbox 2985 1293 3041 1343; x_wconf 91' lang='lat' dir='ltr'>et</span> <span class='ocrx_word' id='word_1_478' title='bbox 3086 1292 3605 1362; x_wconf 70' lang='lat' dir='ltr'>praeparationem,</span> <span class='ocrx_word' id='word_1_479' title='bbox 3650 1310 3721 1352; x_wconf 90' lang='lat' dir='ltr'>ac</span> 
     </span>
    </p>
   </div>
   <div class='ocr_carea' id='block_1_75' title="bbox 2069 1368 3721 1459">
    <p class='ocr_par' dir='ltr' id='par_1_75' title="bbox 2069 1368 3721 1459">
     <span class='ocr_line' id='line_1_75' title="bbox 2069 1368 3721 1459; baseline 0.013 -38"><span class='ocrx_word' id='word_1_480' title='bbox 2069 1368 2509 1442; x_wconf 82' lang='lat' dir='ltr'>praevisionem,</span> <span class='ocrx_word' id='word_1_481' title='bbox 2538 1373 2655 1441; x_wconf 89' lang='lat' dir='ltr'>Dei,</span> <span class='ocrx_word' id='word_1_482' title='bbox 2679 1389 2802 1430; x_wconf 92' lang='lat' dir='ltr'>non</span> <span class='ocrx_word' id='word_1_483' title='bbox 2827 1376 2944 1432; x_wconf 89' lang='lat' dir='ltr'>nisi</span> <span class='ocrx_word' id='word_1_484' title='bbox 2963 1377 3025 1433; x_wconf 90' lang='lat' dir='ltr'>in</span> <span class='ocrx_word' id='word_1_485' title='bbox 3053 1377 3250 1437; x_wconf 86' lang='lat' dir='ltr'>electis</span> <span class='ocrx_word' id='word_1_486' title='bbox 3276 1382 3468 1453; x_wconf 81' lang='lat' dir='ltr'>poni?</span> <span class='ocrx_word' id='word_1_487' title='bbox 3499 1386 3721 1459; x_wconf 83' lang='lat' dir='ltr'>Nempe</span> 
     </span>
    </p>
   </div>
   <div class='ocr_carea' id='block_1_76' title="bbox 2068 1456 2851 1531">
    <p class='ocr_par' dir='ltr' id='par_1_76' title="bbox 2068 1456 2851 1531">
     <span class='ocr_line' id='line_1_76' title="bbox 2068 1456 2851 1531; baseline 0.01 -20"><span class='ocrx_word' id='word_1_488' title='bbox 2068 1456 2251 1529; x_wconf 85' lang='lat' dir='ltr'>paulo</span> <span class='ocrx_word' id='word_1_489' title='bbox 2279 1459 2554 1531; x_wconf 86' lang='lat' dir='ltr'>superius</span> <span class='ocrx_word' id='word_1_490' title='bbox 2577 1461 2851 1519; x_wconf 86' lang='lat' dir='ltr'>dixeras:</span> 
     </span>
    </p>
   </div>
   <div class='ocr_carea' id='block_1_77' title="bbox 2636 1618 3149 1669">
    <p class='ocr_par' dir='ltr' id='par_1_77' title="bbox 2636 1618 3149 1669">
     <span class='ocr_line' id='line_1_77' title="bbox 2636 1618 3149 1669; baseline 0.012 -10"><span class='ocrx_word' id='word_1_491' title='bbox 2636 1618 2662 1663; x_wconf 74' lang='lat' dir='ltr'><strong>J</strong></span> <span class='ocrx_word' id='word_1_492' title='bbox 2670 1619 2777 1667; x_wconf 75' lang='grc' dir='ltr'>ΟΔΝ</span> <span class='ocrx_word' id='word_1_493' title='bbox 2784 1620 2881 1662; x_wconf 81' lang='lat' dir='ltr'>NES</span> <span class='ocrx_word' id='word_1_494' title='bbox 2921 1621 3128 1669; x_wconf 60' lang='lat' dir='ltr'>SCOTUS</span> <span class='ocrx_word' id='word_1_495' title='bbox 3136 1651 3149 1665; x_wconf 87' lang='lat'>.</span> 
     </span>
    </p>
   </div>
   <div class='ocr_carea' id='block_1_78' title="bbox 2138 1704 3721 1794">
    <p class='ocr_par' dir='ltr' id='par_1_78' title="bbox 2138 1704 3721 1794">
     <span class='ocr_line' id='line_1_78' title="bbox 2138 1704 3721 1794; baseline 0.012 -35"><span class='ocrx_word' id='word_1_496' title='bbox 2138 1704 2306 1777; x_wconf 83' lang='lat' dir='ltr'>(Cap.</span> <span class='ocrx_word' id='word_1_497' title='bbox 2368 1709 2451 1773; x_wconf 87' lang='lat' dir='ltr'>t8,</span> <span class='ocrx_word' id='word_1_498' title='bbox 2492 1723 2660 1769; x_wconf 84' lang='lat' dir='ltr'>num.</span> <span class='ocrx_word' id='word_1_499' title='bbox 2700 1714 2781 1775; x_wconf 84' lang='grc'>15,</span> <span class='ocrx_word' id='word_1_500' title='bbox 2824 1716 2964 1771; x_wconf 84' lang='lat' dir='ltr'>sect.</span> <span class='ocrx_word' id='word_1_501' title='bbox 3011 1716 3090 1783; x_wconf 90' lang='lat'>8.)</span> <span class='ocrx_word' id='word_1_502' title='bbox 3141 1720 3180 1770; x_wconf 91' lang='lat'>6</span> <span class='ocrx_word' id='word_1_503' title='bbox 3222 1717 3498 1777; x_wconf 85' lang='lat' dir='ltr'>Omnium</span> <span class='ocrx_word' id='word_1_504' title='bbox 3531 1722 3721 1794; x_wconf 81' lang='lat' dir='ltr'>igitur</span> 
     </span>
    </p>
   </div>
   <div class='ocr_carea' id='block_1_79' title="bbox 2067 1796 3717 1870">
    <p class='ocr_par' dir='ltr' id='par_1_79' title="bbox 2067 1796 3717 1870">
     <span class='ocr_line' id='line_1_79' title="bbox 2067 1796 3717 1870; baseline 0.012 -22"><span class='ocrx_word' id='word_1_505' title='bbox 2067 1808 2213 1864; x_wconf 85' lang='lat' dir='ltr'>quos</span> <span class='ocrx_word' id='word_1_506' title='bbox 2257 1796 2415 1853; x_wconf 85' lang='lat' dir='ltr'>Deus</span> <span class='ocrx_word' id='word_1_507' title='bbox 2472 1799 2718 1868; x_wconf 86' lang='lat' dir='ltr'>creavit,</span> <span class='ocrx_word' id='word_1_508' title='bbox 2767 1802 3229 1870; x_wconf 62' lang='lat' dir='ltr'>prmdestinatus</span> <span class='ocrx_word' id='word_1_509' title='bbox 3280 1813 3365 1865; x_wconf 85' lang='lat' dir='ltr'>est</span> <span class='ocrx_word' id='word_1_510' title='bbox 3414 1825 3717 1868; x_wconf 82' lang='lat' dir='ltr'>numerus.</span> 
     </span>
    </p>
   </div>
   <div class='ocr_carea' id='block_1_80' title="bbox 2066 1885 3718 1964">
    <p class='ocr_par' dir='ltr' id='par_1_80' title="bbox 2066 1885 3718 1964">
     <span class='ocr_line' id='line_1_80' title="bbox 2066 1885 3718 1964; baseline 0.011 -24"><span class='ocrx_word' id='word_1_511' title='bbox 2066 1885 2205 1954; x_wconf 87' lang='lat' dir='ltr'>Sed,</span> <span class='ocrx_word' id='word_1_512' title='bbox 2235 1887 2516 1958; x_wconf 85' lang='lat' dir='ltr'>quoniam</span> <span class='ocrx_word' id='word_1_513' title='bbox 2549 1887 2839 1946; x_wconf 82' lang='lat' dir='ltr'>Conditor</span> <span class='ocrx_word' id='word_1_514' title='bbox 2859 1893 3141 1960; x_wconf 74' lang='lat' dir='ltr'>praevidit</span> <span class='ocrx_word' id='word_1_515' title='bbox 3172 1896 3365 1964; x_wconf 84' lang='lat' dir='ltr'>ipsum</span> <span class='ocrx_word' id='word_1_516' title='bbox 3404 1914 3718 1957; x_wconf 84' lang='lat' dir='ltr'>numerum</span> 
     </span>
    </p>
   </div>
   <div class='ocr_carea' id='block_1_81' title="bbox 2068 1974 3716 2061">
    <p class='ocr_par' dir='ltr' id='par_1_81' title="bbox 2068 1974 3716 2061">
     <span class='ocr_line' id='line_1_81' title="bbox 2068 1974 3716 2061; baseline 0.01 -32"><span class='ocrx_word' id='word_1_517' title='bbox 2068 1974 2133 2030; x_wconf 88' lang='lat' dir='ltr'>in</span> <span class='ocrx_word' id='word_1_518' title='bbox 2176 1976 2371 2043; x_wconf 86' lang='lat' dir='ltr'>primo</span> <span class='ocrx_word' id='word_1_519' title='bbox 2420 1977 2655 2039; x_wconf 81' lang='lat' dir='ltr'>homine</span> <span class='ocrx_word' id='word_1_520' title='bbox 2691 1981 3055 2049; x_wconf 83' lang='lat' dir='ltr'>generaliter</span> <span class='ocrx_word' id='word_1_521' title='bbox 3081 1984 3440 2058; x_wconf 87' lang='lat' dir='ltr'>periturum,</span> <span class='ocrx_word' id='word_1_522' title='bbox 3472 1994 3716 2061; x_wconf 67' lang='lat' dir='ltr'>excepto</span> 
     </span>
    </p>
   </div>
   <div class='ocr_carea' id='block_1_82' title="bbox 2070 2064 3717 2147">
    <p class='ocr_par' dir='ltr' id='par_1_82' title="bbox 2070 2064 3717 2147">
     <span class='ocr_line' id='line_1_82' title="bbox 2070 2064 3717 2147; baseline 0.01 -27"><span class='ocrx_word' id='word_1_523' title='bbox 2070 2064 2334 2121; x_wconf 85' lang='lat' dir='ltr'>vulneris</span> <span class='ocrx_word' id='word_1_524' title='bbox 2364 2066 2807 2138; x_wconf 84' lang='lat' dir='ltr'>medicamento,</span> <span class='ocrx_word' id='word_1_525' title='bbox 2839 2071 2999 2141; x_wconf 84' lang='lat' dir='ltr'>quod</span> <span class='ocrx_word' id='word_1_526' title='bbox 3027 2077 3111 2128; x_wconf 89' lang='lat' dir='ltr'>est</span> <span class='ocrx_word' id='word_1_527' title='bbox 3140 2072 3455 2146; x_wconf 81' lang='lat' dir='ltr'>Christus;</span> <span class='ocrx_word' id='word_1_528' title='bbox 3482 2079 3717 2147; x_wconf 75' lang='lat' dir='ltr'>prcede-</span> 
     </span>
    </p>
   </div>
   <div class='ocr_carea' id='block_1_83' title="bbox 2067 2153 3719 2236">
    <p class='ocr_par' dir='ltr' id='par_1_83' title="bbox 2067 2153 3719 2236">
     <span class='ocr_line' id='line_1_83' title="bbox 2067 2153 3719 2236; baseline 0.012 -30"><span class='ocrx_word' id='word_1_529' title='bbox 2067 2153 2332 2219; x_wconf 88' lang='lat' dir='ltr'>stinavit,</span> <span class='ocrx_word' id='word_1_530' title='bbox 2366 2153 2476 2209; x_wconf 85' lang='lat' dir='ltr'>hoc</span> <span class='ocrx_word' id='word_1_531' title='bbox 2504 2160 2589 2210; x_wconf 88' lang='lat' dir='ltr'>est</span> <span class='ocrx_word' id='word_1_532' title='bbox 2631 2161 2948 2227; x_wconf 88' lang='lat' dir='ltr'>antequam</span> <span class='ocrx_word' id='word_1_533' title='bbox 2974 2159 3187 2227; x_wconf 85' lang='lat' dir='ltr'>ﬁerent</span> <span class='ocrx_word' id='word_1_534' title='bbox 3224 2161 3511 2236; x_wconf 83' lang='lat' dir='ltr'>deﬁnivit,</span> <span class='ocrx_word' id='word_1_535' title='bbox 3544 2172 3598 2222; x_wconf 90' lang='lat' dir='ltr'>et</span> <span class='ocrx_word' id='word_1_536' title='bbox 3628 2181 3719 2227; x_wconf 87' lang='lat' dir='ltr'>eo-</span> 
     </span>
    </p>
   </div>
   <div class='ocr_carea' id='block_1_84' title="bbox 2068 2251 3718 2319">
    <p class='ocr_par' dir='ltr' id='par_1_84' title="bbox 2068 2251 3718 2319">
     <span class='ocr_line' id='line_1_84' title="bbox 2068 2251 3718 2319; baseline 0.009 -22"><span class='ocrx_word' id='word_1_537' title='bbox 2068 2257 2204 2298; x_wconf 88' lang='lat' dir='ltr'>rum</span> <span class='ocrx_word' id='word_1_538' title='bbox 2233 2258 2548 2303; x_wconf 81' lang='lat' dir='ltr'>numerum</span> <span class='ocrx_word' id='word_1_539' title='bbox 2576 2260 2721 2315; x_wconf 86' lang='lat' dir='ltr'>quos</span> <span class='ocrx_word' id='word_1_540' title='bbox 2748 2261 2858 2303; x_wconf 89' lang='lat' dir='ltr'>sua</span> <span class='ocrx_word' id='word_1_541' title='bbox 2893 2251 3096 2318; x_wconf 69' lang='lat' dir='ltr'>gtatia</span> <span class='ocrx_word' id='word_1_542' title='bbox 3127 2251 3512 2319; x_wconf 84' lang='lat' dir='ltr'>liberaturus,</span> <span class='ocrx_word' id='word_1_543' title='bbox 3540 2261 3596 2315; x_wconf 88' lang='lat' dir='ltr'>et</span> <span class='ocrx_word' id='word_1_544' title='bbox 3623 2271 3718 2312; x_wconf 88' lang='lat' dir='ltr'>eo-</span> 
     </span>
    </p>
   </div>
   <div class='ocr_carea' id='block_1_85' title="bbox 2069 2335 3717 2403">
    <p class='ocr_par' dir='ltr' id='par_1_85' title="bbox 2069 2335 3717 2403">
     <span class='ocr_line' id='line_1_85' title="bbox 2069 2335 3717 2403; baseline 0.01 -15"><span class='ocrx_word' id='word_1_545' title='bbox 2069 2346 2203 2389; x_wconf 85' lang='lat' dir='ltr'>rum</span> <span class='ocrx_word' id='word_1_546' title='bbox 2232 2347 2377 2403; x_wconf 80' lang='lat' dir='ltr'>quos</span> <span class='ocrx_word' id='word_1_547' title='bbox 2418 2348 2530 2390; x_wconf 86' lang='lat' dir='ltr'>sua</span> <span class='ocrx_word' id='word_1_548' title='bbox 2548 2335 2792 2403; x_wconf 85' lang='lat' dir='ltr'>justitia</span> <span class='ocrx_word' id='word_1_549' title='bbox 2819 2337 3179 2396; x_wconf 82' lang='lat' dir='ltr'>relicturus:</span> <span class='ocrx_word' id='word_1_550' title='bbox 3222 2341 3284 2396; x_wconf 86' lang='lat' dir='ltr'>in</span> <span class='ocrx_word' id='word_1_551' title='bbox 3314 2342 3442 2402; x_wconf 80' lang='lat' dir='ltr'>istis</span> <span class='ocrx_word' id='word_1_552' title='bbox 3467 2344 3717 2403; x_wconf 86' lang='lat' dir='ltr'>clemen-</span> 
     </span>
    </p>
   </div>
   <div class='ocr_carea' id='block_1_86' title="bbox 2069 2422 3714 2507">
    <p class='ocr_par' dir='ltr' id='par_1_86' title="bbox 2069 2422 3714 2507">
     <span class='ocr_line' id='line_1_86' title="bbox 2069 2422 3714 2507; baseline 0.012 -32"><span class='ocrx_word' id='word_1_553' title='bbox 2069 2423 2166 2477; x_wconf 63' lang='lat' dir='ltr'>tia?</span> <span class='ocrx_word' id='word_1_554' title='bbox 2191 2435 2314 2477; x_wconf 65' lang='lat' dir='ltr'>suae</span> <span class='ocrx_word' id='word_1_555' title='bbox 2353 2422 2514 2480; x_wconf 86' lang='lat' dir='ltr'>dona</span> <span class='ocrx_word' id='word_1_556' title='bbox 2561 2423 2837 2495; x_wconf 84' lang='lat' dir='ltr'>daturus,</span> <span class='ocrx_word' id='word_1_557' title='bbox 2864 2428 2926 2482; x_wconf 87' lang='lat' dir='ltr'>in</span> <span class='ocrx_word' id='word_1_558' title='bbox 2957 2427 3081 2483; x_wconf 79' lang='lat' dir='ltr'>illis</span> <span class='ocrx_word' id='word_1_559' title='bbox 3110 2434 3347 2489; x_wconf 67' lang='lat' dir='ltr'>natura</span> <span class='ocrx_word' id='word_1_560' title='bbox 3380 2447 3714 2507; x_wconf 81' lang='lat' dir='ltr'>numerum,</span> 
     </span>
    </p>
   </div>
   <div class='ocr_carea' id='block_1_87' title="bbox 2066 2511 3415 2588">
    <p class='ocr_par' dir='ltr' id='par_1_87' title="bbox 2066 2511 3415 2588">
     <span class='ocr_line' id='line_1_87' title="bbox 2066 2511 3415 2588; baseline 0.007 -22"><span class='ocrx_word' id='word_1_561' title='bbox 2066 2524 2182 2580; x_wconf 87' lang='lat' dir='ltr'>quo</span> <span class='ocrx_word' id='word_1_562' title='bbox 2213 2511 2571 2573; x_wconf 79' lang='lat' dir='ltr'>universitas</span> <span class='ocrx_word' id='word_1_563' title='bbox 2597 2515 3008 2587; x_wconf 80' lang='lat' dir='ltr'>perﬁceretur,</span> <span class='ocrx_word' id='word_1_564' title='bbox 3038 2517 3415 2588; x_wconf 78' lang='lat' dir='ltr'>impleturus.</span> 
     </span>
    </p>
   </div>
   <div class='ocr_carea' id='block_1_88' title="bbox 2741 2670 3040 2713">
    <p class='ocr_par' dir='ltr' id='par_1_88' title="bbox 2741 2670 3040 2713">
     <span class='ocr_line' id='line_1_88' title="bbox 2741 2670 3040 2713; baseline 0.007 -2"><span class='ocrx_word' id='word_1_565' title='bbox 2741 2670 3040 2713; x_wconf 77' lang='lat' dir='ltr'>CORRECTIO</span> 
     </span>
    </p>
   </div>
   <div class='ocr_carea' id='block_1_89' title="bbox 2136 2762 3715 2843">
    <p class='ocr_par' dir='ltr' id='par_1_89' title="bbox 2136 2762 3715 2843">
     <span class='ocr_line' id='line_1_89' title="bbox 2136 2762 3715 2843; baseline 0.005 -22"><span class='ocrx_word' id='word_1_566' title='bbox 2136 2762 2177 2833; x_wconf 64' lang='lat'><strong>+</strong></span> <span class='ocrx_word' id='word_1_567' title='bbox 2202 2763 2347 2821; x_wconf 86' lang='lat' dir='ltr'>Ecce</span> <span class='ocrx_word' id='word_1_568' title='bbox 2376 2762 2647 2835; x_wconf 67' lang='lat' dir='ltr'>praevidit</span> <span class='ocrx_word' id='word_1_569' title='bbox 2675 2763 2737 2822; x_wconf 93' lang='lat' dir='ltr'>in</span> <span class='ocrx_word' id='word_1_570' title='bbox 2777 2764 2938 2823; x_wconf 89' lang='lat' dir='ltr'>malo</span> <span class='ocrx_word' id='word_1_571' title='bbox 2970 2767 3253 2843; x_wconf 87' lang='lat' dir='ltr'>positum,</span> <span class='ocrx_word' id='word_1_572' title='bbox 3284 2773 3448 2829; x_wconf 90' lang='lat' dir='ltr'>tanta</span> <span class='ocrx_word' id='word_1_573' title='bbox 3478 2771 3715 2831; x_wconf 88' lang='lat' dir='ltr'>eviden-</span> 
     </span>
    </p>
   </div>
   <div class='ocr_carea' id='block_1_90' title="bbox 2064 2848 3717 2934">
    <p class='ocr_par' dir='ltr' id='par_1_90' title="bbox 2064 2848 3717 2934">
     <span class='ocr_line' id='line_1_90' title="bbox 2064 2848 3717 2934; baseline 0.007 -28"><span class='ocrx_word' id='word_1_574' title='bbox 2064 2848 2146 2907; x_wconf 81' lang='lat' dir='ltr'>tia</span> <span class='ocrx_word' id='word_1_575' title='bbox 2170 2850 2439 2922; x_wconf 83' lang='lat' dir='ltr'>posuisti,</span> <span class='ocrx_word' id='word_1_576' title='bbox 2472 2854 2535 2907; x_wconf 90' lang='lat' dir='ltr'>ut</span> <span class='ocrx_word' id='word_1_577' title='bbox 2579 2867 2799 2923; x_wconf 86' lang='lat' dir='ltr'>negare</span> <span class='ocrx_word' id='word_1_578' title='bbox 2845 2870 3093 2927; x_wconf 89' lang='lat' dir='ltr'>prorsus</span> <span class='ocrx_word' id='word_1_579' title='bbox 3140 2857 3306 2915; x_wconf 91' lang='lat' dir='ltr'>nulla</span> <span class='ocrx_word' id='word_1_580' title='bbox 3342 2858 3717 2934; x_wconf 88' lang='lat' dir='ltr'>impudentia</span> 
     </span>
    </p>
   </div>
   <div class='ocr_carea' id='block_1_91' title="bbox 2065 2936 3714 3011">
    <p class='ocr_par' dir='ltr' id='par_1_91' title="bbox 2065 2936 3714 3011">
     <span class='ocr_line' id='line_1_91' title="bbox 2065 2936 3714 3011; baseline 0.008 -21"><span class='ocrx_word' id='word_1_581' title='bbox 2065 2936 2285 2995; x_wconf 85' lang='lat' dir='ltr'>valeas.</span> <span class='ocrx_word' id='word_1_582' title='bbox 2318 2937 2458 3002; x_wconf 86' lang='lat' dir='ltr'>Quis</span> <span class='ocrx_word' id='word_1_583' title='bbox 2479 2938 2638 2994; x_wconf 88' lang='lat' dir='ltr'>enim</span> <span class='ocrx_word' id='word_1_584' title='bbox 2663 2940 2876 3011; x_wconf 89' lang='lat' dir='ltr'>perire,</span> <span class='ocrx_word' id='word_1_585' title='bbox 2903 2942 3133 2999; x_wconf 89' lang='lat' dir='ltr'>malum</span> <span class='ocrx_word' id='word_1_586' title='bbox 3164 2960 3291 3000; x_wconf 89' lang='lat' dir='ltr'>esse</span> <span class='ocrx_word' id='word_1_587' title='bbox 3318 2961 3441 3002; x_wconf 93' lang='lat' dir='ltr'>non</span> <span class='ocrx_word' id='word_1_588' title='bbox 3464 2947 3714 3005; x_wconf 85' lang='lat' dir='ltr'>dixerit?</span> 
     </span>
    </p>
   </div>
   <div class='ocr_carea' id='block_1_92' title="bbox 2068 3024 3714 3108">
    <p class='ocr_par' dir='ltr' id='par_1_92' title="bbox 2068 3024 3714 3108">
     <span class='ocr_line' id='line_1_92' title="bbox 2068 3024 3714 3108; baseline 0.009 -28"><span class='ocrx_word' id='word_1_589' title='bbox 2068 3024 2118 3089; x_wconf 86' lang='lat' dir='ltr'>si</span> <span class='ocrx_word' id='word_1_590' title='bbox 2147 3040 2290 3097; x_wconf 83' lang='lat' dir='ltr'>ergo</span> <span class='ocrx_word' id='word_1_591' title='bbox 2333 3025 2486 3081; x_wconf 90' lang='lat' dir='ltr'>Deus</span> <span class='ocrx_word' id='word_1_592' title='bbox 2534 3027 2805 3098; x_wconf 81' lang='lat' dir='ltr'>praevidit</span> <span class='ocrx_word' id='word_1_593' title='bbox 2850 3027 3049 3103; x_wconf 90' lang='lat' dir='ltr'>ipsum</span> <span class='ocrx_word' id='word_1_594' title='bbox 3077 3046 3401 3091; x_wconf 80' lang='lat' dir='ltr'>numerum</span> <span class='ocrx_word' id='word_1_595' title='bbox 3425 3035 3487 3090; x_wconf 89' lang='lat' dir='ltr'>in</span> <span class='ocrx_word' id='word_1_596' title='bbox 3518 3036 3714 3108; x_wconf 83' lang='lat' dir='ltr'>primo</span> 
     </span>
    </p>
   </div>
   <div class='ocr_carea' id='block_1_93' title="bbox 2065 3113 3714 3193">
    <p class='ocr_par' dir='ltr' id='par_1_93' title="bbox 2065 3113 3714 3193">
     <span class='ocr_line' id='line_1_93' title="bbox 2065 3113 3714 3193; baseline 0.008 -24"><span class='ocrx_word' id='word_1_597' title='bbox 2065 3113 2307 3177; x_wconf 85' lang='lat' dir='ltr'>homine</span> <span class='ocrx_word' id='word_1_598' title='bbox 2366 3115 2717 3184; x_wconf 84' lang='lat' dir='ltr'>generaliter</span> <span class='ocrx_word' id='word_1_599' title='bbox 2765 3117 3111 3189; x_wconf 88' lang='lat' dir='ltr'>periturum,</span> <span class='ocrx_word' id='word_1_600' title='bbox 3174 3121 3437 3193; x_wconf 87' lang='lat' dir='ltr'>profecto</span> <span class='ocrx_word' id='word_1_601' title='bbox 3484 3125 3714 3182; x_wconf 88' lang='lat' dir='ltr'>malum</span> 
     </span>
    </p>
   </div>
   <div class='ocr_carea' id='block_1_94' title="bbox 2065 3202 3717 3282">
    <p class='ocr_par' dir='ltr' id='par_1_94' title="bbox 2065 3202 3717 3282">
     <span class='ocr_line' id='line_1_94' title="bbox 2065 3202 3717 3282; baseline 0.008 -25"><span class='ocrx_word' id='word_1_602' title='bbox 2065 3202 2359 3275; x_wconf 82' lang='lat' dir='ltr'>praevidit,</span> <span class='ocrx_word' id='word_1_603' title='bbox 2389 3208 2447 3259; x_wconf 91' lang='lat' dir='ltr'>et</span> <span class='ocrx_word' id='word_1_604' title='bbox 2492 3203 2561 3269; x_wconf 88' lang='lat' dir='ltr'>si,</span> <span class='ocrx_word' id='word_1_605' title='bbox 2602 3208 2669 3267; x_wconf 84' lang='lat' dir='ltr'>ut</span> <span class='ocrx_word' id='word_1_606' title='bbox 2705 3204 2896 3276; x_wconf 88' lang='lat' dir='ltr'>juras,</span> <span class='ocrx_word' id='word_1_607' title='bbox 2948 3204 3069 3267; x_wconf 88' lang='lat' dir='ltr'>imo</span> <span class='ocrx_word' id='word_1_608' title='bbox 3115 3208 3408 3282; x_wconf 84' lang='lat' dir='ltr'>perjuras,</span> <span class='ocrx_word' id='word_1_609' title='bbox 3451 3212 3597 3268; x_wconf 90' lang='lat' dir='ltr'>nihil</span> <span class='ocrx_word' id='word_1_610' title='bbox 3628 3218 3717 3271; x_wconf 88' lang='lat' dir='ltr'>est</span> 
     </span>
    </p>
   </div>
   <div class='ocr_carea' id='block_1_95' title="bbox 2066 3289 3715 3373">
    <p class='ocr_par' dir='ltr' id='par_1_95' title="bbox 2066 3289 3715 3373">
     <span class='ocr_line' id='line_1_95' title="bbox 2066 3289 3715 3373; baseline 0.006 -26"><span class='ocrx_word' id='word_1_611' title='bbox 2066 3289 2228 3349; x_wconf 89' lang='lat' dir='ltr'>aliud</span> <span class='ocrx_word' id='word_1_612' title='bbox 2273 3290 2701 3363; x_wconf 65' lang='lat' dir='ltr'>praedestinare</span> <span class='ocrx_word' id='word_1_613' title='bbox 2745 3308 2930 3369; x_wconf 88' lang='lat' dir='ltr'>quam</span> <span class='ocrx_word' id='word_1_614' title='bbox 2978 3295 3305 3365; x_wconf 78' lang='lat' dir='ltr'>praevidere</span> <span class='ocrx_word' id='word_1_615' title='bbox 3332 3302 3387 3355; x_wconf 91' lang='lat' dir='ltr'>et</span> <span class='ocrx_word' id='word_1_616' title='bbox 3411 3313 3715 3373; x_wconf 72' lang='lat' dir='ltr'>praepara-</span> 
     </span>
    </p>
   </div>
   <div class='ocr_carea' id='block_1_96' title="bbox 2012 3368 3714 3459">
    <p class='ocr_par' dir='ltr' id='par_1_96' title="bbox 2012 3368 3714 3459">
     <span class='ocr_line' id='line_1_96' title="bbox 2012 3368 3714 3459; baseline 0.006 -23"><span class='ocrx_word' id='word_1_617' title='bbox 2012 3368 2026 3381; x_wconf 82' lang='grc'><strong>’</strong></span> <span class='ocrx_word' id='word_1_618' title='bbox 2065 3396 2128 3436; x_wconf 89' lang='lat' dir='ltr'>re</span> <span class='ocrx_word' id='word_1_619' title='bbox 2152 3399 2165 3448; x_wconf 93' lang='lat'>;</span> <span class='ocrx_word' id='word_1_620' title='bbox 2195 3379 2488 3450; x_wconf 82' lang='lat' dir='ltr'>colligitur</span> <span class='ocrx_word' id='word_1_621' title='bbox 2517 3380 2693 3437; x_wconf 89' lang='lat' dir='ltr'>tantis</span> <span class='ocrx_word' id='word_1_622' title='bbox 2718 3368 2833 3445; x_wconf 63' lang='lat' dir='ltr'>tua:</span> <span class='ocrx_word' id='word_1_623' title='bbox 2863 3381 3207 3453; x_wconf 66' lang='lat' dir='ltr'>pervicacis:</span> <span class='ocrx_word' id='word_1_624' title='bbox 3227 3368 3714 3459; x_wconf 77' lang='lat' dir='ltr'>astructionibus,</span> 
     </span>
    </p>
   </div>
   <div class='ocr_carea' id='block_1_97' title="bbox 2065 3468 3720 3551">
    <p class='ocr_par' dir='ltr' id='par_1_97' title="bbox 2065 3468 3720 3551">
     <span class='ocr_line' id='line_1_97' title="bbox 2065 3468 3720 3551; baseline 0.007 -27"><span class='ocrx_word' id='word_1_625' title='bbox 2065 3473 2128 3524; x_wconf 87' lang='lat' dir='ltr'>ut</span> <span class='ocrx_word' id='word_1_626' title='bbox 2171 3468 2404 3531; x_wconf 79' lang='lat' dir='ltr'>dicatur</span> <span class='ocrx_word' id='word_1_627' title='bbox 2448 3471 2601 3526; x_wconf 88' lang='lat' dir='ltr'>Deus</span> <span class='ocrx_word' id='word_1_628' title='bbox 2649 3469 3170 3542; x_wconf 87' lang='lat' dir='ltr'>quemadmodum</span> <span class='ocrx_word' id='word_1_629' title='bbox 3210 3475 3588 3551; x_wconf 80' lang='lat' dir='ltr'>praevidisse,</span> <span class='ocrx_word' id='word_1_630' title='bbox 3634 3479 3720 3536; x_wconf 89' lang='lat' dir='ltr'>ita</span> 
     </span>
    </p>
   </div>
   <div class='ocr_carea' id='block_1_98' title="bbox 2065 3558 3716 3634">
    <p class='ocr_par' dir='ltr' id='par_1_98' title="bbox 2065 3558 3716 3634">
     <span class='ocr_line' id='line_1_98' title="bbox 2065 3558 3716 3634; baseline 0.007 -20"><span class='ocrx_word' id='word_1_631' title='bbox 2065 3559 2241 3617; x_wconf 89' lang='lat' dir='ltr'>etiam</span> <span class='ocrx_word' id='word_1_632' title='bbox 2272 3558 2730 3632; x_wconf 67' lang='lat' dir='ltr'>prtedestinasse</span> <span class='ocrx_word' id='word_1_633' title='bbox 2759 3564 2816 3615; x_wconf 91' lang='lat' dir='ltr'>et</span> <span class='ocrx_word' id='word_1_634' title='bbox 2843 3576 3220 3634; x_wconf 71' lang='lat' dir='ltr'>praeparasse</span> <span class='ocrx_word' id='word_1_635' title='bbox 3250 3581 3573 3623; x_wconf 86' lang='lat' dir='ltr'>numerum</span> <span class='ocrx_word' id='word_1_636' title='bbox 3600 3568 3716 3625; x_wconf 89' lang='lat' dir='ltr'>hu-</span> 
     </span>
    </p>
   </div>
   <div class='ocr_carea' id='block_1_99' title="bbox 2063 3646 3719 3725">
    <p class='ocr_par' dir='ltr' id='par_1_99' title="bbox 2063 3646 3719 3725">
     <span class='ocr_line' id='line_1_99' title="bbox 2063 3646 3719 3725; baseline 0.007 -23"><span class='ocrx_word' id='word_1_637' title='bbox 2063 3646 2229 3703; x_wconf 89' lang='lat' dir='ltr'>mani</span> <span class='ocrx_word' id='word_1_638' title='bbox 2262 3646 2493 3716; x_wconf 88' lang='lat' dir='ltr'>generis</span> <span class='ocrx_word' id='word_1_639' title='bbox 2517 3649 2850 3719; x_wconf 88' lang='lat' dir='ltr'>periturum</span> <span class='ocrx_word' id='word_1_640' title='bbox 2877 3669 2892 3716; x_wconf 82' lang='lat'><strong>;</strong></span> <span class='ocrx_word' id='word_1_641' title='bbox 2941 3665 3051 3706; x_wconf 88' lang='lat' dir='ltr'>nec</span> <span class='ocrx_word' id='word_1_642' title='bbox 3097 3654 3252 3707; x_wconf 87' lang='lat' dir='ltr'>stare</span> <span class='ocrx_word' id='word_1_643' title='bbox 3284 3658 3563 3725; x_wconf 85' lang='lat' dir='ltr'>poterunt</span> <span class='ocrx_word' id='word_1_644' title='bbox 3590 3673 3719 3714; x_wconf 85' lang='lat' dir='ltr'>sen-</span> 
     </span>
    </p>
   </div>
   <div class='ocr_carea' id='block_1_100' title="bbox 2064 3735 3719 3815">
    <p class='ocr_par' dir='ltr' id='par_1_100' title="bbox 2064 3735 3719 3815">
     <span class='ocr_line' id='line_1_100' title="bbox 2064 3735 3719 3815; baseline 0.006 -22"><span class='ocrx_word' id='word_1_645' title='bbox 2064 3736 2255 3795; x_wconf 74' lang='lat' dir='ltr'>tentiae</span> <span class='ocrx_word' id='word_1_646' title='bbox 2285 3741 2416 3804; x_wconf 79' lang='lat' dir='ltr'>tuae,</span> <span class='ocrx_word' id='word_1_647' title='bbox 2448 3735 2672 3810; x_wconf 89' lang='lat' dir='ltr'>quibus</span> <span class='ocrx_word' id='word_1_648' title='bbox 2702 3738 2992 3795; x_wconf 89' lang='lat' dir='ltr'>hactenus</span> <span class='ocrx_word' id='word_1_649' title='bbox 3036 3743 3198 3797; x_wconf 88' lang='lat' dir='ltr'>tanta</span> <span class='ocrx_word' id='word_1_650' title='bbox 3239 3743 3570 3815; x_wconf 88' lang='lat' dir='ltr'>pertinacia</span> <span class='ocrx_word' id='word_1_651' title='bbox 3598 3746 3719 3802; x_wconf 78' lang='lat' dir='ltr'>efﬂ-</span> 
     </span>
    </p>
   </div>
   <div class='ocr_carea' id='block_1_101' title="bbox 2064 3825 3717 3913">
    <p class='ocr_par' dir='ltr' id='par_1_101' title="bbox 2064 3825 3717 3913">
     <span class='ocr_line' id='line_1_101' title="bbox 2064 3825 3717 3913; baseline 0.007 -32"><span class='ocrx_word' id='word_1_652' title='bbox 2064 3841 2194 3883; x_wconf 88' lang='lat' dir='ltr'>cere</span> <span class='ocrx_word' id='word_1_653' title='bbox 2235 3825 2474 3881; x_wconf 87' lang='lat' dir='ltr'>molitus</span> <span class='ocrx_word' id='word_1_654' title='bbox 2527 3842 2590 3880; x_wconf 90' lang='lat' dir='ltr'>es</span> <span class='ocrx_word' id='word_1_655' title='bbox 2627 3827 2806 3883; x_wconf 89' lang='lat' dir='ltr'>Deum</span> <span class='ocrx_word' id='word_1_656' title='bbox 2861 3843 2971 3883; x_wconf 92' lang='lat' dir='ltr'>nec</span> <span class='ocrx_word' id='word_1_657' title='bbox 3001 3830 3372 3901; x_wconf 83' lang='lat' dir='ltr'>praevidisse,</span> <span class='ocrx_word' id='word_1_658' title='bbox 3404 3850 3515 3890; x_wconf 91' lang='lat' dir='ltr'>nec</span> <span class='ocrx_word' id='word_1_659' title='bbox 3563 3851 3717 3913; x_wconf 67' lang='lat' dir='ltr'>prte-</span> 
     </span>
    </p>
   </div>
   <div class='ocr_carea' id='block_1_102' title="bbox 2063 3912 3714 3997">
    <p class='ocr_par' dir='ltr' id='par_1_102' title="bbox 2063 3912 3714 3997">
     <span class='ocr_line' id='line_1_102' title="bbox 2063 3912 3714 3997; baseline 0.005 -27"><span class='ocrx_word' id='word_1_660' title='bbox 2063 3912 2414 3983; x_wconf 90' lang='lat' dir='ltr'>destinasse,</span> <span class='ocrx_word' id='word_1_661' title='bbox 2467 3928 2578 3968; x_wconf 91' lang='lat' dir='ltr'>nec</span> <span class='ocrx_word' id='word_1_662' title='bbox 2643 3928 3016 3986; x_wconf 73' lang='lat' dir='ltr'>prmparasse</span> <span class='ocrx_word' id='word_1_663' title='bbox 3070 3916 3323 3986; x_wconf 90' lang='lat' dir='ltr'>malum,</span> <span class='ocrx_word' id='word_1_664' title='bbox 3377 3912 3714 3997; x_wconf 87' lang='lat' dir='ltr'>peccatum,</span> 
     </span>
    </p>
   </div>
   <div class='ocr_carea' id='block_1_103' title="bbox 2063 4002 3719 4082">
    <p class='ocr_par' dir='ltr' id='par_1_103' title="bbox 2063 4002 3719 4082">
     <span class='ocr_line' id='line_1_103' title="bbox 2063 4002 3719 4082; baseline 0.007 -25"><span class='ocrx_word' id='word_1_665' title='bbox 2063 4017 2276 4075; x_wconf 78' lang='lat' dir='ltr'>poenas</span> <span class='ocrx_word' id='word_1_666' title='bbox 2321 4005 2500 4075; x_wconf 89' lang='lat' dir='ltr'>atque</span> <span class='ocrx_word' id='word_1_667' title='bbox 2542 4004 2859 4061; x_wconf 86' lang='lat' dir='ltr'>tormenta.</span> <span class='ocrx_word' id='word_1_668' title='bbox 2892 4002 3080 4067; x_wconf 85' lang='lat' dir='ltr'>Perire</span> <span class='ocrx_word' id='word_1_669' title='bbox 3127 4005 3353 4079; x_wconf 88' lang='lat' dir='ltr'>quippe</span> <span class='ocrx_word' id='word_1_670' title='bbox 3390 4009 3719 4082; x_wconf 87' lang='lat' dir='ltr'>quemlibet</span> 
     </span>
    </p>
   </div>
   <div class='ocr_carea' id='block_1_104' title="bbox 2064 4088 3717 4177">
    <p class='ocr_par' dir='ltr' id='par_1_104' title="bbox 2064 4088 3717 4177">
     <span class='ocr_line' id='line_1_104' title="bbox 2064 4088 3717 4177; baseline 0.008 -32"><span class='ocrx_word' id='word_1_671' title='bbox 2064 4106 2173 4146; x_wconf 91' lang='lat' dir='ltr'>suo</span> <span class='ocrx_word' id='word_1_672' title='bbox 2234 4089 2377 4147; x_wconf 90' lang='lat' dir='ltr'>vitio</span> <span class='ocrx_word' id='word_1_673' title='bbox 2441 4088 2671 4148; x_wconf 86' lang='lat' dir='ltr'>malum</span> <span class='ocrx_word' id='word_1_674' title='bbox 2737 4094 2859 4151; x_wconf 86' lang='lat' dir='ltr'>est;</span> <span class='ocrx_word' id='word_1_675' title='bbox 2923 4106 3170 4164; x_wconf 74' lang='lat' dir='ltr'>pmnam</span> <span class='ocrx_word' id='word_1_676' title='bbox 3233 4094 3347 4151; x_wconf 86' lang='lat' dir='ltr'>sibi</span> <span class='ocrx_word' id='word_1_677' title='bbox 3412 4113 3717 4177; x_wconf 88' lang='lat' dir='ltr'>quemque</span> 
     </span>
    </p>
   </div>
   <div class='ocr_carea' id='block_1_105' title="bbox 2064 4178 3716 4251">
    <p class='ocr_par' dir='ltr' id='par_1_105' title="bbox 2064 4178 3716 4251">
     <span class='ocr_line' id='line_1_105' title="bbox 2064 4178 3716 4251; baseline 0.007 -16"><span class='ocrx_word' id='word_1_678' title='bbox 2064 4178 2238 4237; x_wconf 85' lang='lat' dir='ltr'>malis</span> <span class='ocrx_word' id='word_1_679' title='bbox 2304 4178 2538 4237; x_wconf 83' lang='lat' dir='ltr'>actibus</span> <span class='ocrx_word' id='word_1_680' title='bbox 2609 4194 2960 4251; x_wconf 87' lang='lat' dir='ltr'>comparare</span> <span class='ocrx_word' id='word_1_681' title='bbox 3034 4182 3423 4242; x_wconf 87' lang='lat' dir='ltr'>nihilominus</span> <span class='ocrx_word' id='word_1_682' title='bbox 3485 4187 3716 4247; x_wconf 89' lang='lat' dir='ltr'>malum</span> 
     </span>
    </p>
   </div>
   <div class='ocr_carea' id='block_1_106' title="bbox 2064 4268 3716 4355">
    <p class='ocr_par' dir='ltr' id='par_1_106' title="bbox 2064 4268 3716 4355">
     <span class='ocr_line' id='line_1_106' title="bbox 2064 4268 3716 4355; baseline 0.005 -27"><span class='ocrx_word' id='word_1_683' title='bbox 2064 4275 2171 4328; x_wconf 86' lang='lat' dir='ltr'>est.</span> <span class='ocrx_word' id='word_1_684' title='bbox 2220 4269 2277 4328; x_wconf 87' lang='lat' dir='ltr'>Si</span> <span class='ocrx_word' id='word_1_685' title='bbox 2332 4269 2514 4340; x_wconf 85' lang='lat' dir='ltr'>igitur</span> <span class='ocrx_word' id='word_1_686' title='bbox 2558 4268 2675 4328; x_wconf 86' lang='lat' dir='ltr'>ista</span> <span class='ocrx_word' id='word_1_687' title='bbox 2722 4271 2876 4326; x_wconf 90' lang='lat' dir='ltr'>Deus</span> <span class='ocrx_word' id='word_1_688' title='bbox 2928 4271 3219 4344; x_wconf 79' lang='lat' dir='ltr'>praevidit,</span> <span class='ocrx_word' id='word_1_689' title='bbox 3268 4278 3716 4355; x_wconf 79' lang='lat' dir='ltr'>praepararique</span> 
     </span>
    </p>
   </div>
   <div class='ocr_carea' id='block_1_107' title="bbox 1978 4332 3715 4442">
    <p class='ocr_par' dir='ltr' id='par_1_107' title="bbox 1978 4332 3715 4442">
     <span class='ocr_line' id='line_1_107' title="bbox 1978 4332 3715 4442; baseline 0.006 -27"><span class='ocrx_word' id='word_1_690' title='bbox 1978 4332 2022 4392; x_wconf 71' lang='grc' dir='ltr'><strong>θ</strong></span> <span class='ocrx_word' id='word_1_691' title='bbox 2062 4332 2406 4435; x_wconf 62' lang='lat' dir='ltr'>peccatores</span> <span class='ocrx_word' id='word_1_692' title='bbox 2435 4376 2472 4417; x_wconf 91' lang='lat' dir='ltr'>a</span> <span class='ocrx_word' id='word_1_693' title='bbox 2496 4358 2705 4432; x_wconf 86' lang='lat' dir='ltr'>seipsis</span> <span class='ocrx_word' id='word_1_694' title='bbox 2735 4357 2808 4417; x_wconf 79' lang='lat' dir='ltr'>ad</span> <span class='ocrx_word' id='word_1_695' title='bbox 2833 4374 2905 4419; x_wconf 89' lang='lat' dir='ltr'>ea</span> <span class='ocrx_word' id='word_1_696' title='bbox 2932 4332 3224 4434; x_wconf 81' lang='lat' dir='ltr'>permisit,</span> <span class='ocrx_word' id='word_1_697' title='bbox 3254 4332 3483 4423; x_wconf 75' lang='lat' dir='ltr'>malum</span> <span class='ocrx_word' id='word_1_698' title='bbox 3514 4332 3715 4442; x_wconf 64' lang='lat' dir='ltr'>utique</span> 
     </span>
    </p>
   </div>
   <div class='ocr_carea' id='block_1_108' title="bbox 2056 4448 3714 4531">
    <p class='ocr_par' dir='ltr' id='par_1_108' title="bbox 2056 4448 3714 4531">
     <span class='ocr_line' id='line_1_108' title="bbox 2056 4448 3714 4531; baseline 0.004 -25"><span class='ocrx_word' id='word_1_699' title='bbox 2056 4449 2351 4525; x_wconf 82' lang='lat' dir='ltr'>praevidit,</span> <span class='ocrx_word' id='word_1_700' title='bbox 2395 4448 2864 4522; x_wconf 67' lang='lat' dir='ltr'>praedestinavit,</span> <span class='ocrx_word' id='word_1_701' title='bbox 2898 4465 2969 4507; x_wconf 90' lang='lat' dir='ltr'>ac</span> <span class='ocrx_word' id='word_1_702' title='bbox 3013 4453 3393 4525; x_wconf 69' lang='lat' dir='ltr'>praeparavit.</span> <span class='ocrx_word' id='word_1_703' title='bbox 3420 4455 3714 4531; x_wconf 87' lang='lat' dir='ltr'>Quodque</span> 
     </span>
    </p>
   </div>
   <div class='ocr_carea' id='block_1_109' title="bbox 2061 4538 2449 4619">
    <p class='ocr_par' dir='ltr' id='par_1_109' title="bbox 2061 4538 2449 4619">
     <span class='ocr_line' id='line_1_109' title="bbox 2061 4538 2449 4619; baseline 0.013 -25"><span class='ocrx_word' id='word_1_704' title='bbox 2061 4538 2379 4619; x_wconf 79' lang='lat' dir='ltr'>subjungis</span> <span class='ocrx_word' id='word_1_705' title='bbox 2401 4557 2415 4599; x_wconf 85' lang='lat'><strong>:</strong></span> <span class='ocrx_word' id='word_1_706' title='bbox 2444 4566 2449 4571; x_wconf 94' lang='grc'>·</span> 
     </span>
    </p>
   </div>
   <div class='ocr_carea' id='block_1_110' title="bbox 2640 4643 3144 4691">
    <p class='ocr_par' dir='ltr' id='par_1_110' title="bbox 2640 4643 3144 4691">
     <span class='ocr_line' id='line_1_110' title="bbox 2640 4643 3144 4691; baseline 0.002 -2"><span class='ocrx_word' id='word_1_707' title='bbox 2640 4643 2877 4689; x_wconf 70' lang='grc' dir='ltr'>«ΙΟΔΝΝΕΒ</span> <span class='ocrx_word' id='word_1_708' title='bbox 2917 4645 3144 4691; x_wconf 71' lang='lat' dir='ltr'>SCOTUS.</span> 
     </span>
    </p>
   </div>
   <div class='ocr_carea' id='block_1_111' title="bbox 2133 4735 3716 4809">
    <p class='ocr_par' dir='ltr' id='par_1_111' title="bbox 2133 4735 3716 4809">
     <span class='ocr_line' id='line_1_111' title="bbox 2133 4735 3716 4809; baseline 0.008 -23"><span class='ocrx_word' id='word_1_709' title='bbox 2133 4737 2302 4807; x_wconf 76' lang='lat' dir='ltr'>(Cap.</span> <span class='ocrx_word' id='word_1_710' title='bbox 2368 4735 2452 4805; x_wconf 90' lang='grc'>18,</span> <span class='ocrx_word' id='word_1_711' title='bbox 2496 4750 2666 4806; x_wconf 88' lang='lat' dir='ltr'>num,</span> <span class='ocrx_word' id='word_1_712' title='bbox 2705 4738 2790 4806; x_wconf 80' lang='grc'>16,</span> <span class='ocrx_word' id='word_1_713' title='bbox 2851 4739 2992 4793; x_wconf 85' lang='lat' dir='ltr'>sect.</span> <span class='ocrx_word' id='word_1_714' title='bbox 3048 4738 3123 4809; x_wconf 86' lang='lat'>9.)</span> <span class='ocrx_word' id='word_1_715' title='bbox 3165 4741 3204 4791; x_wconf 92' lang='lat'>6</span> <span class='ocrx_word' id='word_1_716' title='bbox 3252 4736 3716 4797; x_wconf 75' lang='lat' dir='ltr'>Praedestinavit</span> 
     </span>
    </p>
   </div>
   <div class='ocr_carea' id='block_1_112' title="bbox 2060 4824 3716 4899">
    <p class='ocr_par' dir='ltr' id='par_1_112' title="bbox 2060 4824 3716 4899">
     <span class='ocr_line' id='line_1_112' title="bbox 2060 4824 3716 4899; baseline 0.003 -18"><span class='ocrx_word' id='word_1_717' title='bbox 2060 4826 2263 4896; x_wconf 86' lang='lat' dir='ltr'>itaque</span> <span class='ocrx_word' id='word_1_718' title='bbox 2288 4824 2500 4894; x_wconf 87' lang='lat' dir='ltr'>impios</span> <span class='ocrx_word' id='word_1_719' title='bbox 2530 4825 2765 4881; x_wconf 67' lang='lat' dir='ltr'>aeternis</span> <span class='ocrx_word' id='word_1_720' title='bbox 2817 4827 2938 4882; x_wconf 87' lang='lat' dir='ltr'>suis</span> <span class='ocrx_word' id='word_1_721' title='bbox 2979 4827 3443 4899; x_wconf 84' lang='lat' dir='ltr'>justissimisque</span> <span class='ocrx_word' id='word_1_722' title='bbox 3489 4827 3716 4899; x_wconf 86' lang='lat' dir='ltr'>legibus</span> 
     </span>
    </p>
   </div>
   <div class='ocr_carea' id='block_1_113' title="bbox 2062 4914 3714 4988">
    <p class='ocr_par' dir='ltr' id='par_1_113' title="bbox 2062 4914 3714 4988">
     <span class='ocr_line' id='line_1_113' title="bbox 2062 4914 3714 4988; baseline 0.002 -15"><span class='ocrx_word' id='word_1_723' title='bbox 2062 4914 2247 4973; x_wconf 83' lang='lat' dir='ltr'>invite</span> <span class='ocrx_word' id='word_1_724' title='bbox 2280 4916 2624 4982; x_wconf 87' lang='lat' dir='ltr'>servituros,</span> <span class='ocrx_word' id='word_1_725' title='bbox 2652 4929 2864 4987; x_wconf 89' lang='lat' dir='ltr'>eosque</span> <span class='ocrx_word' id='word_1_726' title='bbox 2908 4917 3081 4973; x_wconf 89' lang='lat' dir='ltr'>nullo</span> <span class='ocrx_word' id='word_1_727' title='bbox 3131 4918 3353 4988; x_wconf 87' lang='lat' dir='ltr'>impetu</span> <span class='ocrx_word' id='word_1_728' title='bbox 3395 4918 3714 4988; x_wconf 73' lang='lat' dir='ltr'>impietatis</span> 
     </span>
    </p>
   </div>
   <div class='ocr_carea' id='block_1_114' title="bbox 2061 5004 3713 5078">
    <p class='ocr_par' dir='ltr' id='par_1_114' title="bbox 2061 5004 3713 5078">
     <span class='ocr_line' id='line_1_114' title="bbox 2061 5004 3713 5078; baseline 0.003 -17"><span class='ocrx_word' id='word_1_729' title='bbox 2061 5019 2184 5061; x_wconf 78' lang='lat' dir='ltr'>suae</span> <span class='ocrx_word' id='word_1_730' title='bbox 2211 5005 2274 5061; x_wconf 88' lang='lat' dir='ltr'>in</span> <span class='ocrx_word' id='word_1_731' title='bbox 2297 5004 2671 5074; x_wconf 83' lang='lat' dir='ltr'>profundum</span> <span class='ocrx_word' id='word_1_732' title='bbox 2701 5004 2949 5060; x_wconf 66' lang='lat' dir='ltr'>malitiae</span> <span class='ocrx_word' id='word_1_733' title='bbox 2988 5005 3282 5063; x_wconf 86' lang='lat' dir='ltr'>tendentis</span> <span class='ocrx_word' id='word_1_734' title='bbox 3327 5008 3713 5078; x_wconf 86' lang='lat' dir='ltr'>transituros,</span> 
     </span>
    </p>
   </div>
   <div class='ocr_carea' id='block_1_115' title="bbox 2062 5094 3717 5175">
    <p class='ocr_par' dir='ltr' id='par_1_115' title="bbox 2062 5094 3717 5175">
     <span class='ocr_line' id='line_1_115' title="bbox 2062 5094 3717 5175; baseline 0.001 -22"><span class='ocrx_word' id='word_1_735' title='bbox 2062 5110 2243 5167; x_wconf 87' lang='lat' dir='ltr'>eoque</span> <span class='ocrx_word' id='word_1_736' title='bbox 2287 5094 2460 5153; x_wconf 86' lang='lat' dir='ltr'>modo</span> <span class='ocrx_word' id='word_1_737' title='bbox 2497 5094 2792 5164; x_wconf 84' lang='lat' dir='ltr'>puniendi</span> <span class='ocrx_word' id='word_1_738' title='bbox 2832 5094 3202 5159; x_wconf 82' lang='lat' dir='ltr'>interituros.</span> <span class='ocrx_word' id='word_1_739' title='bbox 3249 5098 3441 5155; x_wconf 88' lang='lat' dir='ltr'>Nulla</span> <span class='ocrx_word' id='word_1_740' title='bbox 3496 5100 3717 5175; x_wconf 80' lang='lat' dir='ltr'>quippe</span> 
     </span>
    </p>
   </div>
   <div class='ocr_carea' id='block_1_116' title="bbox 2062 5183 3716 5265">
    <p class='ocr_par' dir='ltr' id='par_1_116' title="bbox 2062 5183 3716 5265">
     <span class='ocr_line' id='line_1_116' title="bbox 2062 5183 3716 5265; baseline 0.001 -26"><span class='ocrx_word' id='word_1_741' title='bbox 2062 5185 2309 5255; x_wconf 86' lang='lat' dir='ltr'>gravior</span> <span class='ocrx_word' id='word_1_742' title='bbox 2327 5198 2512 5253; x_wconf 73' lang='lat' dir='ltr'>paena</span> <span class='ocrx_word' id='word_1_743' title='bbox 2540 5183 2839 5260; x_wconf 79' lang='lat' dir='ltr'>inﬂigitur</span> <span class='ocrx_word' id='word_1_744' title='bbox 2857 5198 3027 5240; x_wconf 89' lang='lat' dir='ltr'>servo</span> <span class='ocrx_word' id='word_1_745' title='bbox 3065 5186 3288 5259; x_wconf 85' lang='lat' dir='ltr'>iniquo,</span> <span class='ocrx_word' id='word_1_746' title='bbox 3321 5202 3503 5265; x_wconf 80' lang='lat' dir='ltr'>quam</span> <span class='ocrx_word' id='word_1_747' title='bbox 3529 5192 3597 5242; x_wconf 87' lang='lat' dir='ltr'>ut</span> <span class='ocrx_word' id='word_1_748' title='bbox 3625 5201 3716 5242; x_wconf 89' lang='lat' dir='ltr'>co-</span> 
     </span>
    </p>
   </div>
   <div class='ocr_carea' id='block_1_117' title="bbox 2060 5273 3713 5346">
    <p class='ocr_par' dir='ltr' id='par_1_117' title="bbox 2060 5273 3713 5346">
     <span class='ocr_line' id='line_1_117' title="bbox 2060 5273 3713 5346; baseline -0.001 -15"><span class='ocrx_word' id='word_1_749' title='bbox 2060 5280 2246 5346; x_wconf 87' lang='lat' dir='ltr'>gatur</span> <span class='ocrx_word' id='word_1_750' title='bbox 2272 5273 2494 5335; x_wconf 85' lang='lat' dir='ltr'>servire</span> <span class='ocrx_word' id='word_1_751' title='bbox 2540 5274 2764 5331; x_wconf 85' lang='lat' dir='ltr'>invitus</span> <span class='ocrx_word' id='word_1_752' title='bbox 2796 5276 2968 5345; x_wconf 85' lang='lat' dir='ltr'>justo</span> <span class='ocrx_word' id='word_1_753' title='bbox 3012 5276 3284 5333; x_wconf 88' lang='lat' dir='ltr'>Domino.</span> <span class='ocrx_word' id='word_1_754' title='bbox 3318 5277 3470 5331; x_wconf 86' lang='lat' dir='ltr'>Plus</span> <span class='ocrx_word' id='word_1_755' title='bbox 3498 5274 3713 5330; x_wconf 90' lang='lat' dir='ltr'>etenim</span> 
     </span>
    </p>
   </div>
   <div class='ocr_carea' id='block_1_118' title="bbox 2061 5362 3713 5434">
    <p class='ocr_par' dir='ltr' id='par_1_118' title="bbox 2061 5362 3713 5434">
     <span class='ocr_line' id='line_1_118' title="bbox 2061 5362 3713 5434; baseline -0.001 -15"><span class='ocrx_word' id='word_1_756' title='bbox 2061 5364 2124 5419; x_wconf 88' lang='lat' dir='ltr'>in</span> <span class='ocrx_word' id='word_1_757' title='bbox 2153 5363 2340 5434; x_wconf 82' lang='lat' dir='ltr'>seipse</span> <span class='ocrx_word' id='word_1_758' title='bbox 2384 5362 2636 5419; x_wconf 86' lang='lat' dir='ltr'>interius</span> <span class='ocrx_word' id='word_1_759' title='bbox 2682 5363 2955 5434; x_wconf 71' lang='lat' dir='ltr'>superba</span> <span class='ocrx_word' id='word_1_760' title='bbox 2991 5365 3318 5427; x_wconf 86' lang='lat' dir='ltr'>voluntatis</span> <span class='ocrx_word' id='word_1_761' title='bbox 3351 5364 3592 5434; x_wconf 88' lang='lat' dir='ltr'>patitur</span> <span class='ocrx_word' id='word_1_762' title='bbox 3618 5362 3713 5419; x_wconf 86' lang='lat' dir='ltr'>in-</span> 
     </span>
    </p>
   </div>
   <div class='ocr_carea' id='block_1_119' title="bbox 2058 5453 3713 5526">
    <p class='ocr_par' dir='ltr' id='par_1_119' title="bbox 2058 5453 3713 5526">
     <span class='ocr_line' id='line_1_119' title="bbox 2058 5453 3713 5526; baseline -0.002 -15"><span class='ocrx_word' id='word_1_763' title='bbox 2058 5455 2401 5521; x_wconf 78' lang='lat' dir='ltr'>citamenta,</span> <span class='ocrx_word' id='word_1_764' title='bbox 2447 5468 2628 5525; x_wconf 87' lang='lat' dir='ltr'>quam</span> <span class='ocrx_word' id='word_1_765' title='bbox 2669 5456 2931 5512; x_wconf 70' lang='lat' dir='ltr'>exterius</span> <span class='ocrx_word' id='word_1_766' title='bbox 2978 5456 3044 5513; x_wconf 89' lang='lat' dir='ltr'>in</span> <span class='ocrx_word' id='word_1_767' title='bbox 3091 5469 3340 5526; x_wconf 81' lang='lat' dir='ltr'>corpore</span> <span class='ocrx_word' id='word_1_768' title='bbox 3390 5453 3713 5513; x_wconf 81' lang='lat' dir='ltr'>durissima</span> 
     </span>
    </p>
   </div>
   <div class='ocr_carea' id='block_1_120' title="bbox 2057 5543 3713 5614">
    <p class='ocr_par' dir='ltr' id='par_1_120' title="bbox 2057 5543 3713 5614">
     <span class='ocr_line' id='line_1_120' title="bbox 2057 5543 3713 5614; baseline -0.001 -15"><span class='ocrx_word' id='word_1_769' title='bbox 2057 5543 2347 5613; x_wconf 83' lang='lat' dir='ltr'>ﬂagella;</span> <span class='ocrx_word' id='word_1_770' title='bbox 2379 5545 2638 5614; x_wconf 83' lang='lat' dir='ltr'>quicum</span> <span class='ocrx_word' id='word_1_771' title='bbox 2658 5545 2897 5600; x_wconf 84' lang='lat' dir='ltr'>Domini</span> <span class='ocrx_word' id='word_1_772' title='bbox 2914 5545 3010 5601; x_wconf 86' lang='lat' dir='ltr'>sui</span> <span class='ocrx_word' id='word_1_773' title='bbox 3037 5546 3404 5605; x_wconf 87' lang='lat' dir='ltr'>voluntatem</span> <span class='ocrx_word' id='word_1_774' title='bbox 3434 5556 3713 5613; x_wconf 88' lang='lat' dir='ltr'>spernere</span> 
     </span>
    </p>
   </div>
   <div class='ocr_carea' id='block_1_121' title="bbox 2060 5630 3711 5707">
    <p class='ocr_par' dir='ltr' id='par_1_121' title="bbox 2060 5630 3711 5707">
     <span class='ocr_line' id='line_1_121' title="bbox 2060 5630 3711 5707; baseline 0.001 -18"><span class='ocrx_word' id='word_1_775' title='bbox 2060 5645 2182 5689; x_wconf 74' lang='lat' dir='ltr'>non</span> <span class='ocrx_word' id='word_1_776' title='bbox 2207 5630 2450 5695; x_wconf 69' lang='lat' dir='ltr'>sinitur.</span> <span class='ocrx_word' id='word_1_777' title='bbox 2477 5633 2645 5697; x_wconf 65' lang='lat' dir='ltr'>intra</span> <span class='ocrx_word' id='word_1_778' title='bbox 2683 5634 3058 5705; x_wconf 71' lang='lat' dir='ltr'>semetipsum</span> <span class='ocrx_word' id='word_1_779' title='bbox 3084 5646 3124 5693; x_wconf 81' lang='grc' dir='ltr'><strong><em>α</em></strong></span> <span class='ocrx_word' id='word_1_780' title='bbox 3147 5633 3336 5707; x_wconf 74' lang='lat' dir='ltr'>seipse</span> <span class='ocrx_word' id='word_1_781' title='bbox 3374 5632 3711 5697; x_wconf 79' lang='lat' dir='ltr'>cruciatur.</span> 
     </span>
    </p>
   </div>
  </div>
