4160 6186
531 80 670 139 1319

1183 214 1508 256 CORREOTIO.

490 332 495 337 ο
597 297 639 365 ιι-
665 296 1032 362 Quocunque
1057 287 1242 344 modo
1262 304 1324 344 se
1350 287 1571 343 habeat
1594 285 1850 360 poenalis
1873 283 1988 340 ista
2005 281 2176 338 dam-

524 382 707 451 natio,
735 379 939 452 utique
980 393 1018 434 a
1046 380 1165 433 Deo
1202 375 1692 450 praedestinatam
1722 371 1964 442 asseris,
1990 386 2027 427 a
2051 384 2173 442 quo

520 469 883 528 refrenatam
911 471 1092 540 atque
1130 465 1460 523 cohibitam
1502 463 1884 538 pereuntium
1925 458 2175 517 malivo-

518 558 785 626 lentiam,
816 572 893 613 ne
922 556 1001 612 ad
1030 558 1267 628 optatos
1311 569 1636 627 procursus
1663 549 1992 625 perveniat,
2023 546 2173 618 dog-

521 648 789 706 matizas.
826 646 883 704 Si
910 645 1089 716 igitur
1124 643 1228 700 Dei
1257 648 1347 700 est
1386 642 1501 699 ista
1523 640 1840 698 refrenatio
1870 644 2049 711 atque
2079 651 2175 691 co-

516 736 747 805 hibitio,
787 735 1113 807 legumque
1164 732 1509 789 divinarum
1566 725 2054 800 circumscriptio,
2107 727 2174 780 ut

515 826 752 897 legibus
781 824 912 896 ejus
959 822 1123 879 inviti
1173 821 1458 893 serviant,
1484 824 1542 876 et
1583 820 1714 875 haec
1756 818 1890 891 ipsa
1919 813 2172 871 servitus

514 915 627 972 illis
666 930 851 980 paena
880 910 1150 976 efﬁcitur,
1183 909 1349 966 omni
1377 908 1587 982 procul
1616 906 1904 977 ambiguo
1930 903 2008 960 ab
2038 903 2171 975 ipso

514 1018 700 1076 poena
726 999 1151 1074 praedestinata
1177 997 1541 1067 intelligitur,
1565 1011 1601 1052 a
1627 1010 1750 1068 quo
1778 993 1964 1049 invita
1992 990 2171 1046 servi-

515 1096 610 1148 tus
651 1088 938 1163 imposita
981 1085 1396 1143 inevitabiliter
1436 1084 1816 1157 praedicatur,
1856 1082 2169 1138 attestante

511 1180 693 1237 beato
742 1178 875 1241 Job,
905 1176 1011 1250 qui
1049 1175 1226 1231 dicit:
1276 1173 1653 1231 Constituisti
1697 1171 1978 1229 terminos
2014 1171 2165 1239 ejus,

512 1270 619 1343 qui
643 1268 945 1340 praeteriri
971 1281 1089 1322 non
1118 1268 1403 1335 poterunt
1433 1262 1588 1331 (Job.
1607 1277 1727 1324 xiv,
1763 1260 1852 1332 5):
1886 1258 1992 1315 ubi
2018 1256 2168 1313 nihil

512 1358 677 1415 aliud
703 1355 1138 1414 constitutionis
1163 1352 1632 1425 nuncupatione,
1655 1366 1842 1423 quam
1861 1346 2168 1421 praedesti-

510 1446 771 1504 nationis
818 1442 1250 1516 signiﬁcatione
1280 1440 1477 1497 sobrie
1525 1438 1686 1497 valet
1712 1436 1974 1507 intelligi.
2010 1433 2165 1501 Quid

1612 68 1669 131 s.
1698 69 2072 130 PRUDENTII
2116 54 2489 124 TRECENSIS
2524 64 2844 129 EPSICOPI

3815 82 3933 137 I320

2200 192 2251 246 A
2288 191 2615 264 aequiperet
2637 211 2650 250 :
2681 195 2905 269 quippe
2934 212 3072 269 quin
3098 196 3178 254 ab
3204 197 3422 267 eisnec
3446 214 3743 257 sensuum
3760 205 3938 274 pravi-

2286 283 2422 344 tate,
2446 297 2555 338 nec
2575 282 3097 356 blasphemiarum
3125 287 3570 345 asseveratione
3598 290 3935 348 secernitur.

2284 367 2388 424 Ais
2420 385 2563 441 ergo
2587 390 2600 428 :

2852 458 3101 503 JOANNES
3146 463 3352 506 SCOTUS
3361 489 3375 503 .

2355 549 2523 621 (Cap.
2557 552 2644 619 19,
2675 565 2845 606 num.
2881 550 2967 620 l2,
3016 556 3156 610 sect.
3194 558 3269 623 t.)
3314 560 3354 608 Θ
3401 555 3488 611 De
3541 561 3773 613 aeterno
3816 572 3937 615 vero

2279 636 2418 706 igne
2443 637 2516 694 de
2543 653 2658 708 quo
2685 641 2962 697 Dominus
2997 642 3060 698 in
3089 643 3426 715 Evangelia
3464 644 3551 701 ait
3571 659 3598 701 .’
3626 645 3738 715 Ite,
3772 647 3937 705 male-

2279 723 2440 792 dicti,
2471 725 2534 781 in
2560 726 2764 796 ignem
2810 732 3121 797 aeternum,
3147 731 3252 804 qui
3279 736 3660 806 praeparatus
3690 738 3785 791 est
3822 736 3939 794 dia-

2279 812 2420 869 bolo
2452 818 2510 870 et
2535 815 2762 886 angelis
2799 817 2929 889 ejus
2972 819 3216 890 (Matth.
3243 837 3384 891 xxv,
3416 823 3539 891 41),
3570 824 3742 879 nulli
3776 824 3938 881 dubi-

2279 903 2530 960 tandum
2563 919 2911 987 corporeum
2961 923 3101 978 esse,
3133 912 3406 982 quamvis
3453 927 3571 982 pro
3612 911 3938 971 subtilitate

2279 996 2519 1049 natura:
2538 994 2926 1063 incorporeus
2937 1012 3058 1054 esse
3076 998 3319 1055 dicatur
3339 1000 3843 1072 quemadmodum
3859 1018 3939 1060 so-

2280 1079 2465 1136 lemus
2494 1080 2691 1138 dicere
2712 1084 3032 1142 aethereum
3061 1088 3362 1157 spiritum,
3385 1104 3522 1144 cum
3545 1095 3769 1162 quarta
3793 1107 3938 1161 pars

2277 1169 2355 1224 sit
2403 1172 2733 1240 corporalis
2789 1179 3117 1248 creaturae;
3170 1192 3277 1235 nec
3325 1178 3538 1247 facere
3580 1180 3933 1238 crediderim

2277 1258 2466 1316 alium
2483 1262 2677 1332 ignem
2693 1270 3113 1333 praeparatum
3140 1267 3222 1322 ad
3232 1268 3610 1336 puniendum
3632 1269 3933 1327 diabolum

2278 1364 2410 1405 cum
2440 1351 2711 1407 omnibus
2756 1354 2880 1408 suis
2911 1354 3208 1426 membris,
3236 1362 3461 1425 praeter
3490 1360 3673 1414 istum
3720 1359 3932 1429 ipsum,

2276 1438 2382 1509 qui
2412 1444 2497 1494 est
2544 1446 2828 1512 quartum
2883 1443 3100 1499 mundi
3138 1445 3515 1502 elementum.
3551 1447 3711 1514 Quid
3739 1451 3937 1505 enim!

512 1535 675 1593 enim
718 1537 1050 1590 metuerent
1095 1530 1367 1588 catholici
1403 1532 1751 1587 tractatores
1780 1525 2167 1600 praedestina-
2196 1546 2236 1602 Β
2276 1528 2554 1599 nunquid
2596 1530 2814 1587 mirum
2863 1532 2917 1587 si
2962 1532 3076 1589 illa
3122 1534 3441 1604 impiorum
3491 1551 3774 1606 corpora,
3803 1553 3935 1609 qua

511 1628 603 1682 tos
628 1624 706 1682 ad
734 1610 1036 1680 interitum
1080 1621 1297 1689 dicere,
1329 1635 1592 1693 quorum
1628 1616 1914 1674 terminos
1942 1613 2163 1672 consti-

510 1717 670 1771 tutos
723 1730 760 1771 a
809 1712 988 1768 beato
1046 1710 1160 1766 Job
1216 1711 1507 1766 noverant
1558 1705 1951 1780 prtedicatos;
2008 1719 2163 1776 quos

508 1802 783 1859 videlicet
810 1802 1097 1859 terminos
1140 1800 1395 1872 qualiter
1438 1796 1764 1867 intelligere
1802 1794 2154 1857 debeamus,

504 1892 927 1949 veracissimus
956 1890 1309 1962 explanator
1355 1888 1623 1956 edoceat,
1657 1884 1971 1955 Gregorius
2000 1883 2161 1939 vide-

466 1980 661 2051 'licet,
710 1980 815 2053 qui
863 1979 923 2035 in
976 1976 1312 2043 Moralibus,
1362 1976 1464 2032 lib.
1517 1991 1618 2039 xu,
1664 1990 1799 2047 cap.
1843 1979 1895 2040 '2,
1951 1972 2035 2029 ita
2079 1972 2162 2028 lo-

507 2072 708 2145 quitur
729 2088 743 2126 :

576 2159 770 2233 [Nulla
822 2175 960 2233 quae
1022 2158 1085 2214 in
1148 2157 1264 2213 hoc
1310 2155 1540 2212 mundo
1604 2153 1953 2243 hominibus
1997 2151 2161 2243 ‘ﬁunt

504 2250 734 2323 absque
764 2247 1190 2321 omnipotentis
1223 2246 1322 2302 Dei
1352 2245 1586 2303 occulto
1610 2241 1860 2301 consilio
1876 2241 2154 2310 veniunt;

502 2356 648 2396 nam
678 2341 897 2396 cuncta
927 2340 1080 2394 Deus
1101 2340 1378 2394 secutura
1400 2334 1744 2409 praesciens,
1772 2335 1909 2389 ante
1938 2329 2159 2387 saecula

502 2428 764 2485 decrevit
805 2426 1061 2500 qualiter
1104 2442 1211 2499 per
1241 2423 1465 2481 saecula
1500 2423 1916 2495 disponantur.
1951 2422 2153 2477 Statu-

501 2522 631 2575 tum
672 2517 898 2590 quippe
942 2517 1073 2588 jam
1119 2513 1349 2572 homini
1390 2517 1480 2569 est
1523 2511 1617 2569 vel
1659 2513 1956 2584 quantum
1991 2509 2155 2565 hunc

499 2605 714 2663 mundi
754 2603 1122 2680 prosperitas
1160 2606 1464 2676 sequatur,
1495 2600 1591 2656 vel
1615 2602 1912 2674 quantum
1941 2597 2153 2653 adver-

501 2696 645 2753 sitas
673 2694 864 2764 feriat,
890 2709 966 2749 nc
1011 2692 1228 2749 electos
1272 2691 1403 2761 ejus
1453 2693 1557 2746 aut
1582 2686 1984 2745 immoderata
2009 2701 2151 2758 pro-

496 2785 747 2859 speritas
775 2783 984 2855 elevet,
1015 2786 1119 2839 aut
1164 2779 1351 2837 nimia
1397 2777 1724 2836 adversitas
1764 2779 1989 2848 gravet.
2020 2775 2148 2832 Sta-

493 2879 690 2933 tutum
715 2889 958 2948 quoque
1001 2876 1088 2928 est
1132 2874 1429 2945 quantum
1469 2869 1530 2926 in
1578 2868 1716 2942 ipsa
1740 2866 1864 2924 vita
1912 2864 2150 2922 mortali
2178 2899 2220 2953 α

492 2963 898 3038 temporaliter
920 2961 1101 3030 vivat,
1130 2964 1240 3017 etc.
1274 2959 1446 3026 Quod
1474 2964 1678 3016 tamen
1702 2954 1949 3025 intelligi
1966 2954 2148 3012 etiam

483 3055 659 3127 juxta
688 3052 960 3127 spiritum
989 3050 1182 3119 valet;
1223 3048 1369 3122 quia
1394 3061 1841 3118 nonnunquam
1879 3044 1942 3100 in
1969 3045 2149 3102 virtu-

485 3144 644 3201 tibus
668 3144 956 3217 proﬁcere
983 3155 1296 3208 conamur,
1327 3140 1385 3194 et
1429 3136 1713 3210 quaedam
1761 3134 1924 3193 dona
1961 3135 2124 3210 perci

483 3234 705 3308 pimus,
729 3249 761 3290 a
793 3230 1163 3305 quibusdam
1182 3243 1324 3284 vero
1352 3224 1575 3299 repulsi
1596 3224 1657 3280 in
1686 3225 1822 3280 imis
1847 3226 2150 3296 jacemus,

482 3326 669 3379 Nemo
717 3322 877 3375 enim
926 3324 1014 3374 est
1052 3317 1157 3390 qui
1206 3320 1439 3372 tantum
1478 3312 1704 3369 virtutis
1732 3312 2148 3386 apprehendat

480 3413 777 3481 quantum
820 3393 1140 3464 desiderat,
1169 3404 1314 3475 quia
1359 3400 1742 3474 omnipotens
1782 3404 1958 3473 Deus,
1996 3402 2143 3458 inte-

479 3496 640 3552 riora
664 3493 1027 3559 discernens,
1053 3491 1199 3563 ipsis
1226 3488 1592 3562 spiritalibus
1617 3490 1983 3565 profectibus
2013 3507 2144 3547 mo-

478 3583 629 3639 dum
658 3581 845 3655 ponit,
880 3582 945 3636 ut
989 3596 1064 3637 ex
1090 3580 1207 3635 hoc
1252 3578 1440 3635 homo
1482 3578 1650 3651 quod
1686 3578 2138 3652 apprehendere

478 3676 750 3741 conatur,
777 3675 833 3729 et
881 3686 1001 3727 non
1053 3669 1227 3739 valet,
1256 3669 1319 3725 in
1347 3667 1460 3724 illis
1508 3685 1571 3724 se
1608 3684 1732 3725 non
1761 3668 1966 3738 elevet,
1999 3686 2136 3743 quas

2267 1616 2541 1686 profecto
2557 1617 2630 1674 de
2647 1618 2739 1674 his
2753 1624 3017 1690 quatuor
3038 1623 3453 1692 corporalibus
3470 1625 3781 1682 elementis
3801 1636 3933 1683 sunt

2274 1713 2602 1775 compacta,
2625 1708 2688 1763 in
2706 1709 3025 1782 eademque
3045 1713 3395 1769 resolvenda
3420 1720 3688 1785 tempore
3708 1732 3933 1788 quoque

2266 1796 2659 1864 praede/inito,
2693 1798 2766 1853 ab
2797 1799 3010 1855 eisdem
3044 1801 3258 1857 iterum
3300 1806 3766 1860 resurrectionis
3814 1823 3926 1861 mo-

2271 1889 2465 1940 mento
2486 1887 2845 1954 revocanda,
2868 1888 2929 1942 in
2951 1889 3057 1943 illo
3082 1890 3217 1960 igne
3239 1906 3353 1962 quo
3373 1900 3802 1950 rcsurrectura
3823 1912 3929 1951 omo

2270 1975 2437 2028 nium
2473 1990 2727 2040 corpora
2750 1978 3015 2034 maxime
3041 1979 3524 2036 substantialiter
3553 1984 3928 2042 constabunt.

2270 2064 2476 2118 merito
2506 2064 2823 2133 impietatis
2853 2080 2976 2121 sua:
3007 2072 3303 2125 tormenta
3328 2070 3658 2138 patiantur
3685 2080 3923 2131 aeterna.

2945 2241 3245 2283 CORRECTIO

2338 2332 2380 2400 -ι-
2409 2332 2775 2404 Corporeum
2827 2349 2956 2390 esse
2999 2334 3355 2393 ﬂammeum
3408 2340 3590 2410 atque
3635 2339 3927 2397 visibilem

2265 2420 2453 2478 mixta
2499 2422 2860 2481 obscuritate
2899 2424 3105 2495 ignem
3147 2427 3441 2498 gehennae
3470 2444 3684 2484 omnes
3720 2431 3927 2487 ortho-

2263 2510 2407 2567 doxi
2434 2511 2849 2582 consentiunt;
2879 2518 3084 2570 utrum
3114 2519 3315 2572 autem
3344 2516 3474 2590 ipse
3506 2517 3580 2574 sit
3611 2517 3711 2591 qui
3739 2533 3925 2590 quar-

2262 2603 2391 2656 tum
2419 2600 2633 2656 mundi
2679 2600 3042 2660 elementum
3081 2609 3352 2677 vocatur,
3384 2621 3509 2663 non
3538 2622 3719 2680 parva
3754 2622 3925 2680 quae-

2262 2688 2373 2745 stio
2400 2692 2509 2745 est.
2534 2689 2775 2746 Videtur
2815 2695 3018 2749 tamen
3068 2696 3191 2750 tam
3220 2710 3295 2751 ex
3334 2694 3532 2752 verbis
3560 2695 3753 2753 sancti
3781 2698 3924 2753 Gre-

2262 2777 2432 2849 gorii,
2478 2795 2615 2851 quas
2665 2795 2852 2852 supra
2890 2780 3230 2854 posuimus,
3274 2799 3464 2857 quam
3514 2799 3586 2840 ex
3619 2787 3928 2842 sententia

2260 2866 2515 2937 Domini,
2546 2866 2699 2923 alius
2752 2884 2918 2925 esse:
2963 2869 3253 2927 dicentis:
3299 2873 3392 2928 Ite
3440 2872 3723 2942 inignem
3752 2878 3929 2931 mter-

2257 2972 2425 3026 num,
2482 2958 2587 3027 qui
2625 2961 2885 3026 paratus
2936 2964 3021 3015 est
3073 2960 3313 3017 diabolo
3365 2967 3423 3017 et
3491 2961 3725 3032 angelis
3791 2965 3921 3033 dus

2258 3044 2499 3115 (Matth.
2519 3062 2664 3114 xxv,
2693 3048 2807 3118 41).
2838 3046 2992 3112 Quid
3021 3047 3183 3105 enim
3228 3065 3474 3106 necesse
3503 3055 3633 3107 erat
3656 3050 3922 3124 speciali-

2261 3136 2345 3190 ter
2367 3134 2484 3190 dici
2512 3137 2791 3207 paratum
2824 3136 3110 3193 cruciatui
3135 3142 3543 3209 peccatorum.
3576 3138 3629 3194 si
3666 3139 3799 3212 ipse
3826 3155 3918 3195 es-

2259 3228 2349 3280 set
2374 3223 2481 3297 qui
2521 3224 2797 3280 omnium
2846 3225 3193 3282 mortalium
3240 3228 3698 3285 necessitatibus
3738 3234 3917 3302 atque

2254 3312 2604 3369 utilitatibus
2629 3314 2899 3371 noscitur
2925 3320 3281 3388 procuratus
3297 3318 3324 3373 ‘I
3351 3317 3468 3373 huc
3498 3318 3732 3374 accedit
3751 3318 3916 3392 quod

2253 3400 2483 3457 dicente
2533 3402 2870 3475 Scriptura:
2918 3404 3239 3461 Devorabit
3274 3421 3403 3462 eum
3437 3407 3596 3477 ignis
3644 3410 3753 3478 qui
3795 3423 3917 3463 non

2249 3492 2633 3548 succenditur
2661 3492 2810 3560 (Job.
2834 3510 2932 3563 xx,
2959 3494 3073 3567 26),
3101 3493 3262 3551 aliud
3294 3495 3487 3569 accipi
3511 3496 3751 3567 debeat,
3773 3514 3918 3572 quo-

2246 3579 2412 3636 niam
2431 3580 2538 3638 iste
2567 3581 2671 3654 qui
2699 3582 2877 3639 nobis
2901 3585 3274 3641 necessarius
3295 3585 3667 3659 quotidianis
3689 3587 3907 3644 usibus
4022 3610 4029 3615 ·

2246 3668 2577 3737 exhibetur,
2607 3685 2999 3744 nequaquam
3024 3673 3346 3730 subsistere
3374 3673 3531 3731 valet
3564 3674 3689 3732 nisi
3715 3675 3913 3747 ligno-

474 3762 651 3820 valet.
686 3761 850 3819 Unde
895 3760 991 3817 ille
1038 3775 1282 3833 quoque
1321 3758 1597 3831 egregius
1625 3756 2002 3832 praedicator,
2030 3759 2136 3833 qui
2241 3772 2380 3814 rum
2409 3757 2727 3815 alteriusve
2750 3760 3013 3817 materiae
3039 3760 3282 3833 pabulis
3324 3762 3648 3831 nutriatur,
3680 3764 3915 3837 quibus

471 3856 680 3927 raptus
708 3867 901 3925 usque
949 3849 1029 3907 ad
1071 3849 1308 3906 tertium
1356 3848 1577 3904 coelum
1622 3847 1834 3916 fuerat,
1867 3848 2133 3920 paradisi
2242 3846 2638 3916 gehennalem
2666 3863 2790 3904 non
2820 3847 3090 3919 indigere
3134 3852 3527 3924 perspicuum
3572 3855 3704 3922 est;
3747 3853 3913 3910 unde

471 3956 695 3999 arcana
718 3941 1157 4013 penetraverat,
1189 3953 1319 3995 esse
1348 3940 1487 4010 post
1512 3936 1939 3993 revelationem
1969 3941 2130 3993 tran-
2242 3939 2299 3991 et
2325 3936 2835 4008 inexstinguibilis
2878 3938 3093 4007 (Marc.
3125 3955 3203 4006 IX,
3229 3942 3321 4009 42,
3352 3941 3446 4013 44)
3474 3940 3538 3997 in
3568 3943 3913 4015 Evangeliis

469 4030 691 4105 quillus
711 4034 891 4102 atque
917 4028 1240 4084 intentatus
1262 4026 1505 4084 volebat
1531 4027 1667 4099 [al.,
1695 4041 1820 4082 non
1844 4025 2125 4098 valebat].
2238 4025 2625 4097 praedicatur.
2655 4026 2770 4083 Sed
2794 4030 2850 4084 et
2878 4027 3137 4101 qualitas
3167 4027 3324 4085 illius
3354 4029 3434 4086 ab
3480 4029 3666 4102 hujus
3718 4032 3913 4106 quali-

468 4120 603 4189 Sed,
662 4119 807 4192 quia
850 4118 1232 4190 omnipotens
1286 4118 1442 4173 Deus
1491 4117 1772 4172 terminos
1818 4117 2127 4172 constituit
2237 4117 2353 4170 tate
2382 4114 2713 4187 plurimum
2739 4115 2936 4173 distat.
2967 4120 3079 4173 Iste
3103 4118 3330 4192 quippe
3367 4118 3539 4177 nulla
3560 4120 3911 4179 diversitate

464 4206 718 4276 homini,
756 4207 858 4280 qui
886 4206 1201 4276 prieteriri
1246 4220 1368 4260 non
1412 4208 1741 4303 poterant,‘
1770 4205 1847 4302 et.
1870 4201 2123 4302 elevavit
2150 4248 2194 4303 Β
2236 4202 2535 4276 quidquid
2549 4204 2820 4303 attigerit
2848 4207 3191 4303 consumiti
3215 4208 3521 4303 illecum
3851 4216 3911 4269 et

463 4296 628 4355 hunc
656 4295 737 4354 ad
764 4293 1190 4366 cognoscenda
1228 4290 1531 4357 sublimia,
1561 4293 1618 4347 et
1638 4290 1875 4348 reduxit
1904 4290 2120 4349 iterum
2150 4290 2192 4303 ⁵¹
2235 4307 2488 4372 corpora
2516 4291 2590 4349 sit
2614 4297 3013 4366 crematurus,
3034 4312 3146 4353 nec
3174 4296 3239 4354 id
3267 4298 3391 4370 agit
3412 4303 3478 4356 ut
3503 4301 3757 4358 omnino
3775 4316 3909 4358 non

463 4385 543 4445 ad
570 4385 812 4442 inﬁrma
838 4382 1166 4454 toleranda,
1196 4385 1280 4447 ut,
1313 4379 1480 4437 modi
1512 4379 1604 4435 sui
1640 4395 1957 4436 mensuras
1989 4382 2118 4453 [al.,

461 4476 831 4548 mensuram]
879 4472 1201 4548 aspiciens,
1233 4469 1383 4526 dum
1430 4468 1809 4526 securitatem
1842 4485 2118 4544 compre-

458 4564 721 4623 hendere
743 4566 1058 4621 conaretur
1083 4565 1289 4618 etnon
1314 4562 1538 4633 posset,
1568 4574 1644 4615 ne
1669 4573 1777 4633 per
1800 4558 2118 4617 elationem

459 4661 624 4713 extra
654 4673 716 4712 se
744 4655 874 4720 iret,
906 4668 1013 4727 per
1037 4650 1779 4735 humilitatemcogeretur
1797 4649 1955 4707 intra
1974 4667 2117 4707 suos

461 4760 698 4815 semper
740 4742 1025 4799 terminos
1073 4740 1266 4797 redire
1313 4740 1406 4809 (II
1430 4739 1567 4796 Cor.
1597 4756 1701 4808 xu,
1749 4742 1801 4810 2,
1850 4744 1903 4807 7,
1948 4744 2004 4806 8,
2033 4739 2115 4812 9.]

458 4831 496 4896 Ἰ·
525 4834 744 4886 Caetera
780 4849 917 4905 quae
964 4847 1158 4905 usque
1211 4829 1290 4887 ad
1334 4829 1520 4886 ﬁnem
1570 4828 1754 4901 hujus
1803 4829 2116 4903 pericopes

459 4917 688 4972 evomis
716 4919 913 4988 potius
950 4936 1138 4992 quam
1175 4919 1443 4988 disseris,
1473 4918 1764 4992 quoniam
1801 4918 2114 4976 fastidiosa

455 5004 816 5080 loquacitate
845 5008 1061 5080 sacpius
1089 5008 1289 5066 etﬂata
1316 5007 1591 5082 replicas,
1619 5007 1865 5064 ulterius
1888 5011 2115 5080 repete-

454 5109 521 5154 re
561 5091 1030 5168 supersedimus.

1092 5183 1316 5241 CAPUT
1353 5189 1481 5242 XIX.

1010 5272 1099 5328 De
1128 5272 1266 5342 igne
1296 5279 1540 5332 aeterno.

524 5367 693 5421 Nona
728 5361 966 5420 decima
1005 5375 1186 5435 porro
1216 5359 1554 5417 elusionum
1582 5364 1822 5417 tuarum
1852 5359 1928 5416 de
1969 5360 2108 5433 igne

452 5457 676 5513 aterno
731 5452 1020 5525 disputat,
1060 5465 1218 5526 quaa,
1268 5449 1601 5523 quamlibet
1642 5448 1734 5505 sui
1777 5450 2107 5525 quantitate

2232 4380 2372 4452 sint,
2401 4397 2512 4438 nec
2553 4381 2864 4455 aequaliter
2909 4385 3117 4443 omnia
3152 4386 3370 4463 adurit,
3406 4388 3534 4459 sed,
3567 4404 3681 4463 pro
3710 4392 3912 4449 varie-

2230 4473 2348 4527 tate
2399 4486 2508 4527 seu
2556 4470 2930 4531 immanitate
2977 4473 3335 4549 facinorum,
3361 4476 3524 4535 hunc
3572 4479 3806 4552 minus,
3841 4479 3911 4537 ῦς

2225 4560 2354 4617 lum
2392 4560 2652 4634 amplius
2678 4562 2944 4620 cruciare
2989 4580 3114 4622 non
3143 4564 3493 4625 dubitatur:
3537 4571 3624 4640 ut,
3656 4568 3809 4624 sicut
3834 4569 3908 4625 in

2224 4665 2411 4722 regno
2438 4650 2728 4707 caelorum
2756 4650 3160 4711 diversitatem
3206 4656 3599 4715 mansionum
3628 4656 3767 4713 facit
3808 4657 3911 4713 di-

2225 4738 2546 4814 sparillitas
2572 4741 2944 4812 meritorum,
2976 4742 3059 4800 ita
3084 4743 3300 4802 inferni
3326 4745 3617 4804 barathro
3655 4745 3906 4804 demer-

2224 4829 2304 4885 sis
2357 4829 2707 4887 varietatem
2753 4833 3191 4890 tormentorum
3238 4838 3481 4906 generet
3532 4835 3906 4911 imparilitas

2221 4933 2476 4991 operum
2499 4918 2868 4991 iniquorum.

2292 5006 2439 5063 Hinc
2462 5006 2729 5079 (Gregor.
2760 5010 3002 5083 Dialog.
3019 5010 3060 5069 l.
3088 5027 3169 5084 IV,
3195 5028 3250 5070 c.
3273 5014 3369 5085 43)
3399 5016 3606 5071 Petrus
3635 5012 3906 5074 beatum

2221 5095 2569 5168 Gregorium
2596 5095 2680 5154 ita
2720 5098 2973 5157 adorsus
2999 5104 3128 5159 est:
3156 5102 3401 5162 Parrus.
3436 5105 3649 5171 Quaeso
3680 5108 3767 5179 te,
3800 5106 3906 5164 in-

2217 5185 2617 5261 quiens,unus
2636 5203 2767 5245 esse
2788 5190 3077 5262 gehennae
3101 5191 3259 5265 ignis
3281 5194 3624 5253 credendus
3646 5202 3743 5254 est
3756 5198 3787 5255 ?
3801 5200 3907 5256 An

2216 5280 2448 5349 quanta
2470 5281 2857 5351 peccatorum
2885 5280 3198 5340 diversitas
3221 5281 3415 5356 fuerit,
3437 5287 3608 5343 tanta
3633 5300 3901 5361 quoque

2216 5366 2615 5425 existimanda
2627 5374 2767 5427 sunt
2776 5374 2833 5426 et
2845 5369 2978 5443 ipsa
2988 5371 3268 5431 incendia
3278 5389 3408 5432 esse
3418 5378 3635 5450 parata
3645 5377 3905 5436 ?—Gu:-

2215 5471 2435 5513 GORIUS.
2452 5459 2614 5514 Unus
2629 5457 2875 5531 quidem
2889 5465 2978 5518 est
2996 5461 3285 5532 gehennaa
3302 5463 3597 5536 ignis,sed
3610 5480 3744 5524 non
3764 5481 3900 5525 uno

420 5558 423 5561 ·
449 5543 649 5604 minor
676 5541 905 5603 caeteris
934 5541 1229 5613 videatur,
1259 5538 1564 5614 impietate
1610 5541 1814 5602 tamen
1842 5540 2103 5616 majores
2212 5544 2400 5605 modo
2419 5560 2632 5607 omnes
2654 5546 2880 5608 cruciat
2890 5556 3252 5623 peccatores.
3280 5554 3705 5631 Unusquisque
3719 5557 3904 5615 enim
