4158 6192
250 181 381 236 1321

1193 179 1284 234 DE
1315 173 1996 232 PREDESTINATIONE
2032 172 2320 231 CONTRA
2356 173 2409 230 J.
2437 171 2712 230 SCOTUM

3523 169 3660 226 I322

262 304 368 362 aL,
391 297 885 372 uniuscujusque;
909 299 1481 374 etenim],quantum
1499 297 1893 371 exigitculpa,
1927 307 1970 360 Α
2010 297 2258 354 tentiam
2289 313 2500 354 eorum
2532 294 2716 353 corda
2742 293 3106 363 convertere,
3140 293 3321 365 atque
3357 290 3495 364 ipsa
3522 306 3666 348 con-

249 395 482 447 tantum
513 387 628 442 illic
659 387 871 443 sentiet
898 404 1142 461 poenam
1168 391 1297 456 [al.,
1325 393 1489 445 tanta
1509 388 1627 444 illic
1651 387 1898 444 sentitur

245 479 473 551 poena].
504 480 675 544 Nam,
720 477 874 532 sicut
912 477 974 532 in
1018 478 1131 534 hoc
1174 478 1404 534 mundo
1457 477 1572 534 sub
1604 493 1726 533 uno
1777 477 1900 533 sole

245 566 419 624 multi
449 565 801 632 consistunt,
819 581 929 622 nec
949 570 1149 622 tamen
1167 567 1439 638 ejusdem
1461 567 1600 622 solis
1622 565 1902 622 ardorem

249 654 558 727 aequaliter
588 653 869 716 sentiunt.
899 655 1042 726 quia
1070 654 1224 710 alius
1269 655 1406 728 plus
1455 659 1688 724 aestuat,
1721 659 1902 726 atque

247 745 400 801 alius
432 744 653 811 minus,
682 743 764 798 ita
790 743 908 800 illic
936 743 997 799 in
1040 760 1162 800 uno
1192 744 1330 814 igne
1355 760 1478 800 non
1508 759 1665 800 unus
1695 745 1783 798 est
1810 742 1900 798 in-

245 832 443 888 cendii
465 831 719 900 modus;
742 832 886 905 quia
907 832 1073 904 quod
1092 833 1186 888 hic
1214 832 1525 889 diversitas
1556 847 1901 904 corporum,

244 921 360 976 hoc
391 919 508 975 illic
553 919 678 989 agit
720 919 1034 976 diversitas
1061 925 1447 993 peccatorum
1477 923 1544 976 ut
1597 924 1653 975 et
1699 919 1903 988 ignem

243 1023 366 1064 non
390 1007 743 1064 dissimilem
767 1007 1052 1075 habeant,
1073 1014 1130 1064 et
1150 1013 1350 1066 tamen
1368 1008 1610 1064 eosdem
1635 1005 1904 1077 singulos

243 1097 614 1152 dissimiliter
643 1100 947 1153 exurat.—-
965 1100 1182 1154 Pramus
1208 1097 1410 1168 (Ibid.,
1433 1114 1566 1170 cap.
1587 1098 1679 1169 44)
1704 1114 1717 1152 :
1742 1099 1902 1152 Nun-

243 1185 564 1259 quidnam,
599 1201 807 1257 quaeso
863 1189 938 1256 te,
971 1185 1229 1242 dicimus
1284 1201 1387 1242 eos
1416 1186 1522 1256 qui
1574 1185 1758 1242 semel
1786 1184 1904 1241 illic

244 1276 426 1331 mersi
453 1274 690 1342 fuerint,
725 1290 963 1348 semper
982 1292 1224 1332 arsuros
1243 1275 1272 1332 ?
1289 1306 1363 1317 —
1379 1278 1697 1333 Gneconws
1717 1292 1730 1330 :
1756 1276 1904 1331 Con-

247 1370 364 1421 stat
407 1362 585 1419 nimis
635 1364 764 1435 [al.,
813 1364 1143 1436 nimirum],
1172 1369 1228 1420 et
1254 1364 1669 1421 incunctanter
1694 1380 1902 1420 verum

246 1458 336 1510 est
366 1455 528 1525 quia,
565 1452 716 1508 sicut
745 1452 882 1508 ﬁnis
911 1469 1036 1509 non
1065 1452 1173 1509 erit
1213 1453 1436 1523 gaudio
1466 1453 1790 1515 bonorum,
1821 1453 1905 1509 ita

245 1543 384 1598 ﬁnis
412 1558 532 1597 non
561 1541 669 1597 erit
689 1545 984 1598 tormento
1005 1541 1325 1598 malorum.
1347 1545 1496 1598 Nam
1517 1557 1656 1598 cum
1677 1541 1903 1597 Veritas

2009 386 2282 443 versione
2311 386 2539 444 salvare
2563 402 2576 440 :
2600 383 2748 458 quid
2777 382 2938 438 enim
2960 379 3123 438 aliud
3153 385 3243 436 est
3270 395 3381 453 pro
3409 379 3666 436 inimicis

2009 477 2330 547 orandum,
2357 475 2472 532 nisi
2496 475 2612 531 hoc
2641 473 2807 546 quod
2838 469 3156 545 Apostolus
3176 469 3289 526 ait:
3323 471 3394 527 Ut
3425 468 3522 526 det
3541 469 3667 525 illis

2010 568 2166 623 Deus
2191 567 2607 638 paenitentiam
2637 563 2719 621 ad
2738 561 3207 634 cognoscendam
3249 560 3585 631 veritatem,
3613 563 3667 614 et

2011 658 2362 727 resipiscam
2392 673 2428 714 a
2459 656 2692 713 diaboli
2739 654 2965 725 laqueis
2991 654 3045 720 (Ι
3073 652 3218 707 Tim.
3249 667 3310 719 ιι,
3342 650 3456 721 25),
3480 665 3516 705 a
3543 664 3668 722 quo

2013 745 2170 817 capti
2201 749 2474 802 tenentur
2528 744 2607 801 ad
2654 743 2842 816 ipsius
2882 741 3272 798 voluntatem.
3304 771 3376 781 —-
3402 742 3620 796 Penus
3651 755 3665 794 :

2013 833 2206 891 Placet
2235 834 2404 908 quod
2434 833 2608 890 dicis.
2640 836 2707 889 Et
2754 831 3065 906 quomodo
3085 846 3196 904 pro
3224 830 3337 886 illis
3367 833 3511 886 tunc
3539 843 3670 886 ora-

2012 922 2173 980 bitur
2197 924 2329 996 [al.,
2353 923 2654 995 orabunt],
2672 922 2778 996 qui
2797 922 2926 993 jam
2947 920 3290 977 nullatenus
3315 923 3570 992 possunt
3589 917 3670 975 ad

2008 1012 2252 1084 justitim
2283 1029 2467 1086 opera
2496 1012 2574 1069 ab
2600 1011 2909 1084 iniquitate
2940 1009 3298 1066 commutari
3319 1009 3432 1064 ‘l—
3452 1010 3671 1065 Gnaeo-

2011 1117 2174 1158 mus:
2202 1102 2422 1159 Eadem
2453 1101 2656 1175 itaque
2679 1116 2870 1158 causa
2893 1104 3001 1170 est,
3025 1115 3132 1156 cur
3151 1115 3275 1156 non
3305 1102 3508 1156 oretur
3526 1102 3669 1154 tunc

2013 1207 2124 1264 pro
2153 1192 2502 1249 hominibus
2546 1196 2768 1249 aeterno
2817 1190 2955 1262 igne
2981 1190 3305 1250 damnatis.
3339 1191 3481 1256 Quae
3505 1203 3670 1244 nunc

2015 1280 2195 1337 etiam
2234 1297 2420 1338 causa
2446 1286 2554 1351 est,
2584 1285 2651 1338 ut
2679 1297 2802 1338 non
2832 1284 3033 1336 oretur
3060 1295 3170 1352 pro
3201 1278 3446 1335 diabolo
3473 1282 3531 1336 et
3560 1292 3672 1334 an-

2015 1369 2161 1440 gelis
2191 1370 2319 1442 ejus
2369 1375 2592 1426 aeterno
2623 1369 2918 1442 supplicio
2961 1366 3282 1441 deputatis,
3313 1383 3450 1440 quae
3506 1380 3670 1422 nunc

2014 1456 2193 1512 etiam
2224 1473 2410 1513 causa
2434 1463 2545 1524 est,
2575 1463 2641 1512 ut
2669 1473 2792 1513 non
2820 1461 2991 1512 orent
3019 1455 3208 1512 sancti
3254 1455 3530 1511 homines
3558 1468 3670 1526 pro

2013 1545 2362 1602 hominibus
2381 1545 2723 1602 inﬁdelibus
2737 1544 3058 1618 impiisque
3073 1543 3388 1612 defunctis,
3402 1543 3514 1598 nisi
3526 1543 3674 1614 quia

245 1632 405 1688 dicat
438 1651 450 1688 :
485 1633 666 1687 [bunt
695 1633 868 1702 impii
894 1632 958 1687 in
1013 1632 1376 1702 supplicium
1420 1637 1729 1702 aeternum,
1747 1632 1907 1702 justi
1935 1652 1974 1705 Β
2014 1633 2089 1690 de
2121 1635 2205 1690 eis
2228 1635 2438 1708 utique
2460 1651 2615 1709 quos
2639 1639 2863 1691 aeterno
2889 1631 3184 1706 supplicio
3205 1631 3524 1704 deputatos
3541 1631 3672 1702 jam

245 1729 442 1778 autem
492 1723 555 1777 in
602 1722 787 1777 vitam
835 1726 1125 1778 wtemam
1177 1715 1414 1792 (Matth.
1439 1738 1582 1792 xxv,
1613 1724 1726 1789 46),
1759 1721 1906 1794 quia

245 1827 456 1867 verum
478 1815 570 1866 est
596 1809 762 1883 quod
783 1809 1076 1882 promisit,
1099 1809 1317 1866 falsum
1345 1809 1553 1882 procul
1573 1809 1760 1866 dubio
1781 1826 1905 1866 non

247 1904 376 1956 erat
418 1899 584 1972 quod
637 1901 902 1956 minatus
949 1903 1038 1956 est
1064 1901 1242 1956 Deus.
1265 1931 1332 1940 ——
1367 1901 1586 1956 Pernus
1610 1917 1623 1955 :
1650 1898 1824 1968 Quid,
1857 1899 1906 1955 si

247 1989 383 2062 quis
412 1989 572 2045 dicat
611 2006 624 2044 :
657 1988 880 2044 idcirco
909 1988 1302 2061 peccantibus
1335 1994 1620 2046 reternam
1657 2005 1905 2062 pcenam

247 2078 513 2134 minatus
558 2082 668 2147 est,
700 2081 765 2133 ut
810 2093 914 2133 eos
959 2093 996 2134 a
1050 2082 1437 2150 peccatorum
1465 2079 1905 2152 perpetratione

248 2167 637 2238 compescat?
667 2166 799 2236 [al.,
848 2169 1255 2238 compesceret
1279 2166 1326 2236 ‘2]
1355 2196 1424 2205 —
1457 2169 1772 2223 GREGORIUS
1799 2183 1811 2221 :
1848 2165 1906 2223 Si

245 2255 468 2310 falsum
492 2258 581 2310 est
605 2253 773 2326 quod
803 2254 1069 2311 minatus
1099 2258 1208 2321 est,
1234 2259 1298 2310 ut
1323 2254 1400 2310 ab
1422 2255 1712 2326 injustitia
1731 2255 1906 2311 corri-

245 2348 434 2414 geret,
469 2344 650 2398 etiam
700 2342 852 2399 falsa
893 2347 982 2399 est
1024 2343 1343 2415 pollicitus,
1377 2348 1441 2399 ut
1489 2343 1567 2400 ab
1612 2343 1901 2415 justitiam

244 2437 622 2506 provocaret;
648 2431 755 2488 sed
781 2431 914 2504 quis
931 2433 1044 2488 hoc
1067 2432 1263 2488 dicere
1284 2432 1376 2489 vel
1405 2433 1654 2488 insanus
1674 2449 1906 2506 praesu-

243 2524 419 2578 mat?
453 2521 585 2577 Etsi
616 2521 882 2577 minatus
911 2525 1004 2577 est
1026 2521 1193 2594 quod
1221 2537 1344 2577 non
1373 2526 1499 2578 erat
1527 2521 1902 2594 impleturus,

245 2613 390 2668 dum
412 2627 676 2668 asserere
694 2627 834 2666 eum
852 2610 1298 2667 misericordem
1314 2611 1616 2681 volumus,
1630 2611 1904 2668 fallacem

251 2702 433 2774 (quod
465 2701 662 2756 dicere
689 2699 857 2755 nefas
885 2701 988 2772 est)
1020 2699 1346 2772 praedicare
1372 2700 1810 2773 compellimur.
1834 2732 1904 2742 —

249 2790 464 2845 Psrnus
491 2806 504 2844 :
535 2789 692 2844 Scire
715 2787 928 2842 vellem
958 2787 1268 2860 quomodo
1289 2788 1520 2858 justum
1543 2788 1617 2845 sit
1640 2793 1707 2846 ut
1725 2788 1905 2862 culpa

248 2895 383 2949 quae
413 2894 550 2932 cum
578 2877 696 2932 ﬁne
725 2881 1068 2948 perpetrata
1098 2881 1204 2942 est,
1229 2877 1354 2931 sine
1375 2877 1494 2934 ﬁne
1521 2877 1904 2950 puniatur.—

254 2968 569 3021 Gnacomus
601 2981 615 3020 :
649 2967 768 3019 Hoc
797 2969 952 3020 recte
976 2964 1272 3019 diceretur
1298 2964 1347 3019 si
1390 2965 1691 3020 districtus
1714 2966 1902 3036 judex
1931 3001 1975 3056 ο

250 3068 378 3108 non
410 3051 590 3107 corda
639 3052 974 3120 hominum,
1009 3052 1113 3107 sed
1163 3051 1321 3107 facta
1367 3058 1664 3124 pensaret.
1712 3054 1902 3126 Iniqui

246 3141 408 3198 enim
451 3141 584 3197 ideo
629 3158 767 3196 cum
816 3142 934 3197 line
985 3141 1384 3214 deliquerunt,
1417 3142 1562 3213 quia
1603 3158 1741 3198 cum
1785 3143 1904 3198 ﬁne

244 3231 520 3286 vixerunt
544 3249 556 3296 ;
583 3246 724 3285 nam
748 3230 1074 3287 voluissent
1097 3230 1322 3302 utique,
1347 3229 1392 3284 si
1419 3230 1756 3302 potuissent
1775 3231 1903 3287 sine

247 3320 372 3376 ﬁne
397 3320 614 3390 vivere,
639 3323 704 3376 ut
733 3320 1070 3392 potuissent
1099 3319 1229 3375 sine
1255 3318 1375 3374 ﬁne
1404 3335 1671 3391 peccare.
1702 3322 1904 3377 Osten-

243 3410 398 3466 dunt
425 3409 585 3466 enim
617 3409 761 3483 quia
783 3409 843 3465 in
866 3414 1114 3482 peccato
1136 3425 1375 3481 semper
1400 3410 1601 3466 vivere
1631 3410 1899 3483 cupiunt,

243 3499 353 3572 qui
400 3515 719 3572 nunquam
766 3498 1049 3554 desinunt
1092 3514 1343 3571 peccare
1373 3498 1520 3555 dum
1557 3499 1780 3555 vivunt.
1813 3499 1904 3555 Ad

245 3603 536 3658 magnam
566 3604 709 3659 ergo
731 3587 1028 3656 justitiam
1048 3587 1377 3659 judicantis
1395 3587 1650 3661 pertinet
1669 3593 1736 3645 ut
1754 3605 1906 3645 nun-

244 3693 434 3750 quam
467 3682 714 3734 careant
745 3675 1058 3750 supplicio,
1078 3676 1184 3749 qui
1212 3676 1274 3732 in
1301 3677 1416 3733 hac
1436 3677 1557 3734 vita
1585 3694 1904 3751 nunquam

244 3766 567 3823 voluerunt
597 3782 798 3823 carere
846 3770 1112 3838 peccato.
1147 3797 1215 3806 —
1244 3769 1502 3824 Pramus:
1539 3766 1655 3824 Sed
1703 3767 1906 3824 nullus

242 3855 444 3927 justus
475 3855 822 3912 crudelitate
853 3853 1142 3928 pascitur,
1172 3859 1229 3910 et
1257 3853 1616 3928 delinquens
1645 3871 1849 3912 servus
1869 3872 1906 3912 a

249 3960 362 4000 suo
389 3945 520 4015 [al.,
545 3945 735 4016 justo]
768 3944 1020 4000 Domino
1041 3943 1263 4000 idcirco
1288 3943 1436 3998 caedi
1461 3944 1820 4017 praecipitur,
1840 3948 1908 4002 ut

250 4049 288 4090 a
303 4033 569 4106 nequitia
583 4033 931 4103 corrigatur.
947 4032 1038 4088 Ad
1048 4032 1162 4088 hoc
1180 4046 1323 4102 ergo
1339 4033 1606 4104 vapulat,
1620 4037 1685 4088 ut
1701 4048 1906 4089 emen-

249 4121 385 4178 dari
413 4122 666 4192 debeat;
698 4122 888 4195 iniqui
917 4125 1122 4179 autem
1176 4122 1467 4192 gehennae
1515 4121 1756 4193 ignibus
1787 4127 1908 4180 tra-

250 4211 359 4268 diti
386 4211 434 4266 si
464 4211 543 4268 ad
571 4211 998 4268 correctionem
1035 4227 1161 4268 non
1206 4211 1585 4285 perveniunt,
1617 4227 1741 4285 quo
1789 4211 1908 4269 ﬁne

251 4315 490 4374 semper
510 4301 842 4358 ardebunt?
860 4332 930 4342 —
951 4304 1290 4358 Gnscomus.
1311 4301 1703 4375 Omnipotens
1727 4304 1905 4372 Deus,

251 4390 397 4463 quia
441 4391 579 4464 pius
610 4395 718 4459 est,
749 4390 1108 4448 miserorum
1137 4390 1407 4448 cruciatu
1431 4408 1557 4448 non
1602 4392 1906 4465 pascitur;

249 4479 400 4552 quia
446 4483 646 4537 autem
687 4481 886 4552 justus
934 4486 1042 4550 est,
1075 4481 1153 4538 ab
1196 4481 1546 4554 iniquorum
1577 4481 1802 4540 ultione
1848 4483 1911 4543 in

247 4571 612 4643 perpetuum
638 4585 764 4626 non
787 4569 1050 4628 sedatur.
1079 4569 1193 4625 Sed
1213 4569 1403 4642 iniqui
1431 4585 1666 4642 omnes,
1690 4575 1912 4627 aeterno

251 4657 548 4732 supplicio
581 4658 866 4732 deputati,
900 4673 1012 4714 sua
1032 4656 1282 4731 quidem
1311 4657 1619 4730 iniquitate
1647 4659 1912 4732 puniun-

252 4750 374 4816 tur,
401 4752 459 4804 et
478 4752 680 4805 tamen
710 4747 789 4804 ad
819 4745 1049 4820 aliquid
1078 4745 1398 4814 ardebunt,
1432 4745 1655 4809 scilicet
1681 4757 1746 4806 ut
1767 4748 1914 4820 justi

250 4851 467 4893 omnes
499 4837 643 4896 etin
673 4839 794 4893 Deo
846 4835 1093 4894 videant
1122 4834 1347 4908 gaudia
1387 4851 1524 4909 qua;
1553 4836 1912 4910 percipiunt,

250 4929 314 4983 et
325 4925 390 4982 in
409 4926 524 4984 illis
538 4925 909 5000 perspiciant
930 4924 1226 5000 supplicia
1240 4941 1373 4999 quae
1399 4931 1718 4986 evaserunt
1733 4942 1748 4988 :
1767 4942 1914 5001 qua-

246 5017 428 5072 tenus
457 5021 624 5074 tanto
652 5015 848 5089 magis
875 5015 938 5074 in
963 5020 1256 5086 aeternum
1275 5015 1496 5081 divinae
1519 5017 1724 5088 gratiae
1750 5016 1916 5077 debi-

249 5108 414 5163 tores
444 5123 506 5164 se
531 5123 663 5164 esse
688 5109 1076 5179 cognoscant,
1094 5110 1324 5180 quanto
1353 5105 1415 5165 in
1437 5109 1728 5165 aeternum
1751 5105 1917 5165 mala

244 5195 454 5269 puniri
484 5196 885 5271 conspiciunt,
906 5211 1038 5268 quae
1069 5195 1200 5267 ejus
1221 5194 1523 5268 adiutorio
1550 5196 1916 5253 vicerunt.—

247 5287 507 5344 Pz'raus:
540 5289 607 5343 Et
629 5285 736 5342 ubi
764 5287 873 5356 est,
895 5283 1064 5357 quod
1093 5283 1284 5340 sancti
1317 5287 1478 5355 sunt,
1512 5285 1561 5340 si
1585 5300 1696 5358 pro
1725 5283 1918 5340 inimi-

247 5374 340 5432 cis
368 5375 514 5446 suis,
549 5391 706 5449 quos
755 5378 898 5431 tunc
939 5372 1151 5431 ardere
1196 5371 1452 5433 viderint
1480 5388 1604 5430 non
1634 5371 1913 5443 orabunt,

245 5462 478 5538 quibus
498 5463 706 5537 utique
723 5462 949 5519 dictum
971 5467 1087 5522 est:
1105 5463 1228 5519 Pro
1245 5462 1500 5520 inimicis
1520 5461 1729 5519 vestris
1749 5465 1917 5518 orate

251 5553 425 5641 (Luc.
463 5569 547 5625 v1,
595 5557 711 5622 28).
742 5583 812 5594 -—
837 5554 1201 5609 Gnsconws:
1254 5553 1437 5641 orant
1490 5565 1600 5624 pro
1651 5549 1912 5641 inimicis

249 5639 385 5699 auis
406 5653 479 5701 eo
510 5644 802 5716 tempore,
830 5656 956 5715 quo
969 5644 1225 5715 possunt
1243 5639 1323 5700 ad
1336 5639 1710 5700 fructuosam
1725 5639 1914 5714 poeni-

541 5730 788 5791 Punon.
830 5731 980 5789 CXV.

1936 4354 1985 4410 D

2012 1727 2332 1792 noverunt,
2353 1729 2490 1781 ante
2521 1724 2688 1780 illum
2718 1722 2935 1796 iudicis
2958 1721 3103 1794 justi
3134 1723 3523 1793 conspectum
3544 1734 3674 1776 ora-

2011 1811 2192 1869 tionis
2243 1829 2371 1870 suae
2425 1812 2706 1870 meritum
2749 1811 2973 1868 cessari
3020 1809 3321 1880 refugiunt
3354 1825 3368 1864 :
3401 1808 3568 1881 quod
3621 1803 3673 1863 si

2012 1915 2176 1958 nunc
2204 1917 2450 1976 quoque
2497 1901 2765 1958 viventes
2805 1899 2948 1972 justi
2976 1897 3227 1954 mortuis
3269 1901 3326 1953 et
3369 1895 3674 1953 damnatis

2012 1990 2252 2063 injustis
2282 1992 2530 2048 minime
2556 1990 3021 2063 compatiuntur,
3050 1987 3298 2061 quando
3338 1985 3536 2042 adhuc
3562 1985 3669 2042 ali-

2013 2080 2164 2152 quid
2187 2079 2515 2151 judicabile
2543 2080 2618 2136 de
2649 2094 2758 2135 sua
2791 2093 2974 2136 causa
3003 2077 3135 2150 [al.,
3158 2075 3362 2147 carne]
3384 2091 3515 2131 sese
3540 2090 3672 2148 per-

2012 2169 2134 2242 peti
2163 2169 2344 2226 etiam
2393 2170 2510 2243 ipsi
2540 2173 2859 2239 noverunt,
2890 2172 3119 2241 quanto
3160 2165 3484 2222 districtius
3525 2170 3670 2221 tunc

2012 2257 2358 2330 iniquorum
2393 2263 2687 2314 tormenta
2715 2257 3060 2329 respiciunt,
3092 2254 3341 2328 quando
3371 2253 3450 2311 ab
3503 2251 3670 2309 omni

2012 2347 2154 2403 vitio
2185 2347 2584 2420 corruptionis
2615 2347 2796 2413 exuti,
2819 2345 2933 2418 ipsi
2957 2345 3087 2416 jam
3127 2343 3370 2416 justitiae
3417 2341 3668 2399 vicinius

2015 2440 2194 2510 atque
2215 2437 2434 2493 arctius
2463 2436 2861 2493 inhaerebunt.
2893 2435 2984 2492 Sic
3013 2435 3240 2508 quippe
3268 2449 3478 2491 eorum
3497 2447 3668 2489 men-

2014 2528 2100 2580 tes
2129 2541 2236 2596 per
2282 2524 2418 2593 hoc,
2450 2525 2617 2598 quod
2663 2523 2995 2595 justissimo
3018 2522 3210 2594 judici
3235 2522 3546 2591 inhaerent,
3577 2519 3668 2575 vis

2012 2613 2396 2670 districtionis
2441 2613 2744 2682 absorbet,
2772 2616 2837 2669 ut
2883 2611 3132 2668 omnino
3181 2611 3266 2667 eis
3313 2625 3438 2666 non
3461 2607 3666 2676 libeat,

2011 2701 2307 2774 quidquid
2336 2700 2415 2758 ab
2436 2701 2590 2757 illius
2615 2705 2852 2757 mternaa
2881 2699 3103 2770 regulis
3136 2697 3458 2755 subtilitate
3503 2695 3669 2753 vide-

2010 2789 2129 2846 rint
2157 2790 2501 2846 discordare
2530 2791 2662 2861 [al.,
2693 2789 3017 2856 discordat,
3048 2804 3161 2844 om.
3188 2786 3488 2857 viderint].

2082 2879 2124 2947 -ι-
2153 2879 2296 2942 Qum
2326 2877 2531 2933 omnia
2561 2893 2698 2931 cum
2729 2877 2792 2931 in
2821 2877 2938 2932 isto
2987 2874 3420 2947 temporalibus
3445 2871 3666 2928 nostris

2012 2965 2469 3021 necessitatibus
2516 2964 2903 3020 commodata
2951 2963 3075 3032 igni
3117 2962 3458 3018 nullatenus
3487 2974 3667 3033 posse

2012 3053 2138 3109 ﬁeri
2186 3058 2413 3109 certum
2456 3053 2551 3121 sit,
2601 3053 2916 3124 conjicitur
2968 3051 3154 3108 alium
3210 3049 3428 3106 debere
3475 3047 3667 3120 accipi

2010 3141 2199 3214 illum,
2231 3144 2337 3216 qui
2353 3147 2614 3212 paratus
2640 3142 2867 3198 dicitur
2895 3141 3155 3206 diabolo,
3187 3145 3243 3197 et
3277 3139 3506 3210 angelis
3536 3140 3666 3208 ejus

2014 3231 2250 3304 (Matth.
2281 3248 2420 3300 xxv,
2441 3233 2534 3305 41)
2563 3250 2577 3289 :
2611 3248 2682 3288 ac
2711 3247 2818 3304 per
2862 3231 2976 3288 hoc
3018 3246 3142 3287 non
3189 3228 3668 3302 improbabiliter

2010 3321 2260 3378 forsitan
2293 3321 2525 3389 dicitur,
2559 3322 2714 3378 alius
2746 3321 2825 3378 ad
2855 3319 3212 3377 cruciandos
3239 3318 3460 3392 impios
3481 3335 3518 3374 a
3546 3320 3667 3374 Deo

2012 3415 2271 3474 creatus,
2303 3411 2447 3484 quia
2473 3410 2703 3484 absque
2724 3410 3114 3466 materiarum
3140 3407 3436 3464 alimentis
3455 3423 3668 3464 eorum

2013 3515 2286 3572 corpora,
2332 3504 2390 3556 et
2438 3499 2675 3556 animas
2719 3499 2846 3555 sine
2894 3498 2987 3554 sui
3031 3497 3392 3569 illorumque
3433 3495 3670 3552 defectu

2010 3588 2201 3662 possit
2229 3605 2496 3659 exurere,
2513 3589 2680 3662 quod
2701 3589 2884 3644 istum
2907 3588 3034 3644 sine
3053 3586 3364 3644 tormentis
3393 3601 3673 3659 corpora-

2009 3677 2169 3734 libus
2200 3678 2542 3735 nullatenus
2573 3677 2770 3734 valere
2797 3677 3286 3734 manifestissime
3316 3675 3674 3749 comproba-

2013 3773 2127 3827 tur.
2163 3772 2244 3826 De
2273 3769 2494 3842 quibus
2517 3767 2664 3840 quia
2687 3771 2910 3824 temere
2940 3767 3087 3823 nihil
3112 3767 3415 3824 afﬁrmare
3441 3782 3671 3838 praesu-

2013 3875 2138 3924 mo,
2167 3858 2282 3914 hoc
2307 3861 2533 3914 certum
2572 3861 2745 3912 teneo
2784 3856 2846 3911 in
2888 3856 2989 3912 illo
3019 3855 3164 3925 igni,
3195 3854 3363 3927 quod
3387 3859 3672 3926 quartum

2015 3948 2377 4005 elementum
2398 3944 2615 4000 dicitur
2635 3948 2980 4001 sanctorum
3007 3959 3262 4016 corpora
3279 3957 3673 4015 nequaquam

2016 4032 2486 4093 substantialiter
2525 4038 2896 4103 constatura,
2925 4031 3072 4105 quia
3101 4047 3362 4105 quorum
3398 4047 3541 4088 vera
3566 4031 3676 4088 erit

2017 4123 2229 4198 gloria,
2242 4121 2697 4194 etincorruptio,
2712 4125 2867 4178 certe
2885 4121 3035 4178 sicut
3053 4136 3189 4178 aere
3200 4125 3430 4194 etaqua
3449 4135 3573 4178 non
3588 4120 3675 4176 in-

2017 4211 2415 4285 digebunt,ita
2426 4226 2535 4267 nec
2552 4210 2706 4281 ignis
2720 4226 2823 4267 eos
2833 4210 3246 4268 necessitatem
3256 4210 3487 4283 perpeti
3496 4225 3676 4267 verax

2018 4303 2172 4361 ratio
2197 4300 2392 4360 innuit
2421 4318 2435 4358 :
2461 4301 2828 4374 promittitur
2854 4301 3080 4374 quippe
3109 4299 3330 4356 sanctis
3368 4300 3674 4372 omnibus,

2020 4391 2189 4467 quod
2208 4390 2460 4450 eruntin
2485 4389 2587 4447 illa
2605 4389 2798 4447 beatas
2816 4389 3263 4447 resurrectionis
3280 4388 3469 4458 gloria
3485 4404 3678 4461 aequa-

2022 4484 2105 4540 les
2134 4482 2368 4552 angelis
2395 4480 2506 4536 Dei
2527 4480 2690 4551 (Luc.
2712 4496 2813 4546 xx,
2846 4480 2957 4550 36).
2993 4478 3153 4536 Sicut
3180 4493 3324 4548 ergo
3355 4477 3545 4533 sancti
3575 4491 3680 4532 an-

2020 4570 2136 4641 geli
2165 4585 2289 4626 non
2331 4567 2560 4626 habent
2604 4566 2992 4624 beatitudinis
3025 4582 3149 4622 suae
3179 4565 3434 4636 gloriam
3458 4565 3521 4620 in
3562 4564 3678 4620 isto

2017 4657 2167 4730 igni,
2197 4658 2423 4730 quippe
2465 4656 2570 4729 qui
2610 4671 3003 4728 nequaquam
3052 4671 3125 4712 ex
3167 4653 3475 4710 elementis
3517 4669 3680 4710 com-

2017 4746 2204 4822 pacti,
2238 4746 2347 4802 sed
2385 4761 2459 4801 e1:
2505 4743 2692 4803 nihilo
2739 4744 2884 4800 facti
2932 4743 3256 4800 creduntur
3290 4759 3303 4798 :
3336 4742 3438 4800 illa
3462 4741 3677 4814 sancti,

2021 4833 2302 4910 quamvis
2356 4832 2622 4905 habeant
2667 4831 2881 4888 eadem
2923 4847 3201 4904 corpora,
3227 4847 3499 4905 quarper
3521 4847 3681 4890 mor-

2020 4929 2144 4985 tem
2186 4924 2424 4985 fuerant
2459 4921 2745 4993 resoluta,
2792 4921 3045 4995 perenni
3087 4921 3517 4993 gloriﬁcatione
3569 4923 3681 4980 im-

2021 5016 2276 5086 mutata,
2305 5009 2661 5076 nuncmodo
2689 5014 2895 5070 tamen
2940 5010 3328 5069 beatitudinis
3365 5011 3680 5086 praemium

2022 5104 2086 5162 in
2115 5103 2255 5175 igne
2282 5099 2634 5176 percipient,
2664 5099 2772 5157 sed
2795 5100 2860 5158 in
2907 5101 3412 5168 contemplatione
3441 5116 3682 5174 semper

2022 5192 2278 5252 viventis
2322 5190 2447 5262 Dei,
2496 5189 2600 5264 qui
2649 5189 2831 5247 pullis
2889 5190 3323 5250 elementorum
3384 5193 3680 5248 creatura-

2022 5297 2235 5342 rumve
2264 5278 2670 5356 quarumlibet
2704 5279 2914 5354 spatiis
2954 5279 3495 5348 circumscribitur;
3528 5277 3680 5352 quin

2021 5372 2222 5445 potius
2265 5374 2482 5429 cuncta
2525 5385 2650 5426 suae
2697 5368 3147 5444 omnipotentiae
3189 5369 3398 5426 virtute
3428 5367 3680 5426 circum-

2021 5459 2293 5533 plecitur,
2315 5460 2484 5530 regit,
2511 5457 2721 5532 implet
2748 5463 2806 5516 et
2823 5460 3104 5522 continet.

2095 5549 2247 5615 Quia
2259 5548 2438 5618 igitur
2452 5547 2974 5621 quemadmodum
2985 5549 3117 5619 jam
3136 5546 3551 5619 probavimus,
3567 5547 3678 5602 Do-

2022 5637 2228 5700 minus
2257 5640 2460 5697 noster
2484 5638 2654 5695 Jesus
2682 5635 2950 5698 Christus
2995 5649 3244 5708 corpore
3272 5634 3430 5692 ultra
3461 5647 3676 5691 omnes
