4158 6192
241 176 383 234 1338

205 414 209 418 ·
237 388 503 445 Plurimi
520 388 940 444 dormientium
969 389 1043 445 de
1064 394 1239 445 terras
1257 391 1511 458 pulvere
1537 395 1806 460 sument,
1829 388 1896 444 hi

237 479 303 533 in
334 479 518 534 vitam
541 484 843 544 (sternam,
873 482 931 533 et
960 477 1027 533 hi
1042 480 1102 534 in
1134 478 1487 548 opprobium
1517 484 1570 535 et
1602 480 1895 550 confusio

238 581 374 624 nem
414 570 697 623 aeternam
722 581 743 622 :
793 565 867 621 Et
899 567 1299 638 intelligentcs
1338 567 1683 638 fulgebunt,
1739 569 1894 625 sicut

236 656 525 726 splendor
538 657 922 727 ﬁrmamenti,
951 659 1009 712 et
1033 656 1106 712 de
1129 656 1307 727 justis
1326 658 1509 712 multi
1532 659 1683 713 sicut
1704 657 1895 714 stellas

238 743 740 815 insempiternum
765 746 946 816 (Dan.
977 750 1148 813 xn,2,
1179 748 1255 817 3).
1282 748 1481 818 Neque
1497 746 1659 801 enim
1679 746 1739 801 in
1771 746 1894 802 sole

237 837 297 890 et
320 833 486 903 luna,
519 834 903 890 ﬁrmamento
934 838 990 890 et
1018 834 1201 890 stellis
1247 834 1625 891 circumcisio
1665 829 1895 908 aliquid

237 917 397 974 valet
423 922 529 973 aut
555 918 953 990 praeputium;
984 918 1090 974 sed
1116 924 1205 976 est
1258 935 1422 975 nova
1468 919 1732 976 conditio
1765 920 1895 977 sine

158 1018 171 1026 '
234 1005 329 1062 his
352 1006 625 1080 partibus
674 1021 1019 1079 corporum,
1073 1022 1210 1081 qum
1260 1013 1516 1081 possunt
1566 1009 1775 1066 secari.
1811 1013 1895 1066 lta

236 1096 418 1167 igitur
430 1101 491 1154 et
507 1110 622 1153 nos
649 1096 754 1169 qui
772 1096 1080 1167 diligimus
1108 1099 1297 1154 Deum
1326 1103 1384 1155 et
1408 1104 1897 1173 prteparatasunt

238 1186 439 1257 nobis,
454 1199 595 1269 gate
614 1200 721 1245 nec
748 1188 959 1243 oculus
999 1188 1169 1253 vidit,
1192 1186 1300 1245 nec
1328 1191 1496 1246 auris
1514 1189 1765 1258 audivit,
1786 1200 1896 1247 nec

237 1275 303 1331 in
325 1290 432 1332 cor
457 1274 714 1332 hominis
764 1275 1162 1332 ascenderunt
1191 1278 1246 1349 (Ι
1266 1276 1395 1333 Cor.
1428 1293 1491 1350 11,
1542 1277 1619 1350 9),
1650 1292 1791 1334 cum
1818 1278 1896 1334 dc

238 1378 489 1438 corpore
513 1363 865 1420 humilitatis
894 1364 1301 1439 transformati
1346 1365 1635 1422 fuerimus
1658 1367 1723 1423 in
1766 1382 1897 1423 oor-

235 1466 353 1528 pus
367 1452 569 1524 gloriae
588 1453 825 1509 Domini
839 1455 977 1509 Jesu
986 1454 1220 1511 Christi.
1237 1454 1387 1511 Illud
1399 1455 1761 1512 habebimus
1774 1472 1900 1512 cor-

234 1557 354 1617 pus
377 1542 545 1616 quod
593 1557 706 1599 nec
759 1541 1001 1599 Iudaeus
1058 1544 1248 1616 possit
1298 1544 1585 1614 incidere,
1616 1561 1727 1602 nec
1757 1562 1899 1602 cum

1214 175 1304 231 os
1341 144 2038 233 rmoss'rmartostt
2083 177 2365 236 coam
2400 182 2447 238 ι.
2492 179 2795 241 SCOTUM.

118 372 125 379 .
236 302 351 371 41),
371 299 445 355 de
474 309 596 370 qua
623 298 684 354 et
710 296 914 355 Daniel
949 298 1082 371 pari
1105 310 1252 355 voce
1280 298 1609 355 concordat
1633 299 1839 356 dicens
1873 316 1886 355 :
1921 299 1971 356 Α
2000 302 2278 360 novimus
2298 318 2439 361 eum
2466 304 2804 363 secundum
2818 314 3084 363 carnem.
3107 305 3273 363 Certe
3298 305 3361 363 in
3388 321 3652 366 resurre-

3512 188 3650 251 1326

1998 390 2192 448 ctione
2213 393 2427 450 eadem
2445 394 2556 451 erit
2583 404 2910 467 corporum
2952 392 3314 464 substantia,
3342 410 3467 468 qua
3489 411 3653 457 nunc

1997 480 2240 551 utimur,
2270 482 2407 540 licet
2461 483 2692 541 auctiOr
2718 472 2910 555 gloria
2939 496 2954 542 t
2983 496 3132 542 nam
3155 487 3213 541 et
3253 483 3525 542 Salvator
3569 484 3662 542 in-

1996 572 2229 627 tentum
2256 571 2460 644 ipsum
2477 586 2697 645 corpus
2726 573 2939 631 habuit
2965 576 3103 647 post
3147 572 3390 643 inferos,
3423 573 3487 631 in
3531 590 3658 649 quo

1997 662 2054 714 et
2074 660 2391 743 cruciﬁxus
2415 666 2526 731 est,
2565 663 2640 719 Ut
2667 674 2884 720 manus
2910 665 3260 734 per/oratus
3273 663 3464 722 clavis
3475 669 3533 722 et
3565 665 3656 723 la-

2000 750 2141 807 teris
2162 754 2379 809 vulnus
2408 754 2741 812 ostenderet
2771 755 2995 827 (Joan.,
3026 764 3128 823 xx,
3152 758 3223 812 20
3255 758 3312 812 et
3330 755 3443 829 27).
3477 757 3660 813 Porro

2001 839 2053 931 _si
2078 841 2298 931 clausis
2328 840 2632 931 ingfessus
2669 848 2754 901 est
2801 845 2967 902 ostiis
3018 844 3219 915 (Ibid.,
3255 843 3465 918 £326),
3494 844 3666 917 quod

2000 928 2411 987 humanorum
2438 928 2779 1005 corporum
2806 937 3024 990 natura
3052 948 3177 990 non
3206 932 3467 1006 patitur;
3518 949 3662 1005 ergo

2001 1020 2058 1073 et
2076 1019 2325 1076 Petrum
2355 1024 2413 1077 et
2436 1022 2757 1079 Dominum
2784 1022 3145 1094 negabimus
3186 1038 3329 1081 vera
3372 1022 3665 1081 habuisse

2000 1121 2257 1181 corpora
2289 1111 2397 1182 qui
2426 1111 2891 1169 ambulaverunt
2934 1125 3115 1182 super
3174 1123 3364 1184 aquas
3419 1111 3663 1181 (Matth.

1999 1206 2120 1263 xw,
2154 1201 2221 1252 25
2252 1202 2307 1254 et
2335 1199 2449 1271 29),
2477 1199 2645 1272 quod
2670 1204 2880 1258 contra
2906 1203 3190 1259 naturam
3227 1204 3336 1258 est.
3367 1201 3441 1258 In
3468 1216 3669 1259 resur-

2001 1288 2263 1344 rectione
2290 1290 2661 1346 mortuorum
2698 1304 2819 1347 non
2845 1290 3092 1359 nubent,
3132 1300 3323 1363 neque
3359 1289 3669 1349 nubentur

2002 1376 2106 1431 sed
2130 1377 2353 1435 similes
2373 1384 2550 1435 erunt
2576 1381 2809 1451 angelis
2836 1381 3006 1453 (Luc.
3049 1397 3151 1453 xv,
3207 1384 3299 1451 35,
3325 1380 3437 1454 36),
3491 1378 3668 1454 quod

2005 1464 2105 1520 alii
2154 1466 2369 1538 postea
2405 1466 2469 1523 in
2527 1468 2693 1525 caelis
2748 1470 2932 1526 futuri
2981 1473 3142 1533 sunt.
3172 1468 3293 1527 hoc
3314 1469 3577 1542 virgines
3601 1469 3667 1527 in

2007 1558 2163 1611 terra
2181 1568 2315 1611 esse
2340 1560 2670 1630 cmperunt.
2689 1558 2748 1614 Si
2764 1557 3124 1628 angelorum
3143 1559 3320 1616 nobis
3336 1558 3666 1617 similitudo

238 1634 537 1713 pmputio
563 1633 861 1690 custodire
889 1633 1157 1703 Gentilis,
1188 1650 1386 1708 neque
1417 1635 1583 1691 aliud
1613 1636 1742 1713 [ala
1775 1652 1899 1693 non
1930 1653 1973 1713 ι
2006 1644 2390 1717 promittitur,
2420 1646 2573 1702 inter
2601 1646 2851 1717 angelos
2881 1651 3085 1705 autem
3100 1651 3346 1715 nonest
3374 1661 3553 1707 sexus
3580 1647 3670 1703 di-

234 1723 430 1798 quod]
452 1722 625 1794 juxta
642 1722 1043 1780 substantiam
1065 1723 1160 1794 sit,
1188 1723 1294 1779 sed
1313 1736 1439 1798 quo
1455 1725 1628 1797 juxta
1646 1724 1901 1796 gloriam
2007 1734 2278 1806 versitas,
2312 1740 2416 1793 aut
2435 1736 2563 1792 sine
2617 1750 2765 1794 sexu
2804 1739 3050 1808 erimus,
3082 1736 3253 1811 quod
3301 1736 3504 1810 angeli
3531 1740 3674 1796 sunt

242 1813 319 1869 sit
342 1811 699 1883 diversum]
1442 1869 1447 1872 ,

314 1903 357 1973 ιιι
374 1901 538 1958 Idem
558 1900 620 1958 in
649 1900 1024 1974 expositione
1055 1903 1219 1958 tome
1238 1902 1573 1976 praphetm.
1599 1905 1697 1977 [Et
1712 1903 1905 1963 suble-

242 1992 407 2049 vabis
436 1988 917 2061 decorrupts'one
965 1991 1153 2047 vitam
1194 2006 1408 2060 meam,
1450 1993 1702 2050 Dbmine
1746 1994 1903 2050 Deus

242 2094 407 2139 meus
432 2082 587 2154 (Ion.
611 2097 673 2152 ιι,
700 2081 774 2153 7).
803 2080 1195 2153 Septuaginta
1223 2097 1237 2137 :
1261 2082 1340 2138 Et
1370 2082 1649 2140 ascendet
1678 2082 1751 2140 de
1778 2098 1906 2139 corn

245 2172 525 2243 raptione
550 2172 677 2228 vita
703 2184 857 2240 mea,
896 2171 1147 2228 Domine
1174 2177 1324 2229 Deus
1348 2186 1532 2229 meus.
1584 2174 1905 2246 Propterea

244 2260 389 2318 dixit
410 2260 780 2328 sublevabis,
810 2260 904 2316 vel
926 2253 1211 2317 ascendet
1255 2261 1332 2317 de
1360 2262 1745 2336 corruptione
1781 2262 1905 2320 vita

243 2364 404 2422 mea,
434 2350 581 2425 quia
606 2348 687 2406 ad
715 2349 1160 2422 corruptionem
1192 2354 1249 2406 et
1276 2346 1359 2407 ad
1388 2348 1622 2408 inferna
1660 2351 1906 2408 descen-

241 2440 433 2496 derat.
458 2442 581 2496 Hoc
590 2443 682 2496 est
697 2438 866 2512 quod
885 2439 1146 2513 apostoli
1175 2440 1639 2513 interpretantur
1666 2439 1905 2498 decimo

240 2530 456 2605 quinto
480 2528 720 2602 psalmo
746 2541 823 2586 ex
872 2519 1135 2602 persona
1166 2526 1401 2586 Domini
1431 2531 1857 2603 prophetatum
1884 2547 1899 2586 :

246 2620 539 2688 Quoniam
559 2630 681 2675 non
707 2619 1086 2690 derelinques
1104 2620 1373 2676 animam
1398 2632 1589 2677 meam
1611 2622 1674 2676 in
1715 2621 1906 2691 infer-

244 2721 343 2780 no,
368 2722 480 2765 nec
499 2708 671 2765 dabis
692 2709 970 2764 sanetum
1013 2715 1180 2764 tuum
1209 2709 1411 2766 videte
1435 2709 1902 2781 emptionem,

245 2797 413 2874 quod
442 2796 630 2853 David
678 2796 921 2874 scilicet,
952 2799 1011 2851 et
1048 2801 1322 2853 mortuus
1381 2798 1454 2854 sit
1502 2802 1561 2855 ct
1590 2799 1899 2872 sepultus:

244 2872 567 2943 salvatoris
592 2889 797 2942 autem
826 2872 970 2941 caro
990 2900 1115 2966 non
1144 2886 1302 2944 videt
1331 2888 1464 2959 [al.,
1488 2888 1740 2960 videbit]
1770 2905 1904 2946 cor-

249 2976 611 3070 ruptionem.
642 2975 908 3070 Aliivero
932 2975 1416 3070 interpretentur,
1449 2977 1619 3070 quod
1638 2978 1720 3033 ad
1735 2992 1908 3070 enim
1934 3008 1977 3070 ο

251 3064 634 3139 perationem
656 3063 914 3120 calcatis
941 3064 1331 3121 beatitudinis
1364 3069 1425 3122 et
1449 3065 1619 3121 verbi
1646 3067 1748 3123 Dei
1788 3068 1904 3125 hu-

216 3164 507 3211 -manum
536 3164 755 3227 corpus
801 3153 1102 3227 corruptio
1150 3154 1245 3226 sit,
1285 3155 1451 3229 quod
1481 3155 1812 3213 seminatur
1841 3156 1905 3215 in

250 3244 657 3318 corruptione,
703 3248 761 3300 et
804 3244 866 3301 in
910 3244 1235 3301 centesimo
1266 3245 1535 3302 secundo
1563 3245 1802 3319 psalmo
1831 3260 1906 3304 ex

246 3346 513 3409 persona
536 3333 681 3405 justi
711 3333 1117 3405 signiﬁcetur:
1153 3334 1267 3402 Qui
1294 3341 1471 3392 sanat
1500 3349 1700 3393 omnes
1738 3337 1908 3408 inﬁr-

246 3426 484 3482 mitates
514 3429 670 3492 tuas,
696 3424 803 3496 qui
831 3424 1078 3480 redemit
1094 3438 1170 3480 ea;
1186 3421 1309 3496 [al.,
1328 3424 1428 3496 de]
1450 3426 1701 3483 interitu
1720 3428 1905 3484 vitam

248 3520 433 3571 tuam.
492 3512 659 3569 Unde
704 3517 765 3568 et
812 3511 1138 3585 Apostolus
1154 3512 1334 3569 dicit:
1363 3514 1679 3587 Μίδα-,θρα
1708 3516 1904 3584 homo,

246 3604 381 3676 quis
403 3615 496 3659 me
536 3601 813 3658 liberabit
837 3575 911 3658 de
927 3613 1178 3672 corpore
1196 3603 1401 3658 mortis
1435 3575 1673 3674 hujus”?
1715 3575 1901 3678 (Rom;

245 3706 350 3762 vn,
370 3695 484 3763 24),
508 3695 567 3748 et
595 3690 933 3764 appelletur
948 3705 1166 3762 corpus
1193 3694 1401 3748 mortis
1425 3693 1517 3749 vel
1545 3707 1762 3765 corpus
1791 3697 1907 3753 ltu-

248 3783 546 3839 militatis.
569 3784 690 3838 Hoc
716 3781 797 3837 illi
828 3780 906 3837 ad
937 3780 1321 3837 occasionem
1343 3796 1466 3838 suae
1483 3783 1908 3842 ducanthsere-

250 3884 405 3940 secs,
439 3875 507 3928 ut
529 3869 645 3927 sub
665 3884 925 3944 persona
973 3869 1186 3927 Christi
1238 3871 1562 3928 mentiatur
1616 3875 1910 3932 Antichri-

250 3962 437 4027 stum,
462 3959 749 4016 Ecclesiae
771 3964 1030 4025 teneant,
1064 3963 1131 4015 ut
1150 3962 1418 4015 ventrem
1437 3960 1906 4032 pinguissimum

246 4047 537 4117 nutriant,
561 4052 617 4104 et
630 4048 950 4104 carnaliter
972 4048 1261 4111 viventes,
1277 4051 1488 4103 contra
1510 4061 1756 4104 carnem
1782 4048 1908 4104 dis-

248 4140 493 4215 putent:
526 4149 640 4192 nos
671 4141 875 4192 alitem
899 4136 1127 4192 scimus
1152 4135 1236 4192 de
1273 4136 1642 4215 incorrupta
1676 4136 1908 4206 virgine

249 4214 471 4299 corpus
486 4231 869 4299 assumptum
888 4240 1011 4282 non
1032 4226 1479 4298 corruptionem
1496 4225 1707 4283 Christi
1723 4225 1911 4283 fuisse

251 4315 361 4372 sed
406 4315 720 4390 templum.
776 4317 949 4382 Quod
1003 4316 1054 4371 si
1080 4315 1142 4372 in
1172 4316 1439 4390 Apostoli
1467 4312 1547 4373 ad
1571 4308 1906 4374 Corinthios

248 4406 312 4477 (Ι
324 4404 463 4463 Cor.
493 4420 592 4470 xv,
618 4406 711 4477 44)
738 4406 1096 4462 sententiam
1114 4394 1428 4476 trahimur,
1460 4406 1522 4462 in
1542 4420 1665 4481 qua
1687 4422 1909 4481 corpus

249 4494 471 4551 dicitur
500 4495 780 4567 spiritale,
798 4510 874 4552 ne
891 4495 1246 4553 contentiosi
1272 4496 1604 4566 videamur,
1636 4498 1911 4554 dicemus

246 4582 456 4656 ipsum
483 4582 727 4656 quidem
750 4599 968 4658 corpus
996 4586 1279 4642 eteadem
1311 4601 1556 4642 carnem
1577 4600 1910 4664 resurgere,

250 4687 389 4747 quae
422 4676 656 4746 sepulta
675 4678 783 4739 est,
813 4687 951 4747 quae
995 4674 1059 4729 in
1104 4674 1293 4730 humo
1350 4674 1592 4731 condita.
1642 4680 1749 4746 est,
1807 4672 1914 4732 sed

252 4765 488 4818 mutare
518 4766 819 4819 naturam.
857 4763 1103 4832 Oportet
1143 4763 1300 4819 enim
1357 4765 1772 4833 corruptivum
1804 4763 1939 4821 ἦσθ’

250 4849 507 4908 induere
532 4853 1065 4923 incorruptionem,
1097 4857 1153 4908 et
1182 4853 1443 4909 mortale
1495 4852 1605 4909 hoc
1664 4852 1918 4929 induere

248 4938 789 5009 immortalitatem,
838 4940 1087 5015 quando
1138 4940 1356 4997 dicitur
1436 4940 1573 5007 hoc,
1618 4941 1921 5015 quodam-

250 5025 445 5084 modo
493 5025 739 5086 duobus
811 5028 1076 5099 digitulis
1131 5025 1641 5103 comprehensum
1692 5042 1919 5105 corpus

250 5116 612 5186 ostenditur,
663 5118 785 5174 hoc
823 5118 887 5173 in
932 5130 1055 5192 quo
1104 5120 1437 5186 nascimur,
1496 5120 1614 5177 hoc
1655 5119 1718 5177 ω
1764 5134 1919 5193 quo-

249 5206 571 5279 morimur,
593 5207 710 5264 hoc
725 5206 893 5281 quod
935 5208 1146 5264 timent
1158 5208 1444 5281 recipere,
1495 5209 1601 5281 qui
1626 5207 1922 5282 mutendi

251 5297 419 5363 sunt,
446 5294 567 5353 hoc
587 5296 759 5371 quod
783 5295 1094 5368 virginitas
1135 5292 1442 5371 exspectat
1485 5296 1919 5371 adprmmiam;

253 5383 623 5443 adulterium
651 5384 934 5444 formidat
960 5386 1043 5444 ad
1062 5384 1354 5460 partem]

278 5524 284 5529 .
326 5473 370 5543 τ
396 5474 565 5533 Idem
594 5475 665 5533 in
702 5475 856 5534 libro
903 5479 1114 5535 contra
1167 5476 1553 5534 Jovinianum
1583 5478 1605 5532 Ι
1636 5488 1654 5531 :
1683 5473 1821 5549 [Qui
1855 5477 1923 5535 in

254 5562 563 5624 Christum
588 5567 890 5624 credimus
920 5566 1131 5625 Christi
1160 5570 1464 5625 sectamur
1507 5566 1788 5641 exempla
1812 5568 1924 5626 etsi

260 5664 634 5715 noveramus
648 5656 823 5715 illum
846 5657 1020 5730 juxta
1036 5668 1305 5727 θαι-ηοω,
1335 5657 1445 5715 sed
1460 5657 1590 5731 jam
1616 5670 1783 5717 nunc
1800 5672 1928 5719 non

2011 1827 2115 1879 aut
2134 1828 2296 1916 certe
2331 1826 2500 1898 quod
2525 1825 2757 1899 liquido
2785 1827 3235 1901 comprobatur,
3291 1830 3671 1916 resurgentes

2008 1913 2071 1968 in
2095 1913 2340 1987 proprio
2366 1928 2531 1979 sexu,
2567 1927 2747 1973 sexus
2785 1931 2912 1973 non
2933 1915 3257 1988 fungamur
3286 1915 3535 1987 ofﬁcim]

2080 2040 2124 2111 -ι-
2153 2036 2522 2111 Augustinus
2561 2038 2623 2098 in
2651 2036 2804 2100 libro
2835 2037 3195 2101 Enchrldlon
3213 2038 3350 2119 (cap
3375 2040 3494 2118 88):
3516 2037 3669 2116 [Non

2012 2129 2174 2185 enim
2200 2128 2351 2204 perit
2368 2130 2487 2188 Deo
2508 2131 2743 2191 terrena
2763 2132 3062 2204 materies,
3077 2128 3155 2190 de
3182 2144 3305 2209 qua
3323 2127 3671 2192 mortalium

2011 2222 2248 2276 creatur
2302 2235 2442 2278 caro
2476 2239 2489 2278 :
2526 2216 2636 2278 sed
2664 2222 2727 2279 in
2757 2218 3091 2297 quemlibet
3144 2220 3457 2299 pulverem
3500 2222 3661 2282 cine-

2008 2325 2209 2365 remve
2239 2309 2520 2384 solvatur,
2549 2307 2614 2369 in
2641 2308 2939 2387 quoslibet
2967 2309 3190 2371 halitus
3212 2325 3513 2389 aurasque
3563 2310 3674 2375 dlf-
3698 2348 3699 2351 η

2009 2398 2216 2470 fugiat,
2238 2398 2300 2457 in
2320 2418 2504 2475 quam
2523 2418 2761 2477 cunque
2778 2401 3036 2461 aliorum
3053 2416 3378 2480 corporum
3395 2398 3676 2464 substam

2011 2485 2155 2546 tiam
2185 2486 2280 2546 vel
2308 2485 2371 2546 in
2398 2486 2535 2565 ipsa
2562 2490 2858 2550 elementa
2870 2496 3154 2565 vertatur,
3172 2490 3235 2550 in
3259 2504 3671 2569 quorumcun-

2012 2593 2129 2651 que
2160 2574 2513 2637 animalium
2544 2580 2723 2638 etiam
2744 2579 3064 2640 heminam
3094 2578 3299 2640 cibum
3330 2579 3506 2640 cedat
3536 2594 3673 2641 car-

2011 2680 2272 2741 nemque
2301 2672 2584 2737 mutetur,
2607 2664 2689 2726 illi
2712 2669 2932 2727 animae
2956 2668 3244 2728 humanm
3266 2671 3492 2747 puncto
3520 2672 3674 2730 tem-

2012 2755 2176 2829 poris
2199 2753 2351 2814 redit
2397 2754 2529 2831 [al.,
2574 2754 2812 2832 reddit],
2866 2770 3005 2834 quae
3052 2754 3218 2818 illam
3267 2756 3567 2834 primitus,
3611 2772 3652 2819 u

2012 2845 2197 2903 homo
2223 2846 2408 2916 ﬁeret,
2434 2851 2748 2921 cresceret,
2770 2844 3011 2923 viveret,
3045 2848 3386 2923 animavit.)
3652 2872 3657 2877 ι

2086 2972 2122 3039 ’1-
2148 2975 2214 3028 Et
2242 2976 2380 3046 post
2404 2972 2611 3046 aliqua
2636 2973 2842 3045 (Ibid.,
2872 2987 3009 3046 cap.
3041 2975 3136 3046 91)
3160 2991 3175 3028 :
3208 2976 3540 3046 Resurgent
3566 2975 3675 3048 igi-

2015 3066 2111 3118 tur
2136 3067 2485 3120 sanctorum
2514 3073 2771 3134 corpora
2797 3061 2924 3119 sine
2944 3056 3071 3120 ullo
3091 3061 3259 3132 vitio,
3276 3062 3405 3121 sine
3432 3058 3557 3121 ulla
3575 3063 3679 3123 de-

2013 3150 2333 3221 formitate,
2367 3151 2520 3209 sicut
2545 3151 2671 3207 sine
2695 3150 2820 3209 ulla
2846 3153 3253 3226 corruptione,
3281 3168 3486 3218 onere.
3509 3152 3673 3211 ditii-

2015 3240 2250 3309 cultate,
2292 3241 2356 3297 in
2386 3240 2609 3314 quibus
2632 3244 2801 3299 tanta
2847 3240 3123 3311 facilitas,
3152 3246 3384 3316 quanta
3423 3241 3679 3303 felicitas

2017 3330 2142 3387 erit.
2178 3331 2425 3403 Propter
2449 3329 2617 3403 quod
2641 3334 2699 3387 et
2723 3329 3005 3404 spiritalia
3025 3330 3185 3390 dicta
3205 3335 3525 3399 suntcum
3539 3346 3682 3407 pro.

2016 3419 2114 3477 cul
2147 3418 2334 3477 dubio
2391 3432 2647 3492 corpora
2678 3419 2801 3477 sint
2845 3419 3068 3493 fultus,
3096 3436 3221 3479 non
3246 3420 3513 3495 spiritus.
3564 3421 3683 3480 Sed
3782 3424 3789 3427 ’

2020 3509 2174 3567 sicut
2220 3524 2384 3566 nunc
2435 3521 2656 3582 corpus
2705 3508 2967 3567 animale
3002 3509 3236 3579 dicitur,
3266 3510 3437 3584 quod
3477 3514 3684 3570 tamen

2018 3614 2264 3673 corpus.
2301 3603 2506 3657 tamen
2538 3610 2663 3656 non
2693 3599 2898 3657 anima
2919 3604 3034 3672 est,
3079 3599 3165 3657 ita
3209 3615 3375 3658 nunc
3419 3600 3682 3675 spiritale

2019 3704 2241 3764 corpus
2304 3690 2440 3747 erit:
2514 3700 2735 3764 corpus
2801 3695 3027 3757 tamen,
3079 3703 3207 3748 non
3250 3690 3495 3764 spiritus
3548 3692 3683 3750 erit.

2016 3777 2271 3834 Proinde
2294 3782 2597 3850 quantum
2650 3778 2859 3837 attinet
2913 3779 2996 3836 ad
3043 3780 3514 3852 corruptionem,
3543 3794 3683 3854 quas

2014 3880 2176 3921 nunc
2202 3870 2495 3936 aggravet
2523 3866 2793 3940 animam
2846 3866 3016 3937 (Sap.
3065 3882 3146 3939 ix,
3172 3867 3262 3938 15)
3286 3873 3343 3924 et
3398 3868 3485 3924 ad
3512 3868 3680 3937 vitia,

2017 3954 2239 4026 quibus
2260 3969 2401 4011 caro
2430 3955 2719 4011 adversus
2735 3955 3017 4024 spiritum
3033 3954 3403 4025 concupiscit
3419 3955 3436 4010 ί
3442 3954 3582 4013 Gal.
3614 3970 3679 4028 τ,

2022 4043 2130 4115 l7),
2154 4047 2296 4099 tunc
2322 4058 2448 4100 non
2478 4043 2589 4100 erit
2617 4060 2779 4113 caro,
2809 4044 2917 4101 sed
2943 4046 3352 4119 corpus,quia
3378 4049 3437 4103 et
3464 4044 3679 4104 coales-

2017 4132 2097 4189 tia
2116 4146 2371 4206 corpora
2394 4133 2805 4206 perhibentur,
2836 4138 3081 4208 propter
3094 4134 3263 4208 quod
3289 4134 3518 4193 dictum
3550 4139 3674 4195 est:

2019 4222 2179 4280 Caro
2200 4227 2257 4280 et
2277 4224 2522 4295 sanguis
2576 4238 2830 4296 regnum
2882 4225 2995 4281 Dei
3018 4240 3141 4282 non
3182 4225 3586 4295 possidebunt,
3620 4229 3684 4284 et

2023 4316 2312 4386 tanquam
2328 4329 2635 4386 exponens
2667 4314 2817 4388 quid
2836 4314 3049 4372 dixerit
3075 4313 3169 4372 :N
3168 4326 3312 4387 eque
3342 4319 3676 4388 corruptio,

2021 4401 2236 4476 inquit,
2268 4404 2779 4474 incorruptionem
2792 4406 3120 4476 possidebit
3147 4405 3206 4476 (Ι
3246 4405 3386 4463 Cor.
3431 4422 3532 4475 xv,
3562 4407 3677 4479 50).

2023 4493 2195 4559 Quod
2216 4492 2383 4565 prius
2411 4493 2593 4550 dixit:
2642 4495 2800 4551 Caro
2828 4500 2881 4552 et
2924 4495 3171 4565 sanguis
3200 4494 3316 4551 hoc
3359 4495 3684 4567 posterius-

2021 4582 2169 4638 dixit
2181 4580 2513 4652 corruptio,
2526 4586 2584 4637 et
2600 4582 2764 4654 quod
2777 4583 2943 4656 prius
2956 4596 3208 4654 regnum
3218 4584 3348 4651 Dei,
3369 4583 3487 4639 hoc
3507 4586 3680 4655 post.

2013 4671 2151 4747 rius
2206 4672 2741 4741 incorruptionem.
2780 4674 3088 4739 Quantum
3119 4677 3321 4730 autem
3364 4672 3575 4729 attinet
3596 4671 3685 4731 ad

2025 4758 2449 4827 substantiam,
2481 4760 2663 4818 etiam
2694 4764 2836 4818 tunc
2862 4776 3004 4819 caro
3030 4762 3157 4819 erit.
3180 4764 3423 4834 Propter
3442 4759 3613 4834 quod
3628 4764 3688 4820 et

2025 4853 2164 4925 post
2192 4848 2690 4906 resurrectionem
2716 4863 2940 4923 corpus
2969 4849 3181 4907 Christi
3212 4865 3357 4908 caro
3382 4849 3689 4925 appellata

2024 4924 2158 5012 (al,
2188 4936 2583 5010 appellatum]
2610 4941 2701 4995 est
2726 4939 2898 5010 (Luc.
2927 4950 3093 5007 xxiv,
3126 4941 3238 5007 39).
3269 4938 3383 4997 Sed
3419 4937 3557 4997 ideo
3606 4939 3693 4998 ait

2028 5028 2351 5104 Apostolus
2376 5028 2757 5086 :Seminatw
2770 5042 2988 5100 corpus
3010 5029 3301 5100 animale,
3331 5034 3538 5103 surget
3558 5030 3687 5104 [ala

2032 5118 2324 5192 resurget]
2350 5132 2569 5190 corpus
2596 5120 2873 5191 spiritale
2896 5120 2947 5193 (1
2973 5120 3112 5180 Cor.
3141 5136 3240 5194 xv,
3257 5121 3375 5194 £4),
3392 5120 3694 5196 quoniam

2030 5215 2201 5268 tanta
2227 5209 2339 5266 erit
2365 5212 2509 5266 tunc
2536 5209 2862 5268 concordia
2880 5210 3085 5268 carnis
3112 5215 3173 5269 et
3212 5211 3479 5286 spiritus,
3500 5209 3690 5267 viviﬂo

2030 5303 2207 5358 canis
2224 5298 2464 5373 spiritu,
2480 5297 2609 5355 sine
2629 5298 3034 5358 sustentaculo
3060 5300 3318 5373 alicuSus
3343 5296 3695 5369 indigentia

2032 5388 2167 5463 (aL,
2194 5386 2583 5446 sustentaculi
2604 5386 2962 5460 indigentia]
2990 5388 3301 5448 subditam
3327 5396 3597 5456 cunam,
3631 5391 3701 5447 ut

2030 5478 2179 5536 mhi]
2192 5478 2370 5535 nobis
2384 5481 2680 5552 repugnet
2698 5492 2777 5535 ex
2788 5477 2989 5550 nobis,
3002 5478 3112 5537 sed
3148 5477 3305 5536 sicut
3329 5476 3476 5537 foris
3502 5475 3694 5536 θοαὶ,

2033 5582 2177 5626 nam
2203 5583 2319 5625 nec
2348 5568 2433 5626 ita
2456 5568 2618 5626 intus
2646 5583 2758 5627 nos
2785 5568 2955 5643 ipsos
2980 5568 3288 5641 patiamur
3306 5568 3612 5627 inimicos.

2105 5656 2491 5730 +Gsegns‘lus
2522 5657 2589 5716 in
2627 5657 2828 5718 local.
2866 5656 2977 5717 ὦ.
3028 5654 3708 5732 ωηαωιίειάκα
