4160 6186
588 157 608 209 1
623 156 726 210 327

1645 151 1702 205 S.
1739 144 2121 206 PRUDENTII
2159 141 2544 203 TRECENSIS
2585 148 2925 208 EPISCOPI.

3858 155 4002 213 1328

580 276 1076 334 resurrectionem
1103 273 1306 342 audio,
1339 272 1615 329 effectum
1639 276 1838 329 tamen
1857 270 2128 344 ejusdem
2151 283 2238 324 re-
2263 269 2311 322 Α
2341 284 2484 326 caro
2505 271 2743 339 factum
2777 280 2884 341 est,
2918 279 2974 330 et
3006 273 3304 331 habitavit
3333 276 3399 330 in
3449 275 3618 330 nobis
3649 275 3847 346 (Joan.
3884 284 3994 350 tt);

581 363 961 421 surrectionis
981 362 1264 434 exquiro:
1310 361 1489 418 credo
1545 377 1810 434 namque
1837 360 1980 433 quia
2034 374 2228 415 resur-

572 457 841 510 recturus
866 468 1023 522 sum,
1056 451 1164 507 sed
1183 451 1337 514 volo,
1383 455 1450 506 ut
1477 451 1723 507 audiam
1769 450 1986 524 qualis,
2043 447 2228 504 scien-

573 542 724 598 dum
752 542 977 615 quippe
1004 541 1152 596 mihi
1169 545 1278 610 est,
1309 544 1511 596 utrum
1537 540 1597 595 in
1621 539 1891 612 quodam
1940 537 2055 594 alio
2083 536 2258 595 sub--

569 631 674 700 tili,
698 631 951 687 fortasse
973 631 1066 686 vel
1096 646 1291 693 aereo,
1316 645 1394 685 an
1414 629 1476 685 in
1503 645 1574 685 eo
1604 645 1726 701 quo
1739 628 1961 684 moriar
1977 639 2225 698 corpore

565 735 899 790 resurgam.
918 719 1090 785 Quod
1102 719 1151 774 si
1163 719 1225 774 in
1245 734 1419 774 aereo
1444 733 1692 790 corpore
1704 731 2080 772 resurrexero
2094 715 2224 784 jam

567 824 680 879 ego
703 824 826 865 non
853 825 977 873 ero,
1003 809 1110 881 qui
1135 823 1384 878 resurgo
1409 827 1422 864 :
1457 823 1600 864 nam
1628 805 1940 879 quomodo
1968 809 2055 860 est
2082 819 2225 860 vera

564 898 939 965 resurrectio,
971 897 1020 953 si
1048 912 1191 953 vera
1220 912 1353 952 esse
1386 912 1510 952 non
1535 895 1748 968 poterit
1773 910 1912 952 caro
1940 893 1965 946 ’ἲ
2008 896 2224 965 Aperta

565 1003 708 1057 ergo
725 987 889 1059 ratio
920 986 1205 1058 suggerit,
1239 987 1385 1059 quia
1441 987 1488 1041 si
1517 1002 1658 1042 vera
1702 1001 1841 1042 caro
1870 999 1992 1039 non
2025 983 2219 1048 fuerit,

560 1055 775 1150 procul
793 1076 980 1133 dubio
997 1076 1354 1132 resurrectio
1374 1091 1517 1131 vera
1536 1091 1661 1131 non
1683 1075 1790 1131 erit
1810 1093 1822 1143 ;
1847 1088 2042 1145 neque
2059 1071 2220 1127 enim

560 1170 720 1222 recte
746 1167 1099 1222 resurrectio
1120 1165 1239 1221 dici
1254 1169 1468 1238 potest,
1489 1164 1593 1220 ubi
1628 1180 1750 1219 non
1771 1163 2026 1232 resurgit
2053 1161 2220 1233 quod

561 1249 790 1311 cecidit.
820 1255 934 1311 Sed
957 1257 1069 1311 has
1095 1255 1299 1322 nobis,
1325 1254 1498 1310 beate
1523 1253 1652 1320 Job,
1683 1251 2005 1308 dubietatis
2025 1251 2218 1305 nebu-

557 1341 651 1400 las
681 1343 840 1411 tolle,
859 1349 916 1399 et
941 1343 1087 1415 quia
1115 1359 1224 1416 per
1253 1347 1565 1415 acceptam
1595 1342 1782 1398 sancti
1809 1340 2058 1412 Spiritus
2090 1354 2220 1408 gra-

559 1431 703 1488 tiam
723 1432 797 1488 de
828 1447 933 1504 spe
961 1431 1138 1487 nobis
1163 1431 1330 1504 loqui
1360 1437 1580 1486 nostrae
1627 1428 2078 1485 resurrectionis
2102 1444 2217 1482 cce-

555 1522 721 1593 pisti,
755 1526 957 1593 aperte
983 1521 1210 1591 jndica,
1241 1521 1290 1575 si
1311 1536 1451 1576 caro
1471 1524 1677 1575 nostra
1706 1519 1993 1575 veraciter
2020 1534 2215 1574 resur-

2338 373 2478 415 caro
2499 375 2641 416 vero
2665 362 2839 431 juxta
2868 363 3134 435 culpam,
3168 363 3319 419 sicut
3349 363 3639 436 scriptum
3691 370 3779 421 est
3811 385 3823 421 :
3852 368 3993 424 Non

2332 450 2713 516 parmanebit
2738 452 2801 507 in
2834 452 3172 509 hominibus
3225 453 3354 508 istis
3410 454 3676 522 Spiritus
3721 472 3908 527 meus,
3934 476 3993 515 eo

2333 538 2494 605 quod
2519 545 2658 595 sunt
2687 555 2826 597 curo
2851 541 3017 612 (Gen.
3053 558 3133 612 v1,
3159 542 3210 612 3)
3243 560 3256 610 ;
3289 547 3345 598 et
3375 542 3524 598 sicut
3544 543 3864 600 Psalmista
3896 549 3989 602 ait:

2331 626 2698 685 Memorutus
2731 636 2812 686 est
2847 632 2989 701 quia
3041 647 3184 688 caro
3215 637 3377 700 sunt,
3409 633 3662 702 spiritus
3697 635 3926 691 vadens
3945 644 3990 692 et

2330 730 2448 771 non
2467 718 2701 774 rediens
2747 720 2936 789 (Psal.
2968 735 3184 787 Lxxvn,
3219 719 3329 791 39);
3363 720 3524 776 unde
3575 725 3633 777 et
3682 722 3994 797 discipulis

2330 805 2547 860 Paulus
2577 805 2815 863 dicebat
2842 824 2854 862 :
2891 809 2998 864 Vos
3019 814 3217 864 autem
3248 811 3308 864 in
3339 824 3524 865 carne
3550 825 3675 865 non
3705 814 3848 866 estis
3896 814 3994 868 sed

2331 893 2393 948 in
2418 895 2638 962 spiritu
2672 896 2856 966 (Rom.
2882 912 2999 963 V111,
3027 901 3103 966 9):
3138 913 3335 969 neque
3367 897 3528 953 enim
3568 898 3632 954 in
3657 915 3841 956 carne
3869 917 3992 957 non

2329 987 2498 1038 erant
2533 984 2754 1056 quibus
2811 984 3102 1057 Epistolas
3159 986 3622 1057 transmittebat,
3672 988 3786 1044 sed
3841 991 3992 1062 quia

2327 1071 2643 1143 passiones
2669 1074 3002 1130 carnalium
3052 1073 3489 1130 desideriorum
3537 1076 3829 1149 vicerant,
3855 1080 3990 1150 jam

2323 1158 2494 1216 liberi
2523 1178 2630 1235 per
2655 1163 2934 1219 virtutem
2966 1163 3227 1236 spiritus,
3279 1164 3339 1220 in
3389 1181 3570 1222 carne
3616 1182 3736 1223 non
3789 1174 3987 1225 erant.

2327 1251 2494 1315 Quod
2550 1267 2692 1323 ergo
2739 1252 2959 1308 Paulus
3011 1253 3320 1325 apostolus
3350 1253 3530 1310 dicit:
3581 1255 3728 1322 Quia
3750 1273 3898 1313 curo
3923 1264 3988 1314 et

2322 1342 2566 1411 sanguis
2593 1357 2840 1412 regnum
2871 1342 2983 1397 Dei
2993 1342 3298 1410 possidere
3323 1359 3444 1398 non
3468 1351 3721 1414 possunt
3753 1346 3811 1415 (Ι
3833 1346 3983 1402 Cor.

2321 1445 2420 1499 xv,
2443 1430 2552 1502 50),
2569 1446 2811 1486 carnem
2833 1429 2959 1486 vult
2977 1431 3312 1486 secundum
3325 1431 3572 1505 culpam
3585 1433 3843 1504 intelligi
3859 1451 3984 1491 non

2321 1532 2566 1574 carnem
2583 1519 3210 1576 secundumnaturam
3234 1538 3247 1588 ;
3268 1520 3408 1576 inde
3437 1527 3492 1577 et
3507 1538 3659 1578 mox
3681 1523 3826 1595 quia
3855 1539 3984 1580 car-

557 1615 680 1680 gat.
716 1609 1013 1682 Sequitur.
1041 1611 1120 1665 Et
1151 1625 1393 1666 rursum
1424 1609 1845 1665 circumdabor
1871 1609 2030 1678 pelle
2079 1623 2209 1664 mea
2238 1621 2281 1677 Β
2317 1622 2456 1663 nem
2485 1607 2819 1664 secundum
2849 1609 3090 1680 culpam
3118 1608 3359 1677 diceret,
3391 1611 3660 1666 ostendit
3682 1611 3979 1668 subdens:

557 1699 688 1770 (Job
703 1715 825 1766 xxx,
856 1698 968 1769 25).
997 1700 1150 1753 Dum
1174 1702 1376 1769 aperte
1402 1697 1572 1769 pellis
1602 1697 1836 1764 dicitur,
1869 1696 2062 1752 omnis
2094 1696 2207 1752 du-

550 1787 764 1844 bitatio
796 1803 949 1842 verae
978 1786 1430 1842 resurrectionis
1487 1786 1775 1854 aufertur,
1807 1787 1952 1858 quia
1981 1802 2103 1842 non
2135 1786 2206 1841 si-

551 1880 651 1931 cut
681 1875 941 1931 Euticius
990 1875 1663 1947 Constantinopolitanae
1690 1875 1855 1930 urbis
1885 1876 2205 1947 episcopus

550 1963 809 2037 scripsit,
842 1980 1064 2038 corpus
1085 1968 1359 2020 nostrum
1380 1965 1440 2019 in
1462 1964 1584 2020 alia
1604 1965 2054 2020 resurrectionis
2082 1965 2205 2034 glo-

546 2054 636 2110 ria
660 2053 769 2109 erit
796 2053 1207 2126 impalpabile,
1238 2054 1454 2120 ventis,
1508 2071 1762 2127 aereque
1795 2054 2070 2109 subtilius
2096 2072 2108 2122 ;
2140 2054 2201 2108 in

543 2141 646 2198 illa
676 2142 834 2197 enim
859 2142 1306 2198 resurrectionis
1333 2142 1521 2213 gloria
1551 2145 1659 2199 erit
1677 2159 1897 2215 corpus
1925 2147 2199 2198 nostrum

541 2230 759 2287 subtile
779 2230 1027 2304 quidem
1047 2248 1155 2304 per
1176 2231 1454 2288 effectum
1477 2231 1755 2306 spiritalis
1775 2233 2075 2304 potentiae,
2092 2232 2196 2287 sed

537 2319 845 2394 palpabile
874 2336 982 2393 per
1008 2321 1319 2378 veritatem
1361 2326 1610 2378 naturae.
1649 2322 1811 2378 Unde
1865 2321 2045 2377 etiam
2089 2323 2194 2377 Be-

535 2409 814 2483 demptor
837 2414 1044 2467 noster
1071 2410 1487 2468 dubitantibus
1513 2411 1587 2466 de
1621 2428 1733 2467 sua
1761 2410 2190 2467 resurrectione

533 2501 862 2574 discipulis,
889 2501 1157 2568 Ostendit
1176 2518 1412 2572 manus,
1439 2508 1492 2559 et
1515 2504 1697 2569 latus,
1718 2501 2028 2574 palpanda
2049 2517 2188 2556 ossa

530 2607 897 2663 carnemque
917 2591 1175 2664 praebuit
1195 2591 1401 2646 dicens
1421 2608 1432 2646 :
1455 2592 1717 2660 Palpate
1732 2597 1787 2647 et
1816 2591 2020 2654 videte,
2043 2591 2185 2661 quia

527 2681 778 2752 spiritus
809 2695 939 2737 ossa
969 2686 1021 2737 et
1045 2695 1286 2736 carnem
1316 2695 1437 2735 non
1460 2680 1655 2745 habet,
1679 2681 1832 2735 sicut
1859 2694 1949 2734 me
1975 2679 2182 2734 ridetis

527 2769 745 2827 habere
765 2771 930 2840 (Luc.
978 2771 1139 2840 xxiv,
1171 2769 1284 2840 38).
1309 2769 1418 2835 Qui
1450 2785 1588 2825 cum
1621 2767 1845 2823 Euticio
1876 2767 2071 2822 eidem
2118 2767 2182 2823 in

525 2857 1183 2932 Constantinopolitana
1203 2858 1350 2915 urbe
1371 2858 1606 2930 positus
1626 2858 1740 2914 hoc
1751 2857 2053 2928 Evangelii
2070 2857 2177 2928 [al,

2314 1699 2516 1769 Neque
2554 1699 2859 1767 corruptio
2879 1699 3351 1768 incorruptelum
3373 1700 3728 1768 possidebit.
3762 1704 3829 1756 In
3880 1701 3980 1758 illa

2313 1802 2455 1858 ergo
2479 1785 2734 1842 ccelestis
2762 1787 2930 1856 regni
2947 1786 3136 1857 gloria
3157 1803 3297 1843 caro
3323 1789 3664 1844 secundum
3689 1794 3976 1846 naturam

2313 1876 2438 1944 erit,
2471 1876 2577 1931 sed
2603 1874 3246 1932 secundumdesideria
3262 1878 3566 1949 passionis
3593 1880 3974 1952 [ul.,pass10-

2310 1965 2482 2036 num]
2511 1980 2632 2020 non
2657 1964 2784 2034 erit,
2812 1965 2956 2036 quia
2984 1963 3220 2020 devicto
3243 1965 3451 2022 mortis
3471 1967 3688 2023 aculeo
3720 1969 3788 2023 in
3816 1975 3974 2025 reter-

2309 2070 2389 2109 na
2416 2053 2859 2126 incorruptione
2879 2053 3173 2122 regnabit.
3209 2054 3438 2120 Quibus
3472 2054 3654 2111 dictis
3677 2056 3848 2112 idem
3871 2061 3971 2114 Eu-

2308 2143 2478 2199 ticius
2505 2143 2837 2198 consentire
2866 2157 2930 2196 se
2954 2142 3227 2214 protinus
3251 2143 3580 2215 respondit.
3613 2147 3737 2202 Sed
3769 2151 3967 2203 tamen

2305 2232 2503 2289 adhuc
2521 2248 2738 2304 corpus
2759 2230 3059 2304 palpabile
3071 2246 3380 2301 resurgere
3400 2248 3578 2304 posse
3601 2234 3965 2305 denegabat,

2300 2322 2404 2394 qui
2433 2321 2614 2377 etiam
2644 2320 2706 2375 in
2735 2319 2958 2385 libello,
2981 2336 3164 2392 quem
3187 2320 3261 2376 de
3289 2322 3749 2380 Resurrectione
3783 2325 3964 2397 scrip-

2297 2414 2472 2477 serat,
2506 2408 2675 2464 Pauli
2704 2425 2947 2481 quoqne
2979 2408 3237 2480 apostoli
3273 2410 3687 2467 testimonium
3718 2413 3961 2470 indide-

2293 2503 2387 2554 rat
2427 2498 2710 2554 dicentis:
2777 2500 2863 2552 Tu
2915 2499 3075 2570 quod
3116 2499 3373 2555 seminus
3422 2516 3546 2556 non
3575 2502 3949 2572 viviﬁcutur,

2292 2589 2410 2644 nisi
2422 2589 2594 2657 prius
2620 2587 2956 2642 moriatur:
2985 2592 3041 2643 et
3057 2587 3218 2658 quod
3260 2589 3543 2660 seminus,
3588 2606 3700 2646 non
3732 2606 3956 2660 corpus

2291 2678 2449 2750 quod
2469 2678 2753 2746 futurum
2782 2682 2886 2744 est,
2919 2679 3190 2745 seminus,
3249 2678 3352 2734 sed
3396 2679 3627 2736 nudum
3673 2695 3941 2751 granum

2292 2767 2346 2839 (Ι
2372 2767 2508 2822 Cor.
2541 2782 2636 2833 xv,
2661 2767 2752 2834 36)
2787 2783 2800 2834 ;
2832 2766 2947 2821 hoc
2975 2766 3265 2822 nimirum
3299 2767 3614 2825 ostendam
3661 2768 3962 2827 festinans

2286 2857 2432 2930 quia
2461 2872 2599 2912 caro
2631 2856 2722 2911 vel
2750 2854 3179 2928 impalpabilis,
3212 2857 3307 2913 vel
3331 2857 3466 2931 ipsa
3491 2874 3609 2914 non
3639 2859 3769 2928 erit,
3794 2861 3954 2916 dum

522 2948 890 3020 Evangelicaa
905 2947 1190 3023 veritatis]
1213 2947 1619 3004 testimonium
1642 2947 2044 3020 protulissem,
2075 2947 2172 3002 ait:
2205 2971 2247 3025 ο
2285 2949 2527 3002 sanctus
2557 2944 2866 3016 apostolus
2897 2944 2973 3000 de
3004 2946 3454 3003 resurrectionis
3483 2963 3665 3019 agens
3697 2948 3901 3018 gloria
3927 2967 3940 3004 :

519 3037 746 3094 Idcirco
775 3037 890 3093 hoc
923 3037 1210 3094 Dominus
1240 3037 1396 3107 fecit,
1437 3041 1501 3093 ut
1525 3035 1960 3092 dubitationem
1984 3052 2177 3092 resur-

514 3126 795 3183 rectionis
817 3142 937 3182 suae
958 3126 1034 3182 de
1064 3125 1502 3194 discipulorum
1529 3124 1815 3180 cordibus
1848 3129 2171 3181 amoveret.

518 3216 644 3285 Cui,
670 3215 943 3288 inquam,
969 3215 1124 3272 mira
1153 3219 1243 3271 est
1263 3231 1357 3270 res
1402 3212 1578 3269 valde
1607 3229 1795 3285 quam
1827 3215 2061 3279 astruis,
2113 3218 2177 3270 ut

512 3303 655 3360 inde
682 3304 860 3375 nobis
902 3304 1179 3360 dubietas
1237 3306 1467 3373 surgat,
1517 3301 1680 3357 unde
1740 3301 2176 3374 discipulorum

514 3391 702 3449 corda
721 3408 756 3447 a
786 3392 1092 3448 dubietate
1124 3396 1338 3448 sanata
1364 3394 1521 3446 sunt.
1557 3390 1710 3456 Quid
1737 3391 1897 3446 enim
1917 3392 2177 3448 deterius

514 3480 634 3535 dici
663 3482 871 3552 potest
896 3496 1086 3552 quam
1115 3483 1181 3535 ut
1207 3481 1322 3535 hoc
1352 3479 1529 3534 nobis
1559 3478 1635 3535 de
1665 3480 1794 3550 ejus
1823 3495 1970 3536 vera
1998 3498 2177 3538 carne

515 3567 774 3624 dubium
802 3569 928 3634 ﬁat,
960 3583 1070 3639 per
1097 3567 1264 3639 quod
1303 3566 1579 3638 discipuli
1625 3567 1754 3637 ejus
1775 3568 1854 3623 ad
1881 3567 2066 3624 ﬁnem
2097 3571 2176 3627 ab

2283 3039 2410 3092 Non
2441 3050 2660 3107 corpus
2682 3034 2848 3107 quod
2872 3034 3142 3090 futurum
3161 3040 3249 3092 est
3269 3037 3556 3094 seminari
3579 3037 3817 3094 dixerit.
3839 3039 3946 3096 Sed

2282 3126 2359 3182 ad
2381 3126 2511 3181 haec
2526 3124 2696 3180 citius
2720 3123 3132 3197 respondetur,
3167 3141 3314 3182 nam
3361 3127 3583 3184 Paulus
3639 3128 3942 3201 apostolus

2281 3215 2693 3270 dicenszNon
2724 3229 2937 3283 corpus
2987 3214 3148 3285 quod
3190 3216 3474 3285 futurum
3522 3222 3608 3273 est
3666 3219 3938 3288 seminus,

2281 3306 2384 3362 sed
2401 3305 2631 3361 nudum
2661 3319 2950 3375 granum,
3008 3319 3268 3375 granum
3309 3307 3426 3362 hoc
3469 3307 3744 3364 insinuat
3782 3308 3938 3382 quod

2281 3394 2578 3464 videmus,
2601 3393 2745 3465 quia
2767 3408 3027 3464 granum
3059 3409 3198 3448 cum
3227 3394 3427 3451 culmo
3475 3400 3534 3452 et
3562 3395 3722 3453 foliis
3752 3399 3937 3454 nasci-

2282 3482 2395 3548 tur,
2426 3481 2594 3552 quod
2625 3481 2751 3538 sine
2781 3482 2979 3538 culmo
2997 3487 3054 3538 et
3083 3482 3236 3538 foliis
3295 3485 3644 3542 seminatur.
3703 3486 3804 3542 Ille
3832 3487 3936 3543 ita-

2281 3585 2399 3641 que
2418 3569 2481 3624 in
2502 3575 2828 3641 augmento
2884 3570 3087 3643 gloriae
3137 3574 3590 3630 resurrectionis
3632 3591 3760 3631 non
3797 3576 3936 3631 dixit

2282 3674 2470 3728 grano
2501 3660 2744 3715 seminis
2775 3661 2983 3716 deesse
3012 3661 3178 3734 quod
3198 3667 3340 3730 erat,
3393 3663 3500 3719 sed
3525 3663 3739 3720 adesse
3775 3665 3935 3738 quod

2281 3763 2403 3802 non
2425 3753 2568 3805 erat.
2602 3753 2712 3805 Iste
2744 3754 2945 3806 autem
2974 3750 3122 3806 dum
3147 3766 3359 3807 verum
3389 3768 3609 3825 corpus
3629 3769 3936 3824 resurgere

2277 3837 2554 3910 denegat,
2583 3854 2975 3912 nequaquam
2989 3839 3131 3895 dicit
3155 3841 3369 3897 adesse
3385 3842 3551 3914 quod
3561 3842 3816 3904 desurat,
3832 3843 3940 3900 sed

2279 3926 2486 3983 deesse
2508 3928 2675 4000 quod
2701 3933 2845 3985 erat.
2886 3931 3048 3984 Tunc
3070 3928 3272 4002 itaque
3315 3930 3430 3986 hac
3452 3930 3526 3987 de
3556 3947 3620 3987 re
3650 3932 3714 3988 in
3761 3932 3940 4002 longa

2279 4016 2655 4073 contentione
2678 4017 2950 4090 perducti
2977 4017 3332 4088 gravissima
3362 4035 3399 4076 a
3426 4019 3604 4076 nobis
3645 4022 3936 4093 coepimus

509 3656 678 3713 omni
727 3659 867 3712 sunt
897 3654 1200 3711 dubietate
1256 3655 1548 3728 reparati?
1589 3656 1720 3728 [al.,
1772 3656 2085 3729 separati?]
2119 3661 2175 3718 Si

509 3745 674 3800 enim
698 3745 816 3801 hoc
847 3760 971 3801 non
1025 3743 1310 3800 habuisse
1355 3743 1640 3800 astruitur
1695 3744 1862 3816 quod
1892 3746 2171 3805 ostendit,

477 3825 670 3891 ’unde
699 3834 854 3890 ﬁdes
911 3832 1223 3905 discipulis
1279 3833 1409 3904 ejus
1458 3834 1816 3890 conﬁrmata
1868 3839 1979 3906 est,
2034 3835 2173 3893 inde

502 3927 712 3981 nostra
737 3923 1080 3992 destruitur,
1130 3921 1234 3995 qui
1299 3922 1673 3994 adjungebat
1715 3923 1894 3979 etiam
1925 3923 2168 4000 dicens:

505 4015 734 4087 Corpus
809 4012 1112 4086 palpabile
1185 4011 1418 4082 habuit,
1467 4014 1635 4085 quod
1706 4013 2012 4071 ostendit:
2067 4017 2172 4072 sed

500 4106 643 4175 post
688 4102 1047 4158 conﬁrmata
1094 4103 1279 4158 corda
1324 4103 1727 4176 palpantium,
1784 4120 1962 4161 omne
2014 4105 2164 4163 illud
2277 4105 2456 4161 simul
2475 4105 2704 4161 ratione
2733 4105 2978 4162 resilire.
3012 4107 3162 4163 Cum
3191 4105 3306 4179 piae
3336 4107 3645 4163 memoriae
3674 4107 3939 4164 Tiberius

498 4189 563 4245 in
589 4190 842 4246 Domino
882 4191 1050 4263 quod
1078 4191 1315 4264 palpari
1341 4191 1536 4263 potuit
1563 4191 1625 4247 in
1656 4191 2044 4249 subtilitatem
2074 4199 2168 4252 est
2277 4195 2699 4250 Constantinus
2722 4194 3070 4267 imperator,
3099 4200 3324 4252 secreto
3354 4212 3451 4252 me
3495 4202 3553 4253 et
3582 4197 3756 4253 illum
3801 4214 3930 4253 sus-

500 4278 768 4352 aliquam
794 4280 1237 4336 redactum.Ad
1255 4282 1381 4336 haec
1410 4281 1541 4353 ipse
1575 4283 1884 4354 respondit
1914 4283 2121 4340 dicens
2145 4319 2158 4357 ε
2190 4321 2238 4377 D
2277 4281 2520 4354 cipiens,
2555 4282 2706 4354 quid
2733 4283 2886 4339 inter
2915 4299 3026 4340 nos
3047 4284 3360 4340 discordiae
3381 4292 3725 4342 versaretur
3755 4301 3934 4356 agno-

502 4369 801 4441 Scriptum
828 4373 917 4426 est
943 4387 956 4424 :
993 4369 1268 4426 Christus
1289 4385 1539 4439 surgens
1564 4385 1600 4426 u
1623 4371 1875 4426 mortuis
1887 4373 2022 4440 jam
2040 4390 2161 4430 non
2190 4369 2230 4377 ’⁷
2275 4370 2378 4438 vit,
2401 4375 2458 4426 et
2483 4371 2792 4443 utriusque
2821 4372 3009 4443 partis
3031 4371 3450 4443 allegationem
3466 4389 3758 4446 pensans,
3773 4392 3935 4432 eum-

499 4459 778 4521 moritur,
811 4474 968 4515 mors
997 4460 1051 4515 ei
1081 4459 1249 4515 ultra
1280 4474 1400 4514 non
1431 4459 1845 4515 dominabitur
1867 4461 2050 4532 (Rom.
2081 4479 2160 4533 vi,
2273 4460 2412 4516 dem
2430 4458 2652 4514 librum
2667 4475 2850 4531 quem
2871 4459 2946 4515 de
2970 4461 3423 4519 Resurrectione
3445 4464 3790 4536 scripserat,
3811 4465 3932 4520 suis

497 4548 590 4619 9);
625 4547 675 4604 si
703 4547 851 4622 quid
881 4563 1024 4619 ergo
1053 4548 1116 4603 in
1142 4548 1272 4620 ejus
1305 4564 1553 4621 corpore
1591 4553 1731 4621 post
1781 4551 2164 4608 resurrectio-
2271 4565 2516 4622 quoque
2559 4547 3019 4618 allegationibus
3069 4551 3406 4620 destruens,
3468 4551 3825 4609 deliberavit
3868 4558 3934 4609 ut

493 4651 640 4694 nem
662 4637 856 4710 potuit
875 4637 1204 4705 immutari,
1234 4642 1445 4694 contra
1462 4638 1791 4696 veridicam
1815 4639 1984 4696 Pauli
2030 4657 2162 4698 sen-
2269 4638 2533 4694 ﬂammis
2562 4637 2819 4695 cremari
2849 4638 3174 4696 debuisset.
3205 4642 3256 4693 Α
3284 4657 3408 4714 quo
3457 4646 3523 4698 ut
3565 4643 3786 4712 egressi
3831 4659 3930 4697 su-

493 4723 770 4795 tentiam,
794 4730 931 4799 post
953 4726 1450 4782 resurrectionem
1470 4727 1706 4783 Domini
1731 4728 1904 4784 rediit
1920 4728 1982 4785 in
2002 4746 2160 4787 mor-
2268 4744 2425 4798 mus,
2456 4743 2554 4784 me
2583 4727 2874 4799 aegritudo
2895 4728 3113 4796 valida,
3146 4729 3429 4786 eumdem
3457 4747 3600 4787 vero
3633 4730 3927 4787 Euticium

494 4822 620 4874 tem
651 4832 665 4881 ;
697 4815 864 4886 quod
888 4815 1026 4888 quis
1042 4814 1238 4871 dicere
1281 4815 1374 4871 vel
1402 4820 1595 4872 stutus
1641 4823 1989 4888 praesumat,
2038 4815 2157 4874 nisi
2268 4818 2560 4888 aegritudo
2578 4822 2634 4874 et
2663 4833 2826 4874 mors
2855 4819 3128 4890 protinus
3151 4823 3244 4875 est
3265 4825 3489 4890 secuta;
3513 4837 3638 4893 quo
3665 4826 3925 4889 mOrtuo,

491 4900 598 4969 qui
645 4916 853 4957 veram
895 4905 1094 4959 carnis
1152 4906 1280 4977 ejus
1308 4905 1806 4962 resurrectionem
1845 4905 2155 4978 denegat?
2263 4907 2404 4979 quia
2431 4923 2586 4980 pene
2617 4905 2816 4962 nullus
2865 4912 2991 4964 erat
3029 4907 3134 4979 qui
3177 4909 3308 4980 ejus
3354 4909 3513 4966 dicta
3571 4915 3928 4983 sequeretur

487 4988 633 5041 tunc
654 4988 801 5043 mihi
827 4990 1046 5060 objecit
1065 4992 1292 5050 dicens:
1328 4995 1478 5051 Cum
1509 4995 1800 5067 scriptum
1831 4996 1904 5051 sit
1945 5013 1958 5051 :
1995 4997 2150 5055 Caro
2260 4995 2639 5052 dissimulavi
2667 4999 2862 5068 coepta
2886 4997 3190 5069 prosequi,
3222 5014 3298 5055 ne
3313 4999 3374 5055 in
3400 4999 3653 5056 fabellas
3683 5001 3821 5072 (ab,
3845 5001 3927 5056 fa-

489 5079 546 5131 et
598 5078 846 5146 sanguis
877 5094 1128 5149 regnum
1178 5085 1290 5139 Dei
1307 5086 1617 5153 possidere
1669 5099 1788 5140 non
1813 5091 2070 5152 possunt
2099 5086 2154 5157 (1'
2256 5085 2450 5155 villas]
2481 5084 2716 5140 viderer
2736 5085 2924 5142 verba
2964 5086 3240 5157 jaculari.
3269 5088 3424 5145 Dum
3465 5092 3668 5145 tamen
3720 5090 3924 5147 adhuc

490 5163 628 5221 Cor.
655 5180 757 5235 xv,
791 5164 901 5237 50),
933 5182 1055 5238 qua
1070 5171 1301 5227 ratione
1322 5173 1692 5228 credendum
1717 5175 1808 5228 est
1833 5186 2143 5242 resurgere
2253 5173 2478 5231 viveret
2498 5176 2682 5242 etego
2697 5173 3083 5229 validiSsimis
3100 5173 3366 5231 febribus
3387 5181 3771 5247 aegrotarem,
3795 5179 3925 5250 qui-

479 5257 767 5315 veraciter
792 5273 1036 5314 carnem
1071 5276 1084 5327 ;
1109 5262 1222 5327 cui,
1255 5262 1529 5335 inquam,
1561 5264 1623 5319 in
1680 5278 1853 5320 sacro
1905 5263 2143 5336 eloquio
2252 5279 2490 5338 cunque
2521 5263 2646 5319 noti
2664 5263 2784 5319 mei
2811 5263 2891 5318 ad
2921 5279 3060 5320 eum
3090 5263 3461 5322 salutationis
3486 5267 3679 5337 gratia
3702 5283 3922 5340 perge-

481 5346 651 5402 aliter
671 5363 811 5406 caro
839 5347 1054 5404 dicitur
1065 5348 1240 5420 juxta
1261 5357 1561 5422 naturam,
1584 5357 1763 5424 atque
1793 5353 2140 5424 aliterjuxta
2247 5353 2416 5421 bant,
2445 5357 2510 5409 ut
2529 5367 2739 5409 eorum
2760 5351 3047 5409 relatione
3070 5354 3346 5425 cognovi,
3372 5359 3508 5412 ante
3531 5372 3750 5413 eorum
3778 5373 3921 5414 ocu-

2245 5443 2338 5500 los
2355 5443 2574 5516 pellem
2604 5457 2824 5498 manus
2882 5459 3002 5498 suae
3033 5444 3273 5501 tenebat
3327 5445 3572 5503 dicens:
3607 5447 3918 5504 Conﬁteor

2245 5533 2391 5606 quia
2421 5547 2634 5589 omnes
2662 5531 2722 5586 in
2752 5531 2866 5587 hac
2895 5547 3075 5589 carne
3113 5549 3520 5608 resurgemus,
3557 5535 3731 5609 quod
3761 5537 3916 5594 sicut

2244 5622 2360 5698 ipsi
2387 5621 2748 5692 fatebantur,
2774 5621 3024 5680 omnino
3054 5623 3220 5697 prius
3244 5640 3466 5699 negare
3484 5632 3916 5694 consueverat.

480 5434 727 5506 culpam
758 5437 852 5494 vel
885 5437 1371 5511 corruptionem:
1395 5457 1535 5498 caro
1562 5441 1788 5514 quippe
1834 5442 2008 5513 juxta
2031 5460 2138 5504 na-

474 5527 696 5595 turam,
731 5526 883 5584 sicut
911 5529 1200 5602 scriptum
1224 5534 1313 5586 est
1343 5545 1356 5585 :
1385 5531 1515 5587 Hoc
1537 5547 1698 5588 nunc
1724 5547 1785 5588 os
1809 5533 1882 5590 de
1911 5534 2132 5592 ossibus

474 5616 640 5690 meis,
668 5621 723 5676 et
747 5631 889 5678 caro
917 5618 990 5679 de
1005 5635 1186 5680 carne
1209 5636 1340 5680 mea
1365 5619 1530 5694 (Gen.
1565 5637 1624 5696 n,
1642 5622 1715 5694 2).
1750 5625 1846 5683 Et:
1877 5624 2127 5684 Verbum
