  <div class='ocr_page' id='page_1' title='image "/cluster/home/n/w/nwhite01/storage/ocr_20150623/115/hvd.32044054759790/670.png"; bbox 0 0 4158 6192; ppageno 0'>
   <div class='ocr_carea' id='block_1_1' title="bbox 219 199 356 256">
    <p class='ocr_par' dir='ltr' id='par_1_1' title="bbox 219 199 356 256">
     <span class='ocr_line' id='line_1_1' title="bbox 219 199 356 256; baseline -0.015 0"><span class='ocrx_word' id='word_1_1' title='bbox 219 199 356 256; x_wconf 71' lang='lat'><strong>1329</strong></span> 
     </span>
    </p>
   </div>
   <div class='ocr_carea' id='block_1_2' title="bbox 1140 193 2696 258">
    <p class='ocr_par' dir='ltr' id='par_1_2' title="bbox 1140 193 2696 258">
     <span class='ocr_line' id='line_1_2' title="bbox 1140 193 2696 258; baseline 0.002 -7"><span class='ocrx_word' id='word_1_2' title='bbox 1140 199 1230 254; x_wconf 84' lang='lat' dir='ltr'>DE</span> <span class='ocrx_word' id='word_1_3' title='bbox 1268 193 1944 254; x_wconf 69' lang='lat' dir='ltr'>PREDESTINATIONE</span> <span class='ocrx_word' id='word_1_4' title='bbox 1983 197 2261 257; x_wconf 81' lang='lat' dir='ltr'>CONTRA</span> <span class='ocrx_word' id='word_1_5' title='bbox 2299 201 2346 258; x_wconf 71' lang='grc' dir='ltr'><strong>Ι.</strong></span> <span class='ocrx_word' id='word_1_6' title='bbox 2389 199 2696 258; x_wconf 80' lang='lat' dir='ltr'>SCOTUM.</span> 
     </span>
    </p>
   </div>
   <div class='ocr_carea' id='block_1_3' title="bbox 3496 201 3631 256">
    <p class='ocr_par' dir='ltr' id='par_1_3' title="bbox 3496 201 3631 256">
     <span class='ocr_line' id='line_1_3' title="bbox 3496 201 3631 256; baseline 0.015 -2"><span class='ocrx_word' id='word_1_7' title='bbox 3496 201 3631 256; x_wconf 70' lang='lat'>1330</span> 
     </span>
    </p>
   </div>
   <div class='ocr_carea' id='block_1_4' title="bbox 213 317 3633 394">
    <p class='ocr_par' dir='ltr' id='par_1_4' title="bbox 213 317 3633 394">
     <span class='ocr_line' id='line_1_4' title="bbox 213 317 3633 394; baseline -0.001 -14"><span class='ocrx_word' id='word_1_8' title='bbox 213 321 327 380; x_wconf 90' lang='lat' dir='ltr'>Sed</span> <span class='ocrx_word' id='word_1_9' title='bbox 355 334 468 374; x_wconf 91' lang='lat' dir='ltr'>nos</span> <span class='ocrx_word' id='word_1_10' title='bbox 505 317 622 375; x_wconf 89' lang='lat' dir='ltr'>ista</span> <span class='ocrx_word' id='word_1_11' title='bbox 661 323 1110 392; x_wconf 87' lang='lat' dir='ltr'>postponentes,</span> <span class='ocrx_word' id='word_1_12' title='bbox 1143 319 1204 375; x_wconf 90' lang='lat' dir='ltr'>in</span> <span class='ocrx_word' id='word_1_13' title='bbox 1233 319 1392 375; x_wconf 83' lang='lat' dir='ltr'>beati</span> <span class='ocrx_word' id='word_1_14' title='bbox 1435 318 1550 375; x_wconf 89' lang='lat' dir='ltr'>Job</span> <span class='ocrx_word' id='word_1_15' title='bbox 1577 318 1865 374; x_wconf 90' lang='lat' dir='ltr'>sermoni-</span> <span class='ocrx_word' id='word_1_16' title='bbox 1906 321 1954 375; x_wconf 83' lang='lat' dir='ltr'><strong>A</strong></span> <span class='ocrx_word' id='word_1_17' title='bbox 1981 337 2164 391; x_wconf 85' lang='lat' dir='ltr'>gnum</span> <span class='ocrx_word' id='word_1_18' title='bbox 2185 325 2293 380; x_wconf 85' lang='lat' dir='ltr'>Dei</span> <span class='ocrx_word' id='word_1_19' title='bbox 2311 340 2429 380; x_wconf 90' lang='lat' dir='ltr'>non</span> <span class='ocrx_word' id='word_1_20' title='bbox 2448 321 2832 394; x_wconf 79' lang='lat' dir='ltr'>possidebunt</span> <span class='ocrx_word' id='word_1_21' title='bbox 2852 321 2913 391; x_wconf 95' lang='grc' dir='ltr'>(Ι</span> <span class='ocrx_word' id='word_1_22' title='bbox 2929 319 3066 376; x_wconf 85' lang='lat' dir='ltr'>Cor.</span> <span class='ocrx_word' id='word_1_23' title='bbox 3096 335 3195 388; x_wconf 89' lang='lat' dir='ltr'>xv,</span> <span class='ocrx_word' id='word_1_24' title='bbox 3247 320 3356 391; x_wconf 81' lang='lat'><strong>50),</strong></span> <span class='ocrx_word' id='word_1_25' title='bbox 3384 334 3510 375; x_wconf 92' lang='lat' dir='ltr'>non</span> <span class='ocrx_word' id='word_1_26' title='bbox 3538 321 3633 377; x_wconf 86' lang='lat' dir='ltr'>in-</span> 
     </span>
    </p>
   </div>
   <div class='ocr_carea' id='block_1_5' title="bbox 207 405 1864 480">
    <p class='ocr_par' dir='ltr' id='par_1_5' title="bbox 207 405 1864 480">
     <span class='ocr_line' id='line_1_5' title="bbox 207 405 1864 480; baseline -0.001 -16"><span class='ocrx_word' id='word_1_27' title='bbox 207 409 324 464; x_wconf 92' lang='lat' dir='ltr'>bus</span> <span class='ocrx_word' id='word_1_28' title='bbox 355 405 648 463; x_wconf 83' lang='lat' dir='ltr'>subtiliter</span> <span class='ocrx_word' id='word_1_29' title='bbox 677 407 1085 480; x_wconf 85' lang='lat' dir='ltr'>exquiramus,</span> <span class='ocrx_word' id='word_1_30' title='bbox 1129 408 1178 463; x_wconf 90' lang='lat' dir='ltr'>si</span> <span class='ocrx_word' id='word_1_31' title='bbox 1205 423 1348 464; x_wconf 91' lang='lat' dir='ltr'>vera</span> <span class='ocrx_word' id='word_1_32' title='bbox 1376 407 1484 464; x_wconf 91' lang='lat' dir='ltr'>erit</span> <span class='ocrx_word' id='word_1_33' title='bbox 1513 407 1864 463; x_wconf 82' lang='lat' dir='ltr'>resurrectio</span> 
     </span>
    </p>
   </div>
   <div class='ocr_carea' id='block_1_6' title="bbox 205 495 1868 570">
    <p class='ocr_par' dir='ltr' id='par_1_6' title="bbox 205 495 1868 570">
     <span class='ocr_line' id='line_1_6' title="bbox 205 495 1868 570; baseline -0.001 -17"><span class='ocrx_word' id='word_1_34' title='bbox 205 513 539 570; x_wconf 90' lang='lat' dir='ltr'>verumque</span> <span class='ocrx_word' id='word_1_35' title='bbox 569 512 792 570; x_wconf 89' lang='lat' dir='ltr'>corpus</span> <span class='ocrx_word' id='word_1_36' title='bbox 824 497 884 552; x_wconf 92' lang='lat' dir='ltr'>in</span> <span class='ocrx_word' id='word_1_37' title='bbox 908 496 1359 553; x_wconf 86' lang='lat' dir='ltr'>resurrectione.</span> <span class='ocrx_word' id='word_1_38' title='bbox 1380 500 1524 553; x_wconf 89' lang='lat' dir='ltr'>Ecce</span> <span class='ocrx_word' id='word_1_39' title='bbox 1554 495 1716 552; x_wconf 90' lang='lat' dir='ltr'>enim</span> <span class='ocrx_word' id='word_1_40' title='bbox 1737 497 1868 568; x_wconf 89' lang='lat' dir='ltr'>jam</span> 
     </span>
    </p>
   </div>
   <div class='ocr_carea' id='block_1_7' title="bbox 204 585 1867 660">
    <p class='ocr_par' dir='ltr' id='par_1_7' title="bbox 204 585 1867 660">
     <span class='ocr_line' id='line_1_7' title="bbox 204 585 1867 660; baseline -0.002 -17"><span class='ocrx_word' id='word_1_41' title='bbox 204 587 283 643; x_wconf 92' lang='lat' dir='ltr'>de</span> <span class='ocrx_word' id='word_1_42' title='bbox 310 603 416 660; x_wconf 90' lang='lat' dir='ltr'>spe</span> <span class='ocrx_word' id='word_1_43' title='bbox 444 586 894 642; x_wconf 76' lang='lat' dir='ltr'>resurrectionis</span> <span class='ocrx_word' id='word_1_44' title='bbox 923 587 1198 646; x_wconf 90' lang='lat' dir='ltr'>dubitare</span> <span class='ocrx_word' id='word_1_45' title='bbox 1220 603 1332 642; x_wconf 90' lang='lat' dir='ltr'>nos</span> <span class='ocrx_word' id='word_1_46' title='bbox 1361 601 1690 659; x_wconf 88' lang='lat' dir='ltr'>possumus</span> <span class='ocrx_word' id='word_1_47' title='bbox 1718 585 1867 641; x_wconf 91' lang='lat' dir='ltr'>dum</span> 
     </span>
    </p>
   </div>
   <div class='ocr_carea' id='block_1_8' title="bbox 203 675 1868 732">
    <p class='ocr_par' dir='ltr' id='par_1_8' title="bbox 203 675 1868 732">
     <span class='ocr_line' id='line_1_8' title="bbox 203 675 1868 732; baseline 0 -2"><span class='ocrx_word' id='word_1_48' title='bbox 203 676 290 732; x_wconf 90' lang='lat' dir='ltr'>ait</span> <span class='ocrx_word' id='word_1_49' title='bbox 319 693 332 730; x_wconf 93' lang='lat'>:</span> <span class='ocrx_word' id='word_1_50' title='bbox 364 677 444 730; x_wconf 88' lang='lat' dir='ltr'>Et</span> <span class='ocrx_word' id='word_1_51' title='bbox 475 676 538 730; x_wconf 87' lang='lat' dir='ltr'>in</span> <span class='ocrx_word' id='word_1_52' title='bbox 564 676 879 732; x_wconf 87' lang='lat' dir='ltr'>novissimo</span> <span class='ocrx_word' id='word_1_53' title='bbox 905 676 1000 731; x_wconf 90' lang='lat' dir='ltr'>die</span> <span class='ocrx_word' id='word_1_54' title='bbox 1027 675 1100 732; x_wconf 90' lang='lat' dir='ltr'>de</span> <span class='ocrx_word' id='word_1_55' title='bbox 1129 681 1293 732; x_wconf 91' lang='lat' dir='ltr'>terra</span> <span class='ocrx_word' id='word_1_56' title='bbox 1314 680 1697 731; x_wconf 83' lang='lat' dir='ltr'>surrecturus</span> <span class='ocrx_word' id='word_1_57' title='bbox 1737 690 1868 730; x_wconf 88' lang='lat' dir='ltr'>sum</span> 
     </span>
    </p>
   </div>
   <div class='ocr_carea' id='block_1_9' title="bbox 204 758 1868 838">
    <p class='ocr_par' dir='ltr' id='par_1_9' title="bbox 204 758 1868 838">
     <span class='ocr_line' id='line_1_9' title="bbox 204 758 1868 838; baseline -0.001 -18"><span class='ocrx_word' id='word_1_58' title='bbox 204 765 337 837; x_wconf 86' lang='lat' dir='ltr'>(Job</span> <span class='ocrx_word' id='word_1_59' title='bbox 374 780 517 833; x_wconf 84' lang='lat' dir='ltr'>xxv,</span> <span class='ocrx_word' id='word_1_60' title='bbox 546 765 657 835; x_wconf 89' lang='lat'><strong>26).</strong></span> <span class='ocrx_word' id='word_1_61' title='bbox 689 764 1064 821; x_wconf 88' lang='lat' dir='ltr'>Dubietatem</span> <span class='ocrx_word' id='word_1_62' title='bbox 1093 781 1337 838; x_wconf 92' lang='lat' dir='ltr'>quoque</span> <span class='ocrx_word' id='word_1_63' title='bbox 1367 764 1442 820; x_wconf 92' lang='lat' dir='ltr'>de</span> <span class='ocrx_word' id='word_1_64' title='bbox 1490 758 1868 836; x_wconf 74' lang='lat' dir='ltr'>reparatione</span> 
     </span>
    </p>
   </div>
   <div class='ocr_carea' id='block_1_10' title="bbox 200 851 1870 926">
    <p class='ocr_par' dir='ltr' id='par_1_10' title="bbox 200 851 1870 926">
     <span class='ocr_line' id='line_1_10' title="bbox 200 851 1870 926; baseline 0 -17"><span class='ocrx_word' id='word_1_65' title='bbox 200 868 346 910; x_wconf 88' lang='lat' dir='ltr'>vera</span> <span class='ocrx_word' id='word_1_66' title='bbox 378 851 647 924; x_wconf 91' lang='lat' dir='ltr'>corporis</span> <span class='ocrx_word' id='word_1_67' title='bbox 668 852 932 924; x_wconf 77' lang='lat' dir='ltr'>abstulit,</span> <span class='ocrx_word' id='word_1_68' title='bbox 964 854 1069 926; x_wconf 87' lang='lat' dir='ltr'>qui</span> <span class='ocrx_word' id='word_1_69' title='bbox 1091 854 1173 910; x_wconf 85' lang='lat' dir='ltr'>ait</span> <span class='ocrx_word' id='word_1_70' title='bbox 1200 873 1212 910; x_wconf 92' lang='lat'><strong>:</strong></span> <span class='ocrx_word' id='word_1_71' title='bbox 1239 855 1321 910; x_wconf 88' lang='lat' dir='ltr'>Et</span> <span class='ocrx_word' id='word_1_72' title='bbox 1351 869 1592 910; x_wconf 79' lang='lat' dir='ltr'>rursum</span> <span class='ocrx_word' id='word_1_73' title='bbox 1618 853 1870 909; x_wconf 88' lang='lat' dir='ltr'>circum-</span> 
     </span>
    </p>
   </div>
   <div class='ocr_carea' id='block_1_11' title="bbox 203 940 1870 1012">
    <p class='ocr_par' dir='ltr' id='par_1_11' title="bbox 203 940 1870 1012">
     <span class='ocr_line' id='line_1_11' title="bbox 203 940 1870 1012; baseline -0.001 -13"><span class='ocrx_word' id='word_1_74' title='bbox 203 943 395 999; x_wconf 84' lang='lat' dir='ltr'>dabor</span> <span class='ocrx_word' id='word_1_75' title='bbox 410 943 576 1012; x_wconf 89' lang='lat' dir='ltr'>pelle</span> <span class='ocrx_word' id='word_1_76' title='bbox 614 957 765 999; x_wconf 91' lang='lat' dir='ltr'>mea.</span> <span class='ocrx_word' id='word_1_77' title='bbox 799 943 909 1008; x_wconf 90' lang='lat' dir='ltr'>Qui</span> <span class='ocrx_word' id='word_1_78' title='bbox 936 942 1137 1000; x_wconf 89' lang='lat' dir='ltr'>adhuc</span> <span class='ocrx_word' id='word_1_79' title='bbox 1167 942 1245 1000; x_wconf 91' lang='lat' dir='ltr'>ad</span> <span class='ocrx_word' id='word_1_80' title='bbox 1272 941 1631 1000; x_wconf 87' lang='lat' dir='ltr'>auferendas</span> <span class='ocrx_word' id='word_1_81' title='bbox 1661 940 1870 998; x_wconf 86' lang='lat' dir='ltr'>amba-</span> 
     </span>
    </p>
   </div>
   <div class='ocr_carea' id='block_1_12' title="bbox 203 1031 1869 1104">
    <p class='ocr_par' dir='ltr' id='par_1_12' title="bbox 203 1031 1869 1104">
     <span class='ocr_line' id='line_1_12' title="bbox 203 1031 1869 1104; baseline 0 -16"><span class='ocrx_word' id='word_1_82' title='bbox 203 1048 308 1104; x_wconf 92' lang='lat' dir='ltr'>ges</span> <span class='ocrx_word' id='word_1_83' title='bbox 337 1035 559 1088; x_wconf 66' lang='lat' dir='ltr'>nostra:</span> <span class='ocrx_word' id='word_1_84' title='bbox 590 1031 968 1102; x_wconf 80' lang='lat' dir='ltr'>cogitationis</span> <span class='ocrx_word' id='word_1_85' title='bbox 1011 1033 1216 1089; x_wconf 87' lang='lat' dir='ltr'>subdit</span> <span class='ocrx_word' id='word_1_86' title='bbox 1249 1051 1260 1089; x_wconf 92' lang='lat'><strong>:</strong></span> <span class='ocrx_word' id='word_1_87' title='bbox 1296 1035 1374 1090; x_wconf 88' lang='lat' dir='ltr'>Et</span> <span class='ocrx_word' id='word_1_88' title='bbox 1417 1033 1480 1089; x_wconf 87' lang='lat' dir='ltr'>in</span> <span class='ocrx_word' id='word_1_89' title='bbox 1529 1047 1712 1090; x_wconf 85' lang='lat' dir='ltr'>carne</span> <span class='ocrx_word' id='word_1_90' title='bbox 1738 1047 1869 1088; x_wconf 91' lang='lat' dir='ltr'>mea</span> 
     </span>
    </p>
   </div>
   <div class='ocr_carea' id='block_1_13' title="bbox 203 1119 1864 1194">
    <p class='ocr_par' dir='ltr' id='par_1_13' title="bbox 203 1119 1864 1194">
     <span class='ocr_line' id='line_1_13' title="bbox 203 1119 1864 1194; baseline -0.001 -16"><span class='ocrx_word' id='word_1_91' title='bbox 203 1121 411 1178; x_wconf 79' lang='lat' dir='ltr'>videbo</span> <span class='ocrx_word' id='word_1_92' title='bbox 441 1123 650 1176; x_wconf 88' lang='lat' dir='ltr'>Deum.</span> <span class='ocrx_word' id='word_1_93' title='bbox 707 1123 854 1178; x_wconf 89' lang='lat' dir='ltr'>Ecce</span> <span class='ocrx_word' id='word_1_94' title='bbox 883 1122 1406 1190; x_wconf 84' lang='lat' dir='ltr'>resurrectionem,</span> <span class='ocrx_word' id='word_1_95' title='bbox 1444 1137 1580 1178; x_wconf 91' lang='lat' dir='ltr'>ecce</span> <span class='ocrx_word' id='word_1_96' title='bbox 1627 1119 1864 1194; x_wconf 87' lang='lat' dir='ltr'>pellem,</span> 
     </span>
    </p>
   </div>
   <div class='ocr_carea' id='block_1_14' title="bbox 201 1209 1866 1284">
    <p class='ocr_par' dir='ltr' id='par_1_14' title="bbox 201 1209 1866 1284">
     <span class='ocr_line' id='line_1_14' title="bbox 201 1209 1866 1284; baseline 0 -18"><span class='ocrx_word' id='word_1_97' title='bbox 201 1225 340 1266; x_wconf 88' lang='lat' dir='ltr'>ecce</span> <span class='ocrx_word' id='word_1_98' title='bbox 381 1225 624 1265; x_wconf 90' lang='lat' dir='ltr'>carnem</span> <span class='ocrx_word' id='word_1_99' title='bbox 656 1209 874 1282; x_wconf 85' lang='lat' dir='ltr'>apertis</span> <span class='ocrx_word' id='word_1_100' title='bbox 911 1210 1164 1267; x_wconf 86' lang='lat' dir='ltr'>vocibus</span> <span class='ocrx_word' id='word_1_101' title='bbox 1222 1211 1483 1267; x_wconf 84' lang='lat' dir='ltr'>fatetur:</span> <span class='ocrx_word' id='word_1_102' title='bbox 1525 1209 1676 1284; x_wconf 92' lang='lat' dir='ltr'>quid</span> <span class='ocrx_word' id='word_1_103' title='bbox 1722 1224 1866 1279; x_wconf 89' lang='lat' dir='ltr'>ergo</span> 
     </span>
    </p>
   </div>
   <div class='ocr_carea' id='block_1_15' title="bbox 215 1297 1869 1371">
    <p class='ocr_par' dir='ltr' id='par_1_15' title="bbox 215 1297 1869 1371">
     <span class='ocr_line' id='line_1_15' title="bbox 215 1297 1869 1371; baseline -0.001 -16"><span class='ocrx_word' id='word_1_104' title='bbox 215 1303 486 1356; x_wconf 85' lang='lat' dir='ltr'>remanet</span> <span class='ocrx_word' id='word_1_105' title='bbox 512 1297 672 1354; x_wconf 89' lang='lat' dir='ltr'>unde</span> <span class='ocrx_word' id='word_1_106' title='bbox 700 1299 896 1371; x_wconf 88' lang='lat' dir='ltr'>possit</span> <span class='ocrx_word' id='word_1_107' title='bbox 945 1315 1120 1355; x_wconf 89' lang='lat' dir='ltr'>mens</span> <span class='ocrx_word' id='word_1_108' title='bbox 1176 1303 1383 1356; x_wconf 90' lang='lat' dir='ltr'>nostra</span> <span class='ocrx_word' id='word_1_109' title='bbox 1438 1299 1711 1355; x_wconf 89' lang='lat' dir='ltr'>dubitare</span> <span class='ocrx_word' id='word_1_110' title='bbox 1740 1299 1768 1354; x_wconf 76' lang='lat' dir='ltr'>‘I</span> <span class='ocrx_word' id='word_1_111' title='bbox 1808 1299 1869 1355; x_wconf 91' lang='lat' dir='ltr'>Si</span> 
     </span>
    </p>
   </div>
   <div class='ocr_carea' id='block_1_16' title="bbox 207 1385 1867 1460">
    <p class='ocr_par' dir='ltr' id='par_1_16' title="bbox 207 1385 1867 1460">
     <span class='ocr_line' id='line_1_16' title="bbox 207 1385 1867 1460; baseline -0.001 -18"><span class='ocrx_word' id='word_1_112' title='bbox 207 1388 411 1460; x_wconf 87' lang='lat' dir='ltr'>itaque</span> <span class='ocrx_word' id='word_1_113' title='bbox 436 1386 545 1442; x_wconf 90' lang='lat' dir='ltr'>iste</span> <span class='ocrx_word' id='word_1_114' title='bbox 571 1387 658 1442; x_wconf 91' lang='lat' dir='ltr'>vir</span> <span class='ocrx_word' id='word_1_115' title='bbox 683 1391 926 1442; x_wconf 89' lang='lat' dir='ltr'>sanctus</span> <span class='ocrx_word' id='word_1_116' title='bbox 956 1392 1094 1444; x_wconf 89' lang='lat' dir='ltr'>ante</span> <span class='ocrx_word' id='word_1_117' title='bbox 1120 1387 1399 1444; x_wconf 75' lang='lat' dir='ltr'>effectum</span> <span class='ocrx_word' id='word_1_118' title='bbox 1419 1385 1867 1444; x_wconf 86' lang='lat' dir='ltr'>resurrectionis</span> 
     </span>
    </p>
   </div>
   <div class='ocr_carea' id='block_1_17' title="bbox 201 1473 1865 1544">
    <p class='ocr_par' dir='ltr' id='par_1_17' title="bbox 201 1473 1865 1544">
     <span class='ocr_line' id='line_1_17' title="bbox 201 1473 1865 1544; baseline -0.001 -14"><span class='ocrx_word' id='word_1_119' title='bbox 201 1475 526 1531; x_wconf 65' lang='lat' dir='ltr'>Dominicis</span> <span class='ocrx_word' id='word_1_120' title='bbox 580 1473 994 1531; x_wconf 91' lang='lat' dir='ltr'>reducendam</span> <span class='ocrx_word' id='word_1_121' title='bbox 1047 1491 1292 1532; x_wconf 91' lang='lat' dir='ltr'>carnem</span> <span class='ocrx_word' id='word_1_122' title='bbox 1345 1475 1408 1530; x_wconf 91' lang='lat' dir='ltr'>in</span> <span class='ocrx_word' id='word_1_123' title='bbox 1446 1475 1678 1544; x_wconf 92' lang='lat' dir='ltr'>integro</span> <span class='ocrx_word' id='word_1_124' title='bbox 1709 1478 1865 1530; x_wconf 91' lang='lat' dir='ltr'>statu</span> 
     </span>
    </p>
   </div>
   <div class='ocr_carea' id='block_1_18' title="bbox 201 1561 1866 1634">
    <p class='ocr_par' dir='ltr' id='par_1_18' title="bbox 201 1561 1866 1634">
     <span class='ocr_line' id='line_1_18' title="bbox 201 1561 1866 1634; baseline -0.001 -16"><span class='ocrx_word' id='word_1_125' title='bbox 201 1561 474 1632; x_wconf 89' lang='lat' dir='ltr'>credidit,</span> <span class='ocrx_word' id='word_1_126' title='bbox 497 1561 603 1634; x_wconf 88' lang='lat' dir='ltr'>qui</span> <span class='ocrx_word' id='word_1_127' title='bbox 626 1561 736 1617; x_wconf 89' lang='lat' dir='ltr'>erit</span> <span class='ocrx_word' id='word_1_128' title='bbox 753 1567 954 1618; x_wconf 88' lang='lat' dir='ltr'>reatus</span> <span class='ocrx_word' id='word_1_129' title='bbox 975 1567 1194 1619; x_wconf 81' lang='lat' dir='ltr'>nostrae</span> <span class='ocrx_word' id='word_1_130' title='bbox 1221 1561 1633 1627; x_wconf 89' lang='lat' dir='ltr'>dubitationis,</span> <span class='ocrx_word' id='word_1_131' title='bbox 1656 1561 1705 1616; x_wconf 93' lang='lat' dir='ltr'>si</span> <span class='ocrx_word' id='word_1_132' title='bbox 1726 1577 1866 1617; x_wconf 90' lang='lat' dir='ltr'>vera</span> 
     </span>
    </p>
   </div>
   <div class='ocr_carea' id='block_1_19' title="bbox 1979 404 3632 481">
    <p class='ocr_par' dir='ltr' id='par_1_19' title="bbox 1979 404 3632 481">
     <span class='ocr_line' id='line_1_19' title="bbox 1979 404 3632 481; baseline -0.001 -19"><span class='ocrx_word' id='word_1_133' title='bbox 1979 407 2306 478; x_wconf 87' lang='lat' dir='ltr'>telligentes</span> <span class='ocrx_word' id='word_1_134' title='bbox 2330 408 2497 481; x_wconf 87' lang='lat' dir='ltr'>quod</span> <span class='ocrx_word' id='word_1_135' title='bbox 2527 408 2654 480; x_wconf 88' lang='lat' dir='ltr'>ipse</span> <span class='ocrx_word' id='word_1_136' title='bbox 2680 404 3164 478; x_wconf 61' lang='lat' dir='ltr'>dicitlApostolus</span> <span class='ocrx_word' id='word_1_137' title='bbox 3198 422 3210 460; x_wconf 91' lang='lat'>:</span> <span class='ocrx_word' id='word_1_138' title='bbox 3239 404 3484 472; x_wconf 81' lang='lat' dir='ltr'>Oportet</span> <span class='ocrx_word' id='word_1_139' title='bbox 3505 421 3632 460; x_wconf 82' lang='lat' dir='ltr'>cur-</span> 
     </span>
    </p>
   </div>
   <div class='ocr_carea' id='block_1_20' title="bbox 1977 496 3634 567">
    <p class='ocr_par' dir='ltr' id='par_1_20' title="bbox 1977 496 3634 567">
     <span class='ocr_line' id='line_1_20' title="bbox 1977 496 3634 567; baseline 0 -15"><span class='ocrx_word' id='word_1_140' title='bbox 1977 499 2264 567; x_wconf 84' lang='lat' dir='ltr'>ruptibile</span> <span class='ocrx_word' id='word_1_141' title='bbox 2289 498 2398 554; x_wconf 88' lang='lat' dir='ltr'>hoc</span> <span class='ocrx_word' id='word_1_142' title='bbox 2436 499 2684 553; x_wconf 83' lang='lat' dir='ltr'>induere</span> <span class='ocrx_word' id='word_1_143' title='bbox 2711 497 3244 565; x_wconf 78' lang='lat' dir='ltr'>incorruptionem,</span> <span class='ocrx_word' id='word_1_144' title='bbox 3275 499 3328 550; x_wconf 89' lang='lat' dir='ltr'>et</span> <span class='ocrx_word' id='word_1_145' title='bbox 3377 496 3634 552; x_wconf 85' lang='lat' dir='ltr'>mortale</span> 
     </span>
    </p>
   </div>
   <div class='ocr_carea' id='block_1_21' title="bbox 1977 577 3633 655">
    <p class='ocr_par' dir='ltr' id='par_1_21' title="bbox 1977 577 3633 655">
     <span class='ocr_line' id='line_1_21' title="bbox 1977 577 3633 655; baseline -0.001 -13"><span class='ocrx_word' id='word_1_146' title='bbox 1977 586 2089 646; x_wconf 77' lang='lat' dir='ltr'>hoc</span> <span class='ocrx_word' id='word_1_147' title='bbox 2119 588 2367 644; x_wconf 82' lang='lat' dir='ltr'>induere</span> <span class='ocrx_word' id='word_1_148' title='bbox 2392 586 2906 642; x_wconf 84' lang='lat' dir='ltr'>immortalitatem</span> <span class='ocrx_word' id='word_1_149' title='bbox 2936 577 3142 655; x_wconf 85' lang='lat' dir='ltr'>(Ibid.,</span> <span class='ocrx_word' id='word_1_150' title='bbox 3197 587 3284 646; x_wconf 83' lang='lat'>53,</span> <span class='ocrx_word' id='word_1_151' title='bbox 3319 583 3408 654; x_wconf 75' lang='grc'>54)</span> <span class='ocrx_word' id='word_1_152' title='bbox 3442 600 3455 638; x_wconf 92' lang='lat'><strong>:</strong></span> <span class='ocrx_word' id='word_1_153' title='bbox 3491 599 3633 640; x_wconf 92' lang='lat' dir='ltr'>cum</span> 
     </span>
    </p>
   </div>
   <div class='ocr_carea' id='block_1_22' title="bbox 1976 672 3632 745">
    <p class='ocr_par' dir='ltr' id='par_1_22' title="bbox 1976 672 3632 745">
     <span class='ocr_line' id='line_1_22' title="bbox 1976 672 3632 745; baseline -0.001 -15"><span class='ocrx_word' id='word_1_154' title='bbox 1976 674 2137 730; x_wconf 91' lang='lat' dir='ltr'>enim</span> <span class='ocrx_word' id='word_1_155' title='bbox 2169 675 2284 731; x_wconf 91' lang='lat' dir='ltr'>hoc</span> <span class='ocrx_word' id='word_1_156' title='bbox 2315 675 2540 731; x_wconf 90' lang='lat' dir='ltr'>factum</span> <span class='ocrx_word' id='word_1_157' title='bbox 2572 673 2766 745; x_wconf 88' lang='lat' dir='ltr'>fuerit,</span> <span class='ocrx_word' id='word_1_158' title='bbox 2791 673 2921 744; x_wconf 89' lang='lat' dir='ltr'>jam</span> <span class='ocrx_word' id='word_1_159' title='bbox 2945 687 3068 728; x_wconf 92' lang='lat' dir='ltr'>non</span> <span class='ocrx_word' id='word_1_160' title='bbox 3099 672 3210 728; x_wconf 88' lang='lat' dir='ltr'>erit</span> <span class='ocrx_word' id='word_1_161' title='bbox 3238 687 3377 728; x_wconf 91' lang='lat' dir='ltr'>caro</span> <span class='ocrx_word' id='word_1_162' title='bbox 3409 673 3466 728; x_wconf 91' lang='lat' dir='ltr'>et</span> <span class='ocrx_word' id='word_1_163' title='bbox 3491 687 3632 728; x_wconf 86' lang='lat' dir='ltr'>san-</span> 
     </span>
    </p>
   </div>
   <div class='ocr_carea' id='block_1_23' title="bbox 1977 761 3633 836">
    <p class='ocr_par' dir='ltr' id='par_1_23' title="bbox 1977 761 3633 836">
     <span class='ocr_line' id='line_1_23' title="bbox 1977 761 3633 836; baseline 0.001 -18"><span class='ocrx_word' id='word_1_164' title='bbox 1977 763 2133 834; x_wconf 82' lang='lat' dir='ltr'>guis,</span> <span class='ocrx_word' id='word_1_165' title='bbox 2164 765 2270 820; x_wconf 91' lang='lat' dir='ltr'>sed</span> <span class='ocrx_word' id='word_1_166' title='bbox 2295 764 2529 820; x_wconf 81' lang='lat' dir='ltr'>caeleste</span> <span class='ocrx_word' id='word_1_167' title='bbox 2553 779 2771 836; x_wconf 92' lang='lat' dir='ltr'>corpus</span> <span class='ocrx_word' id='word_1_168' title='bbox 2805 779 2818 818; x_wconf 92' lang='lat'><strong>:</strong></span> <span class='ocrx_word' id='word_1_169' title='bbox 2847 778 2971 818; x_wconf 90' lang='lat' dir='ltr'>non</span> <span class='ocrx_word' id='word_1_170' title='bbox 2993 761 3076 818; x_wconf 92' lang='lat' dir='ltr'>sic</span> <span class='ocrx_word' id='word_1_171' title='bbox 3096 761 3519 834; x_wconf 90' lang='lat' dir='ltr'>accipiendum</span> <span class='ocrx_word' id='word_1_172' title='bbox 3544 767 3633 820; x_wconf 88' lang='lat' dir='ltr'>est</span> 
     </span>
    </p>
   </div>
   <div class='ocr_carea' id='block_1_24' title="bbox 1976 851 3632 926">
    <p class='ocr_par' dir='ltr' id='par_1_24' title="bbox 1976 851 3632 926">
     <span class='ocr_line' id='line_1_24' title="bbox 1976 851 3632 926; baseline 0 -17"><span class='ocrx_word' id='word_1_173' title='bbox 1976 853 2151 926; x_wconf 90' lang='lat' dir='ltr'>quasi</span> <span class='ocrx_word' id='word_1_174' title='bbox 2181 853 2377 910; x_wconf 91' lang='lat' dir='ltr'>carnis</span> <span class='ocrx_word' id='word_1_175' title='bbox 2407 869 2531 908; x_wconf 89' lang='lat' dir='ltr'>non</span> <span class='ocrx_word' id='word_1_176' title='bbox 2565 852 2640 908; x_wconf 90' lang='lat' dir='ltr'>sit</span> <span class='ocrx_word' id='word_1_177' title='bbox 2666 852 2878 909; x_wconf 83' lang='lat' dir='ltr'>futurae</span> <span class='ocrx_word' id='word_1_178' title='bbox 2910 851 3267 918; x_wconf 87' lang='lat' dir='ltr'>substantia,</span> <span class='ocrx_word' id='word_1_179' title='bbox 3299 851 3405 907; x_wconf 91' lang='lat' dir='ltr'>sed</span> <span class='ocrx_word' id='word_1_180' title='bbox 3434 852 3632 909; x_wconf 89' lang='lat' dir='ltr'>carnis</span> 
     </span>
    </p>
   </div>
   <div class='ocr_carea' id='block_1_25' title="bbox 1976 940 3631 1014">
    <p class='ocr_par' dir='ltr' id='par_1_25' title="bbox 1976 940 3631 1014">
     <span class='ocr_line' id='line_1_25' title="bbox 1976 940 3631 1014; baseline 0 -16"><span class='ocrx_word' id='word_1_181' title='bbox 1976 947 2034 999; x_wconf 92' lang='lat' dir='ltr'>et</span> <span class='ocrx_word' id='word_1_182' title='bbox 2085 942 2396 1014; x_wconf 87' lang='lat' dir='ltr'>sanguinis</span> <span class='ocrx_word' id='word_1_183' title='bbox 2440 942 2685 998; x_wconf 91' lang='lat' dir='ltr'>nomine</span> <span class='ocrx_word' id='word_1_184' title='bbox 2714 941 2911 1014; x_wconf 90' lang='lat' dir='ltr'>ipsam</span> <span class='ocrx_word' id='word_1_185' title='bbox 2945 940 3392 1013; x_wconf 89' lang='lat' dir='ltr'>corruptionem</span> <span class='ocrx_word' id='word_1_186' title='bbox 3433 941 3631 998; x_wconf 90' lang='lat' dir='ltr'>carnis</span> 
     </span>
    </p>
   </div>
   <div class='ocr_carea' id='block_1_26' title="bbox 1977 1029 3634 1102">
    <p class='ocr_par' dir='ltr' id='par_1_26' title="bbox 1977 1029 3634 1102">
     <span class='ocr_line' id='line_1_26' title="bbox 1977 1029 3634 1102; baseline 0.001 -15"><span class='ocrx_word' id='word_1_187' title='bbox 1977 1035 2034 1087; x_wconf 92' lang='lat' dir='ltr'>et</span> <span class='ocrx_word' id='word_1_188' title='bbox 2079 1030 2392 1102; x_wconf 86' lang='lat' dir='ltr'>sanguinis</span> <span class='ocrx_word' id='word_1_189' title='bbox 2432 1029 2855 1100; x_wconf 87' lang='lat' dir='ltr'>intelligendus</span> <span class='ocrx_word' id='word_1_190' title='bbox 2885 1033 2996 1085; x_wconf 88' lang='lat' dir='ltr'>.est</span> <span class='ocrx_word' id='word_1_191' title='bbox 3040 1029 3358 1102; x_wconf 90' lang='lat' dir='ltr'>Apostolus</span> <span class='ocrx_word' id='word_1_192' title='bbox 3401 1046 3634 1088; x_wconf 90' lang='lat' dir='ltr'>nuncu-</span> 
     </span>
    </p>
   </div>
   <div class='ocr_carea' id='block_1_27' title="bbox 1974 1118 3631 1194">
    <p class='ocr_par' dir='ltr' id='par_1_27' title="bbox 1974 1118 3631 1194">
     <span class='ocr_line' id='line_1_27' title="bbox 1974 1118 3631 1194; baseline 0 -18"><span class='ocrx_word' id='word_1_193' title='bbox 1974 1136 2152 1193; x_wconf 90' lang='lat' dir='ltr'>passe</span> <span class='ocrx_word' id='word_1_194' title='bbox 2178 1138 2191 1189; x_wconf 89' lang='lat'><strong>;</strong></span> <span class='ocrx_word' id='word_1_195' title='bbox 2222 1136 2359 1194; x_wconf 82' lang='lat' dir='ltr'>quae</span> <span class='ocrx_word' id='word_1_196' title='bbox 2388 1119 2592 1192; x_wconf 88' lang='lat' dir='ltr'>utique</span> <span class='ocrx_word' id='word_1_197' title='bbox 2615 1119 2676 1174; x_wconf 91' lang='lat' dir='ltr'>in</span> <span class='ocrx_word' id='word_1_198' title='bbox 2703 1134 2890 1190; x_wconf 90' lang='lat' dir='ltr'>regno</span> <span class='ocrx_word' id='word_1_199' title='bbox 2919 1118 3018 1175; x_wconf 92' lang='lat' dir='ltr'>illo</span> <span class='ocrx_word' id='word_1_200' title='bbox 3047 1134 3172 1174; x_wconf 91' lang='lat' dir='ltr'>non</span> <span class='ocrx_word' id='word_1_201' title='bbox 3197 1119 3326 1184; x_wconf 91' lang='lat' dir='ltr'>erit,</span> <span class='ocrx_word' id='word_1_202' title='bbox 3356 1119 3462 1174; x_wconf 93' lang='lat' dir='ltr'>ubi</span> <span class='ocrx_word' id='word_1_203' title='bbox 3492 1135 3631 1176; x_wconf 90' lang='lat' dir='ltr'>caro</span> 
     </span>
    </p>
   </div>
   <div class='ocr_carea' id='block_1_28' title="bbox 1975 1208 3632 1282">
    <p class='ocr_par' dir='ltr' id='par_1_28' title="bbox 1975 1208 3632 1282">
     <span class='ocr_line' id='line_1_28' title="bbox 1975 1208 3632 1282; baseline -0.001 -16"><span class='ocrx_word' id='word_1_204' title='bbox 1975 1209 2445 1282; x_wconf 88' lang='lat' dir='ltr'>incorruptibilis</span> <span class='ocrx_word' id='word_1_205' title='bbox 2476 1209 2603 1265; x_wconf 91' lang='lat' dir='ltr'>erit.</span> <span class='ocrx_word' id='word_1_206' title='bbox 2635 1210 2922 1273; x_wconf 84' lang='lat' dir='ltr'>Quamvis</span> <span class='ocrx_word' id='word_1_207' title='bbox 2952 1212 3010 1265; x_wconf 90' lang='lat' dir='ltr'>et</span> <span class='ocrx_word' id='word_1_208' title='bbox 3057 1208 3223 1264; x_wconf 90' lang='lat' dir='ltr'>aliter</span> <span class='ocrx_word' id='word_1_209' title='bbox 3247 1209 3438 1282; x_wconf 90' lang='lat' dir='ltr'>possit</span> <span class='ocrx_word' id='word_1_210' title='bbox 3465 1209 3632 1265; x_wconf 90' lang='lat' dir='ltr'>intel-</span> 
     </span>
    </p>
   </div>
   <div class='ocr_carea' id='block_1_29' title="bbox 1973 1297 3632 1370">
    <p class='ocr_par' dir='ltr' id='par_1_29' title="bbox 1973 1297 3632 1370">
     <span class='ocr_line' id='line_1_29' title="bbox 1973 1297 3632 1370; baseline 0.001 -16"><span class='ocrx_word' id='word_1_211' title='bbox 1973 1298 2097 1370; x_wconf 91' lang='lat' dir='ltr'>ligi,</span> <span class='ocrx_word' id='word_1_212' title='bbox 2130 1302 2198 1354; x_wconf 93' lang='lat' dir='ltr'>ut</span> <span class='ocrx_word' id='word_1_213' title='bbox 2222 1315 2465 1355; x_wconf 90' lang='lat' dir='ltr'>carnem</span> <span class='ocrx_word' id='word_1_214' title='bbox 2496 1303 2553 1354; x_wconf 92' lang='lat' dir='ltr'>et</span> <span class='ocrx_word' id='word_1_215' title='bbox 2582 1298 2942 1368; x_wconf 89' lang='lat' dir='ltr'>sanguinem</span> <span class='ocrx_word' id='word_1_216' title='bbox 2983 1313 3168 1370; x_wconf 87' lang='lat' dir='ltr'>opera</span> <span class='ocrx_word' id='word_1_217' title='bbox 3196 1297 3392 1353; x_wconf 87' lang='lat' dir='ltr'>carnis</span> <span class='ocrx_word' id='word_1_218' title='bbox 3414 1301 3471 1354; x_wconf 93' lang='lat' dir='ltr'>et</span> <span class='ocrx_word' id='word_1_219' title='bbox 3497 1313 3632 1355; x_wconf 90' lang='lat' dir='ltr'>san-</span> 
     </span>
    </p>
   </div>
   <div class='ocr_carea' id='block_1_30' title="bbox 1975 1386 3632 1460">
    <p class='ocr_par' dir='ltr' id='par_1_30' title="bbox 1975 1386 3632 1460">
     <span class='ocr_line' id='line_1_30' title="bbox 1975 1386 3632 1460; baseline 0.001 -19"><span class='ocrx_word' id='word_1_220' title='bbox 1975 1388 2170 1459; x_wconf 89' lang='lat' dir='ltr'>guinis</span> <span class='ocrx_word' id='word_1_221' title='bbox 2199 1387 2422 1444; x_wconf 76' lang='lat' dir='ltr'>dixisse</span> <span class='ocrx_word' id='word_1_222' title='bbox 2453 1387 2825 1460; x_wconf 86' lang='lat' dir='ltr'>accipiamus</span> <span class='ocrx_word' id='word_1_223' title='bbox 2854 1386 3233 1460; x_wconf 88' lang='lat' dir='ltr'>Apostolum,</span> <span class='ocrx_word' id='word_1_224' title='bbox 3279 1390 3336 1442; x_wconf 92' lang='lat' dir='ltr'>et</span> <span class='ocrx_word' id='word_1_225' title='bbox 3379 1403 3480 1444; x_wconf 92' lang='lat' dir='ltr'>eos</span> <span class='ocrx_word' id='word_1_226' title='bbox 3529 1387 3632 1444; x_wconf 79' lang='lat' dir='ltr'>Dei</span> 
     </span>
    </p>
   </div>
   <div class='ocr_carea' id='block_1_31' title="bbox 1971 1472 3632 1544">
    <p class='ocr_par' dir='ltr' id='par_1_31' title="bbox 1971 1472 3632 1544">
     <span class='ocr_line' id='line_1_31' title="bbox 1971 1472 3632 1544; baseline 0.001 -17"><span class='ocrx_word' id='word_1_227' title='bbox 1971 1487 2228 1541; x_wconf 86' lang='lat' dir='ltr'>regnum</span> <span class='ocrx_word' id='word_1_228' title='bbox 2275 1487 2400 1527; x_wconf 93' lang='lat' dir='ltr'>non</span> <span class='ocrx_word' id='word_1_229' title='bbox 2427 1488 2838 1544; x_wconf 90' lang='lat' dir='ltr'>possessuros,</span> <span class='ocrx_word' id='word_1_230' title='bbox 2886 1472 2990 1543; x_wconf 89' lang='lat' dir='ltr'>qui</span> <span class='ocrx_word' id='word_1_231' title='bbox 3037 1476 3490 1544; x_wconf 86' lang='lat' dir='ltr'>perseveranter</span> <span class='ocrx_word' id='word_1_232' title='bbox 3515 1472 3632 1530; x_wconf 89' lang='lat' dir='ltr'>ista</span> 
     </span>
    </p>
   </div>
   <div class='ocr_carea' id='block_1_32' title="bbox 1973 1559 2353 1631">
    <p class='ocr_par' dir='ltr' id='par_1_32' title="bbox 1973 1559 2353 1631">
     <span class='ocr_line' id='line_1_32' title="bbox 1973 1559 2353 1631; baseline -0.013 -14"><span class='ocrx_word' id='word_1_233' title='bbox 1973 1559 2321 1617; x_wconf 85' lang='lat' dir='ltr'>dilexerunt.</span> <span class='ocrx_word' id='word_1_234' title='bbox 2336 1560 2353 1631; x_wconf 85' lang='lat'>]</span> 
     </span>
    </p>
   </div>
   <div class='ocr_carea' id='block_1_33' title="bbox 201 1647 3633 1728">
    <p class='ocr_par' dir='ltr' id='par_1_33' title="bbox 201 1647 3633 1728">
     <span class='ocr_line' id='line_1_33' title="bbox 201 1647 3633 1728; baseline -0.001 -20"><span class='ocrx_word' id='word_1_235' title='bbox 201 1651 398 1708; x_wconf 91' lang='lat' dir='ltr'>carnis</span> <span class='ocrx_word' id='word_1_236' title='bbox 417 1650 790 1718; x_wconf 89' lang='lat' dir='ltr'>resurrectio,</span> <span class='ocrx_word' id='word_1_237' title='bbox 818 1666 929 1707; x_wconf 91' lang='lat' dir='ltr'>nec</span> <span class='ocrx_word' id='word_1_238' title='bbox 949 1656 1087 1725; x_wconf 89' lang='lat' dir='ltr'>post</span> <span class='ocrx_word' id='word_1_239' title='bbox 1103 1651 1450 1724; x_wconf 88' lang='lat' dir='ltr'>exemplum</span> <span class='ocrx_word' id='word_1_240' title='bbox 1473 1650 1732 1708; x_wconf 89' lang='lat' dir='ltr'>creditur</span> <span class='ocrx_word' id='word_1_241' title='bbox 1752 1652 1862 1705; x_wconf 83' lang='lat' dir='ltr'>Re-</span> <span class='ocrx_word' id='word_1_242' title='bbox 1897 1673 1942 1728; x_wconf 77' lang='grc' dir='ltr'>Β</span> <span class='ocrx_word' id='word_1_243' title='bbox 2043 1651 2084 1720; x_wconf 70' lang='grc' dir='ltr'>-ι-</span> <span class='ocrx_word' id='word_1_244' title='bbox 2114 1649 2359 1716; x_wconf 90' lang='lat' dir='ltr'>Item_in</span> <span class='ocrx_word' id='word_1_245' title='bbox 2387 1649 2804 1705; x_wconf 89' lang='lat' dir='ltr'>retractatione</span> <span class='ocrx_word' id='word_1_246' title='bbox 2846 1647 2986 1705; x_wconf 91' lang='lat' dir='ltr'>libri</span> <span class='ocrx_word' id='word_1_247' title='bbox 3015 1648 3090 1706; x_wconf 94' lang='lat' dir='ltr'>de</span> <span class='ocrx_word' id='word_1_248' title='bbox 3124 1649 3260 1706; x_wconf 88' lang='lat' dir='ltr'>Fide</span> <span class='ocrx_word' id='word_1_249' title='bbox 3288 1653 3347 1706; x_wconf 91' lang='lat' dir='ltr'>et</span> <span class='ocrx_word' id='word_1_250' title='bbox 3377 1648 3633 1723; x_wconf 83' lang='lat' dir='ltr'>Symbo-</span> 
     </span>
    </p>
   </div>
   <div class='ocr_carea' id='block_1_34' title="bbox 199 1740 1862 1814">
    <p class='ocr_par' dir='ltr' id='par_1_34' title="bbox 199 1740 1862 1814">
     <span class='ocr_line' id='line_1_34' title="bbox 199 1740 1862 1814; baseline -0.002 -17"><span class='ocrx_word' id='word_1_251' title='bbox 199 1740 530 1814; x_wconf 90' lang='lat' dir='ltr'>demptoris</span> <span class='ocrx_word' id='word_1_252' title='bbox 554 1740 582 1796; x_wconf 84' lang='lat'><strong>?</strong></span> <span class='ocrx_word' id='word_1_253' title='bbox 637 1740 694 1795; x_wconf 93' lang='lat' dir='ltr'>Si</span> <span class='ocrx_word' id='word_1_254' title='bbox 730 1741 890 1796; x_wconf 92' lang='lat' dir='ltr'>enim</span> <span class='ocrx_word' id='word_1_255' title='bbox 922 1745 1058 1813; x_wconf 88' lang='lat' dir='ltr'>post</span> <span class='ocrx_word' id='word_1_256' title='bbox 1091 1742 1592 1798; x_wconf 90' lang='lat' dir='ltr'>resurrectionem</span> <span class='ocrx_word' id='word_1_257' title='bbox 1643 1755 1862 1812; x_wconf 91' lang='lat' dir='ltr'>corpus</span> 
     </span>
    </p>
   </div>
   <div class='ocr_carea' id='block_1_35' title="bbox 197 1828 1860 1902">
    <p class='ocr_par' dir='ltr' id='par_1_35' title="bbox 197 1828 1860 1902">
     <span class='ocr_line' id='line_1_35' title="bbox 197 1828 1860 1902; baseline -0.001 -17"><span class='ocrx_word' id='word_1_258' title='bbox 197 1828 503 1902; x_wconf 87' lang='lat' dir='ltr'>palpabile</span> <span class='ocrx_word' id='word_1_259' title='bbox 523 1844 645 1884; x_wconf 92' lang='lat' dir='ltr'>non</span> <span class='ocrx_word' id='word_1_260' title='bbox 663 1828 789 1899; x_wconf 90' lang='lat' dir='ltr'>erit,</span> <span class='ocrx_word' id='word_1_261' title='bbox 821 1829 1087 1901; x_wconf 91' lang='lat' dir='ltr'>profecto</span> <span class='ocrx_word' id='word_1_262' title='bbox 1108 1829 1273 1886; x_wconf 90' lang='lat' dir='ltr'>aliud</span> <span class='ocrx_word' id='word_1_263' title='bbox 1296 1829 1502 1900; x_wconf 89' lang='lat' dir='ltr'>surgit,</span> <span class='ocrx_word' id='word_1_264' title='bbox 1519 1843 1707 1901; x_wconf 91' lang='lat' dir='ltr'>quam</span> <span class='ocrx_word' id='word_1_265' title='bbox 1730 1844 1860 1884; x_wconf 93' lang='lat' dir='ltr'>mo-</span> 
     </span>
    </p>
   </div>
   <div class='ocr_carea' id='block_1_36' title="bbox 195 1917 1859 1990">
    <p class='ocr_par' dir='ltr' id='par_1_36' title="bbox 195 1917 1859 1990">
     <span class='ocr_line' id='line_1_36' title="bbox 195 1917 1859 1990; baseline -0.001 -17"><span class='ocrx_word' id='word_1_266' title='bbox 195 1918 365 1984; x_wconf 91' lang='lat' dir='ltr'>ritur,</span> <span class='ocrx_word' id='word_1_267' title='bbox 413 1917 663 1990; x_wconf 89' lang='lat' dir='ltr'>etquod</span> <span class='ocrx_word' id='word_1_268' title='bbox 689 1917 851 1973; x_wconf 91' lang='lat' dir='ltr'>dictu</span> <span class='ocrx_word' id='word_1_269' title='bbox 901 1918 1072 1974; x_wconf 85' lang='lat' dir='ltr'>nefas</span> <span class='ocrx_word' id='word_1_270' title='bbox 1103 1923 1192 1974; x_wconf 92' lang='lat' dir='ltr'>est</span> <span class='ocrx_word' id='word_1_271' title='bbox 1243 1918 1502 1981; x_wconf 87' lang='lat' dir='ltr'>credere,</span> <span class='ocrx_word' id='word_1_272' title='bbox 1553 1917 1700 1990; x_wconf 85' lang='lat' dir='ltr'>quia</span> <span class='ocrx_word' id='word_1_273' title='bbox 1747 1931 1859 1986; x_wconf 86' lang='lat' dir='ltr'>ego</span> 
     </span>
    </p>
   </div>
   <div class='ocr_carea' id='block_1_37' title="bbox 200 2005 1861 2078">
    <p class='ocr_par' dir='ltr' id='par_1_37' title="bbox 200 2005 1861 2078">
     <span class='ocr_line' id='line_1_37' title="bbox 200 2005 1861 2078; baseline -0.002 -15"><span class='ocrx_word' id='word_1_274' title='bbox 200 2006 428 2063; x_wconf 91' lang='lat' dir='ltr'>morior</span> <span class='ocrx_word' id='word_1_275' title='bbox 474 2010 532 2062; x_wconf 90' lang='lat' dir='ltr'>et</span> <span class='ocrx_word' id='word_1_276' title='bbox 562 2005 714 2062; x_wconf 92' lang='lat' dir='ltr'>alius</span> <span class='ocrx_word' id='word_1_277' title='bbox 758 2011 1052 2076; x_wconf 86' lang='lat' dir='ltr'>resurgat.</span> <span class='ocrx_word' id='word_1_278' title='bbox 1100 2006 1286 2075; x_wconf 91' lang='lat' dir='ltr'>Unde,</span> <span class='ocrx_word' id='word_1_279' title='bbox 1318 2021 1528 2078; x_wconf 75' lang='lat' dir='ltr'>quaeso</span> <span class='ocrx_word' id='word_1_280' title='bbox 1559 2009 1637 2076; x_wconf 91' lang='lat' dir='ltr'>te,</span> <span class='ocrx_word' id='word_1_281' title='bbox 1686 2005 1861 2060; x_wconf 85' lang='lat' dir='ltr'>beate</span> 
     </span>
    </p>
   </div>
   <div class='ocr_carea' id='block_1_38' title="bbox 198 2094 1863 2168">
    <p class='ocr_par' dir='ltr' id='par_1_38' title="bbox 198 2094 1863 2168">
     <span class='ocr_line' id='line_1_38' title="bbox 198 2094 1863 2168; baseline -0.001 -16"><span class='ocrx_word' id='word_1_282' title='bbox 198 2095 334 2167; x_wconf 87' lang='lat' dir='ltr'>Job,</span> <span class='ocrx_word' id='word_1_283' title='bbox 362 2095 662 2167; x_wconf 88' lang='lat' dir='ltr'>subjunge</span> <span class='ocrx_word' id='word_1_284' title='bbox 693 2111 830 2168; x_wconf 82' lang='lat' dir='ltr'>quae</span> <span class='ocrx_word' id='word_1_285' title='bbox 853 2095 1058 2166; x_wconf 91' lang='lat' dir='ltr'>sentis,</span> <span class='ocrx_word' id='word_1_286' title='bbox 1085 2099 1144 2151; x_wconf 89' lang='lat' dir='ltr'>et</span> <span class='ocrx_word' id='word_1_287' title='bbox 1166 2095 1349 2167; x_wconf 88' lang='lat' dir='ltr'>hujus</span> <span class='ocrx_word' id='word_1_288' title='bbox 1365 2095 1546 2151; x_wconf 89' lang='lat' dir='ltr'>nobis</span> <span class='ocrx_word' id='word_1_289' title='bbox 1576 2094 1863 2168; x_wconf 68' lang='lat' dir='ltr'>quaestio-</span> 
     </span>
    </p>
   </div>
   <div class='ocr_carea' id='block_1_39' title="bbox 196 2183 1860 2259">
    <p class='ocr_par' dir='ltr' id='par_1_39' title="bbox 196 2183 1860 2259">
     <span class='ocr_line' id='line_1_39' title="bbox 196 2183 1860 2259; baseline -0.001 -17"><span class='ocrx_word' id='word_1_290' title='bbox 196 2186 296 2242; x_wconf 90' lang='lat' dir='ltr'>nis</span> <span class='ocrx_word' id='word_1_291' title='bbox 326 2184 677 2259; x_wconf 88' lang='lat' dir='ltr'>scrupulum</span> <span class='ocrx_word' id='word_1_292' title='bbox 708 2183 866 2240; x_wconf 89' lang='lat' dir='ltr'>tolle.</span> <span class='ocrx_word' id='word_1_293' title='bbox 900 2184 1178 2258; x_wconf 88' lang='lat' dir='ltr'>Sequitur</span> <span class='ocrx_word' id='word_1_294' title='bbox 1211 2202 1224 2241; x_wconf 91' lang='lat'>:</span> <span class='ocrx_word' id='word_1_295' title='bbox 1257 2185 1438 2253; x_wconf 87' lang='lat' dir='ltr'>Quem</span> <span class='ocrx_word' id='word_1_296' title='bbox 1465 2187 1702 2241; x_wconf 85' lang='lat' dir='ltr'>visurus</span> <span class='ocrx_word' id='word_1_297' title='bbox 1731 2200 1860 2240; x_wconf 85' lang='lat' dir='ltr'>sum</span> 
     </span>
    </p>
   </div>
   <div class='ocr_carea' id='block_1_40' title="bbox 197 2275 1861 2347">
    <p class='ocr_par' dir='ltr' id='par_1_40' title="bbox 197 2275 1861 2347">
     <span class='ocr_line' id='line_1_40' title="bbox 197 2275 1861 2347; baseline -0.001 -15"><span class='ocrx_word' id='word_1_298' title='bbox 197 2292 308 2347; x_wconf 84' lang='lat' dir='ltr'>ego</span> <span class='ocrx_word' id='word_1_299' title='bbox 328 2277 474 2346; x_wconf 85' lang='lat' dir='ltr'>ipse,</span> <span class='ocrx_word' id='word_1_300' title='bbox 498 2280 552 2331; x_wconf 89' lang='lat' dir='ltr'>et</span> <span class='ocrx_word' id='word_1_301' title='bbox 578 2275 742 2332; x_wconf 87' lang='lat' dir='ltr'>oculi</span> <span class='ocrx_word' id='word_1_302' title='bbox 763 2275 881 2331; x_wconf 88' lang='lat' dir='ltr'>mei</span> <span class='ocrx_word' id='word_1_303' title='bbox 899 2275 1278 2344; x_wconf 85' lang='lat' dir='ltr'>conspecturi</span> <span class='ocrx_word' id='word_1_304' title='bbox 1295 2279 1460 2345; x_wconf 87' lang='lat' dir='ltr'>sunt,</span> <span class='ocrx_word' id='word_1_305' title='bbox 1485 2281 1676 2331; x_wconf 88' lang='lat' dir='ltr'>etnon</span> <span class='ocrx_word' id='word_1_306' title='bbox 1703 2275 1861 2330; x_wconf 85' lang='lat' dir='ltr'>alius</span> 
     </span>
    </p>
   </div>
   <div class='ocr_carea' id='block_1_41' title="bbox 196 2364 1862 2438">
    <p class='ocr_par' dir='ltr' id='par_1_41' title="bbox 196 2364 1862 2438">
     <span class='ocr_line' id='line_1_41' title="bbox 196 2364 1862 2438; baseline -0.001 -17"><span class='ocrx_word' id='word_1_307' title='bbox 196 2365 408 2436; x_wconf 84' lang='lat' dir='ltr'>(Ibid.,</span> <span class='ocrx_word' id='word_1_308' title='bbox 435 2366 548 2437; x_wconf 85' lang='lat'><strong>27).</strong></span> <span class='ocrx_word' id='word_1_309' title='bbox 583 2364 641 2422; x_wconf 90' lang='lat' dir='ltr'>Si</span> <span class='ocrx_word' id='word_1_310' title='bbox 670 2364 855 2434; x_wconf 92' lang='lat' dir='ltr'>enim,</span> <span class='ocrx_word' id='word_1_311' title='bbox 887 2364 1038 2420; x_wconf 90' lang='lat' dir='ltr'>sicut</span> <span class='ocrx_word' id='word_1_312' title='bbox 1067 2364 1319 2438; x_wconf 90' lang='lat' dir='ltr'>quidam</span> <span class='ocrx_word' id='word_1_313' title='bbox 1351 2380 1621 2420; x_wconf 90' lang='lat' dir='ltr'>errorum</span> <span class='ocrx_word' id='word_1_314' title='bbox 1651 2380 1862 2438; x_wconf 89' lang='lat' dir='ltr'>sequa-</span> 
     </span>
    </p>
   </div>
   <div class='ocr_carea' id='block_1_42' title="bbox 197 2453 1861 2528">
    <p class='ocr_par' dir='ltr' id='par_1_42' title="bbox 197 2453 1861 2528">
     <span class='ocr_line' id='line_1_42' title="bbox 197 2453 1861 2528; baseline -0.001 -18"><span class='ocrx_word' id='word_1_315' title='bbox 197 2470 303 2510; x_wconf 90' lang='lat' dir='ltr'>ces</span> <span class='ocrx_word' id='word_1_316' title='bbox 332 2454 719 2526; x_wconf 82' lang='lat' dir='ltr'>arbitrantur,</span> <span class='ocrx_word' id='word_1_317' title='bbox 748 2453 892 2526; x_wconf 87' lang='lat' dir='ltr'>quia</span> <span class='ocrx_word' id='word_1_318' title='bbox 919 2457 1058 2527; x_wconf 88' lang='lat' dir='ltr'>post</span> <span class='ocrx_word' id='word_1_319' title='bbox 1087 2453 1585 2510; x_wconf 90' lang='lat' dir='ltr'>resurrectionem</span> <span class='ocrx_word' id='word_1_320' title='bbox 1643 2469 1861 2528; x_wconf 89' lang='lat' dir='ltr'>corpus</span> 
     </span>
    </p>
   </div>
   <div class='ocr_carea' id='block_1_43' title="bbox 190 2539 1860 2615">
    <p class='ocr_par' dir='ltr' id='par_1_43' title="bbox 190 2539 1860 2615">
     <span class='ocr_line' id='line_1_43' title="bbox 190 2539 1860 2615; baseline -0.001 -18"><span class='ocrx_word' id='word_1_321' title='bbox 190 2541 506 2615; x_wconf 87' lang='lat' dir='ltr'>palpabile</span> <span class='ocrx_word' id='word_1_322' title='bbox 534 2556 659 2597; x_wconf 92' lang='lat' dir='ltr'>non</span> <span class='ocrx_word' id='word_1_323' title='bbox 688 2541 814 2604; x_wconf 90' lang='lat' dir='ltr'>erit,</span> <span class='ocrx_word' id='word_1_324' title='bbox 849 2541 955 2597; x_wconf 91' lang='lat' dir='ltr'>sed</span> <span class='ocrx_word' id='word_1_325' title='bbox 982 2541 1292 2598; x_wconf 85' lang='lat' dir='ltr'>invisibilis</span> <span class='ocrx_word' id='word_1_326' title='bbox 1319 2541 1585 2614; x_wconf 90' lang='lat' dir='ltr'>corporis</span> <span class='ocrx_word' id='word_1_327' title='bbox 1627 2539 1860 2596; x_wconf 87' lang='lat' dir='ltr'>subtili-</span> 
     </span>
    </p>
   </div>
   <div class='ocr_carea' id='block_1_44' title="bbox 191 2630 1860 2703">
    <p class='ocr_par' dir='ltr' id='par_1_44' title="bbox 191 2630 1860 2703">
     <span class='ocr_line' id='line_1_44' title="bbox 191 2630 1860 2703; baseline -0.002 -15"><span class='ocrx_word' id='word_1_328' title='bbox 191 2635 289 2688; x_wconf 82' lang='lat' dir='ltr'>tas</span> <span class='ocrx_word' id='word_1_329' title='bbox 318 2646 459 2687; x_wconf 92' lang='lat' dir='ltr'>caro</span> <span class='ocrx_word' id='word_1_330' title='bbox 480 2630 814 2698; x_wconf 86' lang='lat' dir='ltr'>vocabitur,</span> <span class='ocrx_word' id='word_1_331' title='bbox 844 2631 1120 2703; x_wconf 89' lang='lat' dir='ltr'>quamvis</span> <span class='ocrx_word' id='word_1_332' title='bbox 1141 2631 1478 2687; x_wconf 87' lang='lat' dir='ltr'>substantia</span> <span class='ocrx_word' id='word_1_333' title='bbox 1507 2630 1705 2688; x_wconf 89' lang='lat' dir='ltr'>carnis</span> <span class='ocrx_word' id='word_1_334' title='bbox 1736 2645 1860 2686; x_wconf 91' lang='lat' dir='ltr'>non</span> 
     </span>
    </p>
   </div>
   <div class='ocr_carea' id='block_1_45' title="bbox 194 2717 1860 2792">
    <p class='ocr_par' dir='ltr' id='par_1_45' title="bbox 194 2717 1860 2792">
     <span class='ocr_line' id='line_1_45' title="bbox 194 2717 1860 2792; baseline 0.001 -19"><span class='ocrx_word' id='word_1_335' title='bbox 194 2717 290 2780; x_wconf 86' lang='lat' dir='ltr'>sit.</span> <span class='ocrx_word' id='word_1_336' title='bbox 319 2717 586 2791; x_wconf 89' lang='lat' dir='ltr'>profecto</span> <span class='ocrx_word' id='word_1_337' title='bbox 618 2718 772 2774; x_wconf 91' lang='lat' dir='ltr'>alius</span> <span class='ocrx_word' id='word_1_338' title='bbox 797 2723 886 2774; x_wconf 91' lang='lat' dir='ltr'>est</span> <span class='ocrx_word' id='word_1_339' title='bbox 915 2717 1020 2790; x_wconf 91' lang='lat' dir='ltr'>qui</span> <span class='ocrx_word' id='word_1_340' title='bbox 1063 2718 1334 2789; x_wconf 90' lang='lat' dir='ltr'>moritur,</span> <span class='ocrx_word' id='word_1_341' title='bbox 1366 2722 1422 2774; x_wconf 94' lang='lat' dir='ltr'>et</span> <span class='ocrx_word' id='word_1_342' title='bbox 1451 2718 1604 2775; x_wconf 91' lang='lat' dir='ltr'>alius</span> <span class='ocrx_word' id='word_1_343' title='bbox 1639 2717 1745 2792; x_wconf 88' lang='lat' dir='ltr'>qui</span> <span class='ocrx_word' id='word_1_344' title='bbox 1772 2733 1860 2774; x_wconf 89' lang='lat' dir='ltr'>re-</span> 
     </span>
    </p>
   </div>
   <div class='ocr_carea' id='block_1_46' title="bbox 199 2806 1860 2876">
    <p class='ocr_par' dir='ltr' id='par_1_46' title="bbox 199 2806 1860 2876">
     <span class='ocr_line' id='line_1_46' title="bbox 199 2806 1860 2876; baseline 0.001 -15"><span class='ocrx_word' id='word_1_345' title='bbox 199 2807 408 2876; x_wconf 88' lang='lat' dir='ltr'>surgit.</span> <span class='ocrx_word' id='word_1_346' title='bbox 443 2807 557 2864; x_wconf 90' lang='lat' dir='ltr'>Sed</span> <span class='ocrx_word' id='word_1_347' title='bbox 587 2806 798 2862; x_wconf 89' lang='lat' dir='ltr'>beatus</span> <span class='ocrx_word' id='word_1_348' title='bbox 826 2806 937 2861; x_wconf 86' lang='lat' dir='ltr'>Job</span> <span class='ocrx_word' id='word_1_349' title='bbox 965 2806 1123 2862; x_wconf 88' lang='lat' dir='ltr'>hanc</span> <span class='ocrx_word' id='word_1_350' title='bbox 1150 2806 1211 2862; x_wconf 92' lang='lat' dir='ltr'>in</span> <span class='ocrx_word' id='word_1_351' title='bbox 1242 2807 1330 2862; x_wconf 90' lang='lat' dir='ltr'>eis</span> <span class='ocrx_word' id='word_1_352' title='bbox 1365 2807 1723 2864; x_wconf 88' lang='lat' dir='ltr'>sententiam</span> <span class='ocrx_word' id='word_1_353' title='bbox 1764 2823 1860 2863; x_wconf 86' lang='lat' dir='ltr'>ve-</span> 
     </span>
    </p>
   </div>
   <div class='ocr_carea' id='block_1_47' title="bbox 199 2895 1858 2968">
    <p class='ocr_par' dir='ltr' id='par_1_47' title="bbox 199 2895 1858 2968">
     <span class='ocr_line' id='line_1_47' title="bbox 199 2895 1858 2968; baseline 0.002 -19"><span class='ocrx_word' id='word_1_354' title='bbox 199 2895 390 2951; x_wconf 86' lang='lat' dir='ltr'>ridica</span> <span class='ocrx_word' id='word_1_355' title='bbox 433 2911 580 2951; x_wconf 92' lang='lat' dir='ltr'>voce</span> <span class='ocrx_word' id='word_1_356' title='bbox 609 2895 879 2962; x_wconf 87' lang='lat' dir='ltr'>destruit,</span> <span class='ocrx_word' id='word_1_357' title='bbox 913 2895 1018 2968; x_wconf 92' lang='lat' dir='ltr'>qui</span> <span class='ocrx_word' id='word_1_358' title='bbox 1047 2895 1130 2952; x_wconf 87' lang='lat' dir='ltr'>ait</span> <span class='ocrx_word' id='word_1_359' title='bbox 1161 2913 1174 2951; x_wconf 91' lang='lat'><strong>:</strong></span> <span class='ocrx_word' id='word_1_360' title='bbox 1208 2896 1389 2963; x_wconf 86' lang='lat' dir='ltr'>Quem</span> <span class='ocrx_word' id='word_1_361' title='bbox 1447 2898 1685 2953; x_wconf 88' lang='lat' dir='ltr'>visurus</span> <span class='ocrx_word' id='word_1_362' title='bbox 1728 2912 1858 2952; x_wconf 88' lang='lat' dir='ltr'>sum</span> 
     </span>
    </p>
   </div>
   <div class='ocr_carea' id='block_1_48' title="bbox 1969 1737 3631 1810">
    <p class='ocr_par' dir='ltr' id='par_1_48' title="bbox 1969 1737 3631 1810">
     <span class='ocr_line' id='line_1_48' title="bbox 1969 1737 3631 1810; baseline 0.001 -16"><span class='ocrx_word' id='word_1_363' title='bbox 1969 1738 2028 1795; x_wconf 96' lang='lat' dir='ltr'>lo</span> <span class='ocrx_word' id='word_1_364' title='bbox 2054 1757 2066 1795; x_wconf 89' lang='lat'><strong>:</strong></span> <span class='ocrx_word' id='word_1_365' title='bbox 2101 1739 2190 1810; x_wconf 88' lang='lat' dir='ltr'>[In</span> <span class='ocrx_word' id='word_1_366' title='bbox 2216 1739 2333 1794; x_wconf 93' lang='lat' dir='ltr'>hoc</span> <span class='ocrx_word' id='word_1_367' title='bbox 2362 1738 2514 1794; x_wconf 91' lang='lat' dir='ltr'>libro</span> <span class='ocrx_word' id='word_1_368' title='bbox 2544 1754 2684 1794; x_wconf 91' lang='lat' dir='ltr'>cum</span> <span class='ocrx_word' id='word_1_369' title='bbox 2705 1737 2780 1794; x_wconf 92' lang='lat' dir='ltr'>de</span> <span class='ocrx_word' id='word_1_370' title='bbox 2809 1739 3245 1795; x_wconf 90' lang='lat' dir='ltr'>resurrectione</span> <span class='ocrx_word' id='word_1_371' title='bbox 3276 1739 3473 1796; x_wconf 90' lang='lat' dir='ltr'>carnis</span> <span class='ocrx_word' id='word_1_372' title='bbox 3493 1755 3631 1810; x_wconf 89' lang='lat' dir='ltr'>age-</span> 
     </span>
    </p>
   </div>
   <div class='ocr_carea' id='block_1_49' title="bbox 1969 1827 3632 1901">
    <p class='ocr_par' dir='ltr' id='par_1_49' title="bbox 1969 1827 3632 1901">
     <span class='ocr_line' id='line_1_49' title="bbox 1969 1827 3632 1901; baseline -0.001 -17"><span class='ocrx_word' id='word_1_373' title='bbox 1969 1832 2130 1884; x_wconf 92' lang='lat' dir='ltr'>retur</span> <span class='ocrx_word' id='word_1_374' title='bbox 2158 1845 2170 1882; x_wconf 94' lang='lat'>:</span> <span class='ocrx_word' id='word_1_375' title='bbox 2197 1828 2507 1900; x_wconf 81' lang='lat' dir='ltr'>Resurget,</span> <span class='ocrx_word' id='word_1_376' title='bbox 2534 1827 2808 1900; x_wconf 91' lang='lat' dir='ltr'>inquam,</span> <span class='ocrx_word' id='word_1_377' title='bbox 2837 1842 3058 1901; x_wconf 92' lang='lat' dir='ltr'>corpus</span> <span class='ocrx_word' id='word_1_378' title='bbox 3080 1828 3418 1887; x_wconf 91' lang='lat' dir='ltr'>secundum</span> <span class='ocrx_word' id='word_1_379' title='bbox 3441 1828 3632 1885; x_wconf 85' lang='lat' dir='ltr'>Chris-</span> 
     </span>
    </p>
   </div>
   <div class='ocr_carea' id='block_1_50' title="bbox 1966 1915 3630 1989">
    <p class='ocr_par' dir='ltr' id='par_1_50' title="bbox 1966 1915 3630 1989">
     <span class='ocr_line' id='line_1_50' title="bbox 1966 1915 3630 1989; baseline 0.001 -17"><span class='ocrx_word' id='word_1_380' title='bbox 1966 1918 2197 1973; x_wconf 91' lang='lat' dir='ltr'>tianam</span> <span class='ocrx_word' id='word_1_381' title='bbox 2226 1916 2432 1988; x_wconf 86' lang='lat' dir='ltr'>fidem,</span> <span class='ocrx_word' id='word_1_382' title='bbox 2463 1932 2600 1989; x_wconf 60' lang='lat' dir='ltr'>quas</span> <span class='ocrx_word' id='word_1_383' title='bbox 2645 1915 2846 1973; x_wconf 88' lang='lat' dir='ltr'>fallere</span> <span class='ocrx_word' id='word_1_384' title='bbox 2890 1932 3014 1972; x_wconf 92' lang='lat' dir='ltr'>non</span> <span class='ocrx_word' id='word_1_385' title='bbox 3065 1920 3282 1989; x_wconf 91' lang='lat' dir='ltr'>potest.</span> <span class='ocrx_word' id='word_1_386' title='bbox 3332 1917 3503 1982; x_wconf 89' lang='lat' dir='ltr'>Quod</span> <span class='ocrx_word' id='word_1_387' title='bbox 3533 1917 3630 1973; x_wconf 92' lang='lat' dir='ltr'>cui</span> 
     </span>
    </p>
   </div>
   <div class='ocr_carea' id='block_1_51' title="bbox 1967 2004 3625 2078">
    <p class='ocr_par' dir='ltr' id='par_1_51' title="bbox 1967 2004 3625 2078">
     <span class='ocr_line' id='line_1_51' title="bbox 1967 2004 3625 2078; baseline 0.001 -17"><span class='ocrx_word' id='word_1_388' title='bbox 1967 2005 2202 2062; x_wconf 92' lang='lat' dir='ltr'>videtur</span> <span class='ocrx_word' id='word_1_389' title='bbox 2220 2004 2586 2073; x_wconf 88' lang='lat' dir='ltr'>incredibile,</span> <span class='ocrx_word' id='word_1_390' title='bbox 2629 2004 2824 2078; x_wconf 87' lang='lat' dir='ltr'>qualis</span> <span class='ocrx_word' id='word_1_391' title='bbox 2854 2004 2927 2061; x_wconf 91' lang='lat' dir='ltr'>sit</span> <span class='ocrx_word' id='word_1_392' title='bbox 2953 2021 3116 2061; x_wconf 90' lang='lat' dir='ltr'>nunc</span> <span class='ocrx_word' id='word_1_393' title='bbox 3147 2021 3286 2061; x_wconf 92' lang='lat' dir='ltr'>caro</span> <span class='ocrx_word' id='word_1_394' title='bbox 3330 2005 3580 2062; x_wconf 84' lang='lat' dir='ltr'>attendit</span> <span class='ocrx_word' id='word_1_395' title='bbox 3611 2023 3625 2076; x_wconf 91' lang='lat'><strong>;</strong></span> 
     </span>
    </p>
   </div>
   <div class='ocr_carea' id='block_1_52' title="bbox 1968 2092 3627 2167">
    <p class='ocr_par' dir='ltr' id='par_1_52' title="bbox 1968 2092 3627 2167">
     <span class='ocr_line' id='line_1_52' title="bbox 1968 2092 3627 2167; baseline 0.001 -19"><span class='ocrx_word' id='word_1_396' title='bbox 1968 2093 2163 2166; x_wconf 90' lang='lat' dir='ltr'>qualis</span> <span class='ocrx_word' id='word_1_397' title='bbox 2192 2097 2394 2150; x_wconf 88' lang='lat' dir='ltr'>autem</span> <span class='ocrx_word' id='word_1_398' title='bbox 2423 2092 2623 2148; x_wconf 89' lang='lat' dir='ltr'>futura</span> <span class='ocrx_word' id='word_1_399' title='bbox 2654 2093 2750 2162; x_wconf 88' lang='lat' dir='ltr'>sit,</span> <span class='ocrx_word' id='word_1_400' title='bbox 2774 2109 2900 2150; x_wconf 90' lang='lat' dir='ltr'>non</span> <span class='ocrx_word' id='word_1_401' title='bbox 2931 2093 3270 2150; x_wconf 91' lang='lat' dir='ltr'>considerat</span> <span class='ocrx_word' id='word_1_402' title='bbox 3299 2111 3313 2150; x_wconf 88' lang='lat'><strong>:</strong></span> <span class='ocrx_word' id='word_1_403' title='bbox 3346 2093 3492 2167; x_wconf 90' lang='lat' dir='ltr'>quia</span> <span class='ocrx_word' id='word_1_404' title='bbox 3525 2093 3627 2150; x_wconf 91' lang='lat' dir='ltr'>illo</span> 
     </span>
    </p>
   </div>
   <div class='ocr_carea' id='block_1_53' title="bbox 1969 2181 3631 2260">
    <p class='ocr_par' dir='ltr' id='par_1_53' title="bbox 1969 2181 3631 2260">
     <span class='ocr_line' id='line_1_53' title="bbox 1969 2181 3631 2260; baseline 0.001 -22"><span class='ocrx_word' id='word_1_405' title='bbox 1969 2185 2237 2254; x_wconf 91' lang='lat' dir='ltr'>tempore</span> <span class='ocrx_word' id='word_1_406' title='bbox 2268 2181 2706 2238; x_wconf 90' lang='lat' dir='ltr'>immutationis</span> <span class='ocrx_word' id='word_1_407' title='bbox 2737 2181 3022 2252; x_wconf 78' lang='lat' dir='ltr'>angelicae</span> <span class='ocrx_word' id='word_1_408' title='bbox 3051 2197 3177 2239; x_wconf 90' lang='lat' dir='ltr'>non</span> <span class='ocrx_word' id='word_1_409' title='bbox 3201 2182 3332 2254; x_wconf 90' lang='lat' dir='ltr'>jam</span> <span class='ocrx_word' id='word_1_410' title='bbox 3353 2183 3631 2260; x_wconf 66' lang='lat' dir='ltr'>carqerit</span> 
     </span>
    </p>
   </div>
   <div class='ocr_carea' id='block_1_54' title="bbox 1969 2270 3629 2345">
    <p class='ocr_par' dir='ltr' id='par_1_54' title="bbox 1969 2270 3629 2345">
     <span class='ocr_line' id='line_1_54' title="bbox 1969 2270 3629 2345; baseline 0.001 -19"><span class='ocrx_word' id='word_1_411' title='bbox 1969 2273 2026 2326; x_wconf 91' lang='lat' dir='ltr'>et</span> <span class='ocrx_word' id='word_1_412' title='bbox 2056 2270 2322 2342; x_wconf 89' lang='lat' dir='ltr'>sanguis,</span> <span class='ocrx_word' id='word_1_413' title='bbox 2351 2270 2455 2327; x_wconf 93' lang='lat' dir='ltr'>sed</span> <span class='ocrx_word' id='word_1_414' title='bbox 2489 2274 2724 2327; x_wconf 85' lang='lat' dir='ltr'>tantum</span> <span class='ocrx_word' id='word_1_415' title='bbox 2763 2287 3003 2344; x_wconf 91' lang='lat' dir='ltr'>corpus,</span> <span class='ocrx_word' id='word_1_416' title='bbox 3029 2274 3086 2328; x_wconf 92' lang='lat' dir='ltr'>et</span> <span class='ocrx_word' id='word_1_417' title='bbox 3114 2275 3330 2328; x_wconf 61' lang='lat' dir='ltr'>cratera</span> <span class='ocrx_word' id='word_1_418' title='bbox 3370 2288 3507 2345; x_wconf 80' lang='lat' dir='ltr'>quae</span> <span class='ocrx_word' id='word_1_419' title='bbox 3541 2271 3629 2328; x_wconf 91' lang='lat' dir='ltr'>ibi</span> 
     </span>
    </p>
   </div>
   <div class='ocr_carea' id='block_1_55' title="bbox 1969 2358 3628 2433">
    <p class='ocr_par' dir='ltr' id='par_1_55' title="bbox 1969 2358 3628 2433">
     <span class='ocr_line' id='line_1_55' title="bbox 1969 2358 3628 2433; baseline 0.001 -18"><span class='ocrx_word' id='word_1_420' title='bbox 1969 2358 2044 2416; x_wconf 93' lang='lat' dir='ltr'>de</span> <span class='ocrx_word' id='word_1_421' title='bbox 2105 2375 2428 2432; x_wconf 90' lang='lat' dir='ltr'>corporum</span> <span class='ocrx_word' id='word_1_422' title='bbox 2483 2359 2847 2416; x_wconf 89' lang='lat' dir='ltr'>terrestrium</span> <span class='ocrx_word' id='word_1_423' title='bbox 2874 2359 2939 2416; x_wconf 88' lang='lat' dir='ltr'>in</span> <span class='ocrx_word' id='word_1_424' title='bbox 2989 2377 3245 2433; x_wconf 91' lang='lat' dir='ltr'>corpora</span> <span class='ocrx_word' id='word_1_425' title='bbox 3293 2360 3628 2418; x_wconf 70' lang='lat' dir='ltr'>caalestium</span> 
     </span>
    </p>
   </div>
   <div class='ocr_carea' id='block_1_56' title="bbox 1968 2447 3628 2524">
    <p class='ocr_par' dir='ltr' id='par_1_56' title="bbox 1968 2447 3628 2524">
     <span class='ocr_line' id='line_1_56' title="bbox 1968 2447 3628 2524; baseline 0.001 -20"><span class='ocrx_word' id='word_1_426' title='bbox 1968 2447 2298 2504; x_wconf 89' lang='lat' dir='ltr'>mutatione</span> <span class='ocrx_word' id='word_1_427' title='bbox 2324 2448 2598 2505; x_wconf 90' lang='lat' dir='ltr'>disserui.</span> <span class='ocrx_word' id='word_1_428' title='bbox 2638 2449 2937 2515; x_wconf 81' lang='lat' dir='ltr'>Quoniam</span> <span class='ocrx_word' id='word_1_429' title='bbox 2965 2449 3116 2506; x_wconf 80' lang='lat' dir='ltr'>dixit</span> <span class='ocrx_word' id='word_1_430' title='bbox 3133 2450 3457 2524; x_wconf 81' lang='lat' dir='ltr'>Apostolus</span> <span class='ocrx_word' id='word_1_431' title='bbox 3485 2465 3628 2506; x_wconf 90' lang='lat' dir='ltr'>cum</span> 
     </span>
    </p>
   </div>
   <div class='ocr_carea' id='block_1_57' title="bbox 1967 2538 3626 2611">
    <p class='ocr_par' dir='ltr' id='par_1_57' title="bbox 1967 2538 3626 2611">
     <span class='ocr_line' id='line_1_57' title="bbox 1967 2538 3626 2611; baseline 0.002 -17"><span class='ocrx_word' id='word_1_432' title='bbox 1967 2538 2108 2594; x_wconf 89' lang='lat' dir='ltr'>inde</span> <span class='ocrx_word' id='word_1_433' title='bbox 2127 2538 2472 2611; x_wconf 89' lang='lat' dir='ltr'>loqueretur</span> <span class='ocrx_word' id='word_1_434' title='bbox 2503 2555 2515 2594; x_wconf 92' lang='lat'>:</span> <span class='ocrx_word' id='word_1_435' title='bbox 2543 2539 2700 2597; x_wconf 82' lang='lat' dir='ltr'>Caro</span> <span class='ocrx_word' id='word_1_436' title='bbox 2725 2546 2781 2597; x_wconf 90' lang='lat' dir='ltr'>et</span> <span class='ocrx_word' id='word_1_437' title='bbox 2805 2541 3050 2611; x_wconf 83' lang='lat' dir='ltr'>sanguis</span> <span class='ocrx_word' id='word_1_438' title='bbox 3080 2557 3333 2611; x_wconf 79' lang='lat' dir='ltr'>regnum</span> <span class='ocrx_word' id='word_1_439' title='bbox 3368 2541 3478 2597; x_wconf 91' lang='lat' dir='ltr'>Dei</span> <span class='ocrx_word' id='word_1_440' title='bbox 3505 2557 3626 2598; x_wconf 88' lang='lat' dir='ltr'>non</span> 
     </span>
    </p>
   </div>
   <div class='ocr_carea' id='block_1_58' title="bbox 1963 2629 3629 2702">
    <p class='ocr_par' dir='ltr' id='par_1_58' title="bbox 1963 2629 3629 2702">
     <span class='ocr_line' id='line_1_58' title="bbox 1963 2629 3629 2702; baseline 0.002 -19"><span class='ocrx_word' id='word_1_441' title='bbox 1963 2629 2346 2698; x_wconf 85' lang='lat' dir='ltr'>possidebunt</span> <span class='ocrx_word' id='word_1_442' title='bbox 2377 2629 2437 2698; x_wconf 90' lang='lat' dir='ltr'>(I</span> <span class='ocrx_word' id='word_1_443' title='bbox 2463 2629 2600 2685; x_wconf 88' lang='lat' dir='ltr'>Cor.</span> <span class='ocrx_word' id='word_1_444' title='bbox 2629 2645 2726 2697; x_wconf 87' lang='lat' dir='ltr'>xv,</span> <span class='ocrx_word' id='word_1_445' title='bbox 2755 2630 2865 2701; x_wconf 82' lang='lat'><strong>50).</strong></span> <span class='ocrx_word' id='word_1_446' title='bbox 2901 2629 3016 2686; x_wconf 90' lang='lat' dir='ltr'>Sed</span> <span class='ocrx_word' id='word_1_447' title='bbox 3031 2629 3308 2702; x_wconf 91' lang='lat' dir='ltr'>quisquis</span> <span class='ocrx_word' id='word_1_448' title='bbox 3338 2645 3412 2686; x_wconf 92' lang='lat' dir='ltr'>ea</span> <span class='ocrx_word' id='word_1_449' title='bbox 3431 2629 3514 2686; x_wconf 92' lang='lat' dir='ltr'>sic</span> <span class='ocrx_word' id='word_1_450' title='bbox 3531 2639 3629 2686; x_wconf 84' lang='lat' dir='ltr'>ac-</span> 
     </span>
    </p>
   </div>
   <div class='ocr_carea' id='block_1_59' title="bbox 1967 2716 3627 2791">
    <p class='ocr_par' dir='ltr' id='par_1_59' title="bbox 1967 2716 3627 2791">
     <span class='ocr_line' id='line_1_59' title="bbox 1967 2716 3627 2791; baseline 0.002 -19"><span class='ocrx_word' id='word_1_451' title='bbox 1967 2716 2110 2789; x_wconf 91' lang='lat' dir='ltr'>cipit</span> <span class='ocrx_word' id='word_1_452' title='bbox 2134 2721 2198 2772; x_wconf 93' lang='lat' dir='ltr'>ut</span> <span class='ocrx_word' id='word_1_453' title='bbox 2227 2716 2519 2774; x_wconf 88' lang='lat' dir='ltr'>existimet</span> <span class='ocrx_word' id='word_1_454' title='bbox 2547 2717 2630 2775; x_wconf 88' lang='lat' dir='ltr'>ita</span> <span class='ocrx_word' id='word_1_455' title='bbox 2655 2733 2875 2791; x_wconf 91' lang='lat' dir='ltr'>corpus</span> <span class='ocrx_word' id='word_1_456' title='bbox 2900 2721 3226 2790; x_wconf 87' lang='lat' dir='ltr'>terrenum,</span> <span class='ocrx_word' id='word_1_457' title='bbox 3250 2718 3430 2791; x_wconf 90' lang='lat' dir='ltr'>quale</span> <span class='ocrx_word' id='word_1_458' title='bbox 3463 2735 3627 2776; x_wconf 91' lang='lat' dir='ltr'>nunc</span> 
     </span>
    </p>
   </div>
   <div class='ocr_carea' id='block_1_60' title="bbox 1963 2805 3626 2879">
    <p class='ocr_par' dir='ltr' id='par_1_60' title="bbox 1963 2805 3626 2879">
     <span class='ocr_line' id='line_1_60' title="bbox 1963 2805 3626 2879; baseline 0.002 -18"><span class='ocrx_word' id='word_1_459' title='bbox 1963 2805 2284 2875; x_wconf 89' lang='lat' dir='ltr'>habemus,</span> <span class='ocrx_word' id='word_1_460' title='bbox 2315 2805 2377 2861; x_wconf 92' lang='lat' dir='ltr'>in</span> <span class='ocrx_word' id='word_1_461' title='bbox 2403 2822 2624 2879; x_wconf 90' lang='lat' dir='ltr'>corpus</span> <span class='ocrx_word' id='word_1_462' title='bbox 2655 2806 2889 2863; x_wconf 63' lang='lat' dir='ltr'>caeleste</span> <span class='ocrx_word' id='word_1_463' title='bbox 2916 2807 3349 2863; x_wconf 78' lang='lat' dir='ltr'>resurrectione</span> <span class='ocrx_word' id='word_1_464' title='bbox 3379 2808 3626 2876; x_wconf 91' lang='lat' dir='ltr'>mutari,</span> 
     </span>
    </p>
   </div>
   <div class='ocr_carea' id='block_1_61' title="bbox 1967 2893 3626 2962">
    <p class='ocr_par' dir='ltr' id='par_1_61' title="bbox 1967 2893 3626 2962">
     <span class='ocr_line' id='line_1_61' title="bbox 1967 2893 3626 2962; baseline 0.002 -13"><span class='ocrx_word' id='word_1_465' title='bbox 1967 2898 2034 2949; x_wconf 90' lang='lat' dir='ltr'>ut</span> <span class='ocrx_word' id='word_1_466' title='bbox 2060 2910 2170 2949; x_wconf 92' lang='lat' dir='ltr'>nec</span> <span class='ocrx_word' id='word_1_467' title='bbox 2202 2893 2477 2950; x_wconf 89' lang='lat' dir='ltr'>membra</span> <span class='ocrx_word' id='word_1_468' title='bbox 2503 2895 2634 2962; x_wconf 88' lang='lat' dir='ltr'>ista,</span> <span class='ocrx_word' id='word_1_469' title='bbox 2662 2909 2773 2950; x_wconf 93' lang='lat' dir='ltr'>nec</span> <span class='ocrx_word' id='word_1_470' title='bbox 2800 2895 2999 2950; x_wconf 90' lang='lat' dir='ltr'>carnis</span> <span class='ocrx_word' id='word_1_471' title='bbox 3030 2895 3105 2950; x_wconf 92' lang='lat' dir='ltr'>sit</span> <span class='ocrx_word' id='word_1_472' title='bbox 3125 2895 3326 2952; x_wconf 89' lang='lat' dir='ltr'>futura</span> <span class='ocrx_word' id='word_1_473' title='bbox 3348 2896 3626 2952; x_wconf 91' lang='lat' dir='ltr'>substan-</span> 
     </span>
    </p>
   </div>
   <div class='ocr_carea' id='block_1_62' title="bbox 207 2980 3625 3077">
    <p class='ocr_par' dir='ltr' id='par_1_62' title="bbox 207 2980 3625 3077">
     <span class='ocr_line' id='line_1_62' title="bbox 207 2980 3625 3077; baseline -0 -38"><span class='ocrx_word' id='word_1_474' title='bbox 207 2997 315 3053; x_wconf 84' lang='lat' dir='ltr'>ego</span> <span class='ocrx_word' id='word_1_475' title='bbox 361 2985 483 3053; x_wconf 88' lang='lat' dir='ltr'>ipse</span> <span class='ocrx_word' id='word_1_476' title='bbox 508 2990 562 3039; x_wconf 90' lang='lat' dir='ltr'>et</span> <span class='ocrx_word' id='word_1_477' title='bbox 616 3000 734 3039; x_wconf 79' lang='lat' dir='ltr'>non</span> <span class='ocrx_word' id='word_1_478' title='bbox 784 2985 964 3056; x_wconf 89' lang='lat' dir='ltr'>alius,</span> <span class='ocrx_word' id='word_1_479' title='bbox 1016 2991 1072 3041; x_wconf 89' lang='lat' dir='ltr'>et</span> <span class='ocrx_word' id='word_1_480' title='bbox 1118 2986 1281 3041; x_wconf 90' lang='lat' dir='ltr'>oculi</span> <span class='ocrx_word' id='word_1_481' title='bbox 1320 2986 1437 3042; x_wconf 90' lang='lat' dir='ltr'>mei</span> <span class='ocrx_word' id='word_1_482' title='bbox 1485 2985 1862 3055; x_wconf 86' lang='lat' dir='ltr'>conspecturi</span> <span class='ocrx_word' id='word_1_483' title='bbox 1888 3021 1932 3077; x_wconf 71' lang='grc' dir='ltr'>ο</span> <span class='ocrx_word' id='word_1_484' title='bbox 1967 2982 2066 3048; x_wconf 92' lang='lat' dir='ltr'>tia,</span> <span class='ocrx_word' id='word_1_485' title='bbox 2099 2980 2310 3054; x_wconf 92' lang='lat' dir='ltr'>procul</span> <span class='ocrx_word' id='word_1_486' title='bbox 2340 2981 2528 3037; x_wconf 90' lang='lat' dir='ltr'>dubio</span> <span class='ocrx_word' id='word_1_487' title='bbox 2557 2981 2949 3052; x_wconf 87' lang='lat' dir='ltr'>corrigendus</span> <span class='ocrx_word' id='word_1_488' title='bbox 2979 2984 3088 3050; x_wconf 90' lang='lat' dir='ltr'>est,</span> <span class='ocrx_word' id='word_1_489' title='bbox 3130 2982 3625 3038; x_wconf 85' lang='lat' dir='ltr'>commonitusde</span> 
     </span>
    </p>
   </div>
   <div class='ocr_carea' id='block_1_63' title="bbox 197 3069 3626 3146">
    <p class='ocr_par' dir='ltr' id='par_1_63' title="bbox 197 3069 3626 3146">
     <span class='ocr_line' id='line_1_63' title="bbox 197 3069 3626 3146; baseline 0.001 -20"><span class='ocrx_word' id='word_1_490' title='bbox 197 3077 365 3127; x_wconf 81' lang='lat' dir='ltr'>sunt.</span> <span class='ocrx_word' id='word_1_491' title='bbox 399 3075 514 3126; x_wconf 90' lang='lat' dir='ltr'>Nos</span> <span class='ocrx_word' id='word_1_492' title='bbox 568 3076 766 3128; x_wconf 89' lang='lat' dir='ltr'>autem</span> <span class='ocrx_word' id='word_1_493' title='bbox 796 3072 956 3129; x_wconf 87' lang='lat' dir='ltr'>beati</span> <span class='ocrx_word' id='word_1_494' title='bbox 1008 3073 1118 3128; x_wconf 90' lang='lat' dir='ltr'>Job</span> <span class='ocrx_word' id='word_1_495' title='bbox 1172 3073 1356 3130; x_wconf 83' lang='lat' dir='ltr'>ﬁdem</span> <span class='ocrx_word' id='word_1_496' title='bbox 1413 3078 1755 3146; x_wconf 90' lang='lat' dir='ltr'>sequentes,</span> <span class='ocrx_word' id='word_1_497' title='bbox 1803 3077 1862 3131; x_wconf 92' lang='lat' dir='ltr'>et</span> <span class='ocrx_word' id='word_1_498' title='bbox 1895 3069 1926 3077; x_wconf 70' lang='lat'>&#39;</span> <span class='ocrx_word' id='word_1_499' title='bbox 1969 3086 2218 3144; x_wconf 88' lang='lat' dir='ltr'>corpore</span> <span class='ocrx_word' id='word_1_500' title='bbox 2239 3070 2493 3143; x_wconf 86' lang='lat' dir='ltr'>Domini,</span> <span class='ocrx_word' id='word_1_501' title='bbox 2525 3069 2629 3144; x_wconf 92' lang='lat' dir='ltr'>qui</span> <span class='ocrx_word' id='word_1_502' title='bbox 2661 3075 2797 3143; x_wconf 91' lang='lat' dir='ltr'>post</span> <span class='ocrx_word' id='word_1_503' title='bbox 2851 3070 3346 3128; x_wconf 90' lang='lat' dir='ltr'>resurrectionem</span> <span class='ocrx_word' id='word_1_504' title='bbox 3393 3071 3456 3128; x_wconf 87' lang='lat' dir='ltr'>in</span> <span class='ocrx_word' id='word_1_505' title='bbox 3507 3072 3626 3128; x_wconf 87' lang='lat' dir='ltr'>eis-</span> 
     </span>
    </p>
   </div>
   <div class='ocr_carea' id='block_1_64' title="bbox 198 3159 1859 3235">
    <p class='ocr_par' dir='ltr' id='par_1_64' title="bbox 198 3159 1859 3235">
     <span class='ocr_line' id='line_1_64' title="bbox 198 3159 1859 3235; baseline 0.002 -20"><span class='ocrx_word' id='word_1_506' title='bbox 198 3159 615 3232; x_wconf 78' lang='lat' dir='ltr'>Redemptoris</span> <span class='ocrx_word' id='word_1_507' title='bbox 669 3161 853 3216; x_wconf 88' lang='lat' dir='ltr'>nostri</span> <span class='ocrx_word' id='word_1_508' title='bbox 896 3167 1034 3234; x_wconf 89' lang='lat' dir='ltr'>post</span> <span class='ocrx_word' id='word_1_509' title='bbox 1086 3162 1586 3218; x_wconf 89' lang='lat' dir='ltr'>resurrectionem</span> <span class='ocrx_word' id='word_1_510' title='bbox 1639 3178 1859 3235; x_wconf 92' lang='lat' dir='ltr'>corpus</span> 
     </span>
    </p>
   </div>
   <div class='ocr_carea' id='block_1_65' title="bbox 193 3247 1860 3320">
    <p class='ocr_par' dir='ltr' id='par_1_65' title="bbox 193 3247 1860 3320">
     <span class='ocr_line' id='line_1_65' title="bbox 193 3247 1860 3320; baseline 0.002 -17"><span class='ocrx_word' id='word_1_511' title='bbox 193 3247 500 3320; x_wconf 88' lang='lat' dir='ltr'>palpabile</span> <span class='ocrx_word' id='word_1_512' title='bbox 517 3249 804 3305; x_wconf 90' lang='lat' dir='ltr'>veraciter</span> <span class='ocrx_word' id='word_1_513' title='bbox 819 3250 1148 3318; x_wconf 89' lang='lat' dir='ltr'>credentes,</span> <span class='ocrx_word' id='word_1_514' title='bbox 1173 3250 1432 3307; x_wconf 89' lang='lat' dir='ltr'>fatemur</span> <span class='ocrx_word' id='word_1_515' title='bbox 1459 3267 1703 3308; x_wconf 90' lang='lat' dir='ltr'>carnem</span> <span class='ocrx_word' id='word_1_516' title='bbox 1719 3267 1860 3307; x_wconf 88' lang='lat' dir='ltr'>nos-</span> 
     </span>
    </p>
   </div>
   <div class='ocr_carea' id='block_1_66' title="bbox 189 3324 1861 3408">
    <p class='ocr_par' dir='ltr' id='par_1_66' title="bbox 189 3324 1861 3408">
     <span class='ocr_line' id='line_1_66' title="bbox 189 3324 1861 3408; baseline 0.002 -16"><span class='ocrx_word' id='word_1_517' title='bbox 189 3341 348 3392; x_wconf 87' lang='lat' dir='ltr'>tram</span> <span class='ocrx_word' id='word_1_518' title='bbox 381 3341 513 3408; x_wconf 85' lang='lat' dir='ltr'>post</span> <span class='ocrx_word' id='word_1_519' title='bbox 537 3338 1034 3394; x_wconf 89' lang='lat' dir='ltr'>resurrectionem</span> <span class='ocrx_word' id='word_1_520' title='bbox 1069 3339 1331 3395; x_wconf 91' lang='lat' dir='ltr'>futuram</span> <span class='ocrx_word' id='word_1_521' title='bbox 1375 3344 1434 3397; x_wconf 89' lang='lat' dir='ltr'>et</span> <span class='ocrx_word' id='word_1_522' title='bbox 1478 3341 1757 3397; x_wconf 90' lang='lat' dir='ltr'>eamdem</span> <span class='ocrx_word' id='word_1_523' title='bbox 1803 3324 1861 3396; x_wconf 79' lang='lat' dir='ltr'>et</span> 
     </span>
    </p>
   </div>
   <div class='ocr_carea' id='block_1_67' title="bbox 189 3425 1861 3504">
    <p class='ocr_par' dir='ltr' id='par_1_67' title="bbox 189 3425 1861 3504">
     <span class='ocr_line' id='line_1_67' title="bbox 189 3425 1861 3504; baseline 0.004 -24"><span class='ocrx_word' id='word_1_524' title='bbox 189 3425 530 3494; x_wconf 89' lang='lat' dir='ltr'>diversam;</span> <span class='ocrx_word' id='word_1_525' title='bbox 565 3427 843 3483; x_wconf 88' lang='lat' dir='ltr'>eamdem</span> <span class='ocrx_word' id='word_1_526' title='bbox 887 3444 994 3500; x_wconf 90' lang='lat' dir='ltr'>per</span> <span class='ocrx_word' id='word_1_527' title='bbox 1039 3434 1340 3499; x_wconf 87' lang='lat' dir='ltr'>naturam,</span> <span class='ocrx_word' id='word_1_528' title='bbox 1401 3430 1708 3486; x_wconf 88' lang='lat' dir='ltr'>diversam</span> <span class='ocrx_word' id='word_1_529' title='bbox 1752 3447 1861 3504; x_wconf 89' lang='lat' dir='ltr'>per</span> 
     </span>
    </p>
   </div>
   <div class='ocr_carea' id='block_1_68' title="bbox 188 3513 1859 3593">
    <p class='ocr_par' dir='ltr' id='par_1_68' title="bbox 188 3513 1859 3593">
     <span class='ocr_line' id='line_1_68' title="bbox 188 3513 1859 3593; baseline 0.004 -25"><span class='ocrx_word' id='word_1_530' title='bbox 188 3513 480 3584; x_wconf 87' lang='lat' dir='ltr'>gloriam;</span> <span class='ocrx_word' id='word_1_531' title='bbox 514 3519 570 3570; x_wconf 88' lang='lat' dir='ltr'>et</span> <span class='ocrx_word' id='word_1_532' title='bbox 589 3515 867 3571; x_wconf 89' lang='lat' dir='ltr'>eamdem</span> <span class='ocrx_word' id='word_1_533' title='bbox 896 3533 1004 3589; x_wconf 92' lang='lat' dir='ltr'>per</span> <span class='ocrx_word' id='word_1_534' title='bbox 1033 3518 1364 3590; x_wconf 89' lang='lat' dir='ltr'>veritatem,</span> <span class='ocrx_word' id='word_1_535' title='bbox 1393 3518 1695 3575; x_wconf 85' lang='lat' dir='ltr'>diversam</span> <span class='ocrx_word' id='word_1_536' title='bbox 1751 3535 1859 3593; x_wconf 89' lang='lat' dir='ltr'>per</span> 
     </span>
    </p>
   </div>
   <div class='ocr_carea' id='block_1_69' title="bbox 186 3604 1859 3682">
    <p class='ocr_par' dir='ltr' id='par_1_69' title="bbox 186 3604 1859 3682">
     <span class='ocr_line' id='line_1_69' title="bbox 186 3604 1859 3682; baseline 0.004 -24"><span class='ocrx_word' id='word_1_537' title='bbox 186 3604 542 3675; x_wconf 88' lang='lat' dir='ltr'>potentiam.</span> <span class='ocrx_word' id='word_1_538' title='bbox 569 3605 688 3660; x_wconf 89' lang='lat' dir='ltr'>Erit</span> <span class='ocrx_word' id='word_1_539' title='bbox 714 3604 912 3678; x_wconf 89' lang='lat' dir='ltr'>itaque</span> <span class='ocrx_word' id='word_1_540' title='bbox 945 3606 1176 3661; x_wconf 91' lang='lat' dir='ltr'>subtilis</span> <span class='ocrx_word' id='word_1_541' title='bbox 1205 3608 1332 3678; x_wconf 89' lang='lat' dir='ltr'>[al.,</span> <span class='ocrx_word' id='word_1_542' title='bbox 1362 3609 1692 3681; x_wconf 86' lang='lat' dir='ltr'>spiritalis],</span> <span class='ocrx_word' id='word_1_543' title='bbox 1713 3609 1859 3682; x_wconf 88' lang='lat' dir='ltr'>quia</span> 
     </span>
    </p>
   </div>
   <div class='ocr_carea' id='block_1_70' title="bbox 189 3692 1856 3769">
    <p class='ocr_par' dir='ltr' id='par_1_70' title="bbox 189 3692 1856 3769">
     <span class='ocr_line' id='line_1_70' title="bbox 189 3692 1856 3769; baseline 0.004 -21"><span class='ocrx_word' id='word_1_544' title='bbox 189 3696 250 3748; x_wconf 87' lang='lat' dir='ltr'>et</span> <span class='ocrx_word' id='word_1_545' title='bbox 276 3692 743 3765; x_wconf 88' lang='lat' dir='ltr'>incorruptibilis</span> <span class='ocrx_word' id='word_1_546' title='bbox 772 3712 784 3760; x_wconf 91' lang='lat'><strong>;</strong></span> <span class='ocrx_word' id='word_1_547' title='bbox 821 3695 932 3749; x_wconf 91' lang='lat' dir='ltr'>erit</span> <span class='ocrx_word' id='word_1_548' title='bbox 961 3695 1305 3767; x_wconf 88' lang='lat' dir='ltr'>palpabilis,</span> <span class='ocrx_word' id='word_1_549' title='bbox 1337 3697 1483 3769; x_wconf 89' lang='lat' dir='ltr'>quia</span> <span class='ocrx_word' id='word_1_550' title='bbox 1529 3714 1652 3754; x_wconf 91' lang='lat' dir='ltr'>non</span> <span class='ocrx_word' id='word_1_551' title='bbox 1683 3699 1856 3755; x_wconf 89' lang='lat' dir='ltr'>amit-</span> 
     </span>
    </p>
   </div>
   <div class='ocr_carea' id='block_1_71' title="bbox 186 3784 1600 3858">
    <p class='ocr_par' dir='ltr' id='par_1_71' title="bbox 186 3784 1600 3858">
     <span class='ocr_line' id='line_1_71' title="bbox 186 3784 1600 3858; baseline 0.002 -19"><span class='ocrx_word' id='word_1_552' title='bbox 186 3787 272 3839; x_wconf 85' lang='lat' dir='ltr'>tet</span> <span class='ocrx_word' id='word_1_553' title='bbox 299 3785 625 3839; x_wconf 88' lang='lat' dir='ltr'>essentiam</span> <span class='ocrx_word' id='word_1_554' title='bbox 655 3784 915 3840; x_wconf 89' lang='lat' dir='ltr'>veritatis</span> <span class='ocrx_word' id='word_1_555' title='bbox 939 3785 1068 3855; x_wconf 87' lang='lat' dir='ltr'>[al.,</span> <span class='ocrx_word' id='word_1_556' title='bbox 1102 3786 1295 3857; x_wconf 87' lang='lat' dir='ltr'>vertit]</span> <span class='ocrx_word' id='word_1_557' title='bbox 1322 3789 1600 3858; x_wconf 79' lang='lat' dir='ltr'>naturae.)</span> 
     </span>
    </p>
   </div>
   <div class='ocr_carea' id='block_1_72' title="bbox 261 3901 1858 3987">
    <p class='ocr_par' dir='ltr' id='par_1_72' title="bbox 261 3901 1858 3987">
     <span class='ocr_line' id='line_1_72' title="bbox 261 3901 1858 3987; baseline 0.005 -26"><span class='ocrx_word' id='word_1_558' title='bbox 261 3909 299 3974; x_wconf 73' lang='grc' dir='ltr'>-ί-</span> <span class='ocrx_word' id='word_1_559' title='bbox 327 3909 547 3964; x_wconf 88' lang='lat' dir='ltr'>Veritas</span> <span class='ocrx_word' id='word_1_560' title='bbox 579 3901 782 3981; x_wconf 76' lang='lat' dir='ltr'>utique</span> <span class='ocrx_word' id='word_1_561' title='bbox 813 3909 1028 3977; x_wconf 90' lang='lat' dir='ltr'>carnis,</span> <span class='ocrx_word' id='word_1_562' title='bbox 1058 3913 1114 3964; x_wconf 89' lang='lat' dir='ltr'>et</span> <span class='ocrx_word' id='word_1_563' title='bbox 1142 3909 1371 3965; x_wconf 91' lang='lat' dir='ltr'>ossium</span> <span class='ocrx_word' id='word_1_564' title='bbox 1413 3913 1858 3987; x_wconf 61' lang='lat' dir='ltr'>quantumlibet</span> 
     </span>
    </p>
   </div>
   <div class='ocr_carea' id='block_1_73' title="bbox 186 3996 1854 4068">
    <p class='ocr_par' dir='ltr' id='par_1_73' title="bbox 186 3996 1854 4068">
     <span class='ocr_line' id='line_1_73' title="bbox 186 3996 1854 4068; baseline 0.004 -17"><span class='ocrx_word' id='word_1_565' title='bbox 186 3996 720 4067; x_wconf 80' lang='lat' dir='ltr'>glorificandorum</span> <span class='ocrx_word' id='word_1_566' title='bbox 768 3999 830 4054; x_wconf 90' lang='lat' dir='ltr'>in</span> <span class='ocrx_word' id='word_1_567' title='bbox 888 3997 990 4054; x_wconf 91' lang='lat' dir='ltr'>illa</span> <span class='ocrx_word' id='word_1_568' title='bbox 1035 3999 1489 4054; x_wconf 87' lang='lat' dir='ltr'>resurrectionis</span> <span class='ocrx_word' id='word_1_569' title='bbox 1539 4000 1730 4068; x_wconf 84' lang='lat' dir='ltr'>gloria</span> <span class='ocrx_word' id='word_1_570' title='bbox 1776 4002 1854 4058; x_wconf 89' lang='lat' dir='ltr'>ab</span> 
     </span>
    </p>
   </div>
   <div class='ocr_carea' id='block_1_74' title="bbox 186 4085 1852 4159">
    <p class='ocr_par' dir='ltr' id='par_1_74' title="bbox 186 4085 1852 4159">
     <span class='ocr_line' id='line_1_74' title="bbox 186 4085 1852 4159; baseline 0.002 -18"><span class='ocrx_word' id='word_1_571' title='bbox 186 4085 473 4141; x_wconf 89' lang='lat' dir='ltr'>omnibus</span> <span class='ocrx_word' id='word_1_572' title='bbox 504 4086 879 4142; x_wconf 86' lang='lat' dir='ltr'>concorditer</span> <span class='ocrx_word' id='word_1_573' title='bbox 911 4086 1299 4159; x_wconf 71' lang='lat' dir='ltr'>praedicatur,</span> <span class='ocrx_word' id='word_1_574' title='bbox 1331 4092 1388 4143; x_wconf 90' lang='lat' dir='ltr'>et</span> <span class='ocrx_word' id='word_1_575' title='bbox 1416 4103 1452 4144; x_wconf 92' lang='lat' dir='ltr'>a</span> <span class='ocrx_word' id='word_1_576' title='bbox 1479 4087 1648 4143; x_wconf 89' lang='lat' dir='ltr'>nullo</span> <span class='ocrx_word' id='word_1_577' title='bbox 1675 4089 1852 4144; x_wconf 69' lang='lat' dir='ltr'>aethe-</span> 
     </span>
    </p>
   </div>
   <div class='ocr_carea' id='block_1_75' title="bbox 184 4176 1848 4250">
    <p class='ocr_par' dir='ltr' id='par_1_75' title="bbox 184 4176 1848 4250">
     <span class='ocr_line' id='line_1_75' title="bbox 184 4176 1848 4250; baseline 0.003 -18"><span class='ocrx_word' id='word_1_578' title='bbox 184 4191 308 4232; x_wconf 79' lang='lat' dir='ltr'>reae</span> <span class='ocrx_word' id='word_1_579' title='bbox 337 4176 638 4247; x_wconf 86' lang='lat' dir='ltr'>qualitatis</span> <span class='ocrx_word' id='word_1_580' title='bbox 664 4177 1003 4233; x_wconf 88' lang='lat' dir='ltr'>immutatio</span> <span class='ocrx_word' id='word_1_581' title='bbox 1033 4177 1408 4250; x_wconf 88' lang='lat' dir='ltr'>perdocetur.</span> <span class='ocrx_word' id='word_1_582' title='bbox 1433 4181 1647 4235; x_wconf 85' lang='lat' dir='ltr'>Verum</span> <span class='ocrx_word' id='word_1_583' title='bbox 1673 4195 1747 4236; x_wconf 90' lang='lat' dir='ltr'>ne</span> <span class='ocrx_word' id='word_1_584' title='bbox 1777 4196 1848 4237; x_wconf 88' lang='lat' dir='ltr'>ex</span> 
     </span>
    </p>
   </div>
   <div class='ocr_carea' id='block_1_76' title="bbox 185 4263 1844 4343">
    <p class='ocr_par' dir='ltr' id='par_1_76' title="bbox 185 4263 1844 4343">
     <span class='ocr_line' id='line_1_76' title="bbox 185 4263 1844 4343; baseline 0.005 -25"><span class='ocrx_word' id='word_1_585' title='bbox 185 4263 388 4319; x_wconf 90' lang='lat' dir='ltr'>verbis</span> <span class='ocrx_word' id='word_1_586' title='bbox 415 4267 724 4335; x_wconf 76' lang='lat' dir='ltr'>Augustini</span> <span class='ocrx_word' id='word_1_587' title='bbox 749 4267 924 4322; x_wconf 87' lang='lat' dir='ltr'>nobis</span> <span class='ocrx_word' id='word_1_588' title='bbox 952 4267 1477 4340; x_wconf 81' lang='lat' dir='ltr'>praejudicandum</span> <span class='ocrx_word' id='word_1_589' title='bbox 1517 4275 1712 4342; x_wconf 90' lang='lat' dir='ltr'>putes,</span> <span class='ocrx_word' id='word_1_590' title='bbox 1740 4271 1844 4343; x_wconf 92' lang='lat' dir='ltr'>qui</span> 
     </span>
    </p>
   </div>
   <div class='ocr_carea' id='block_1_77' title="bbox 187 4352 1844 4430">
    <p class='ocr_par' dir='ltr' id='par_1_77' title="bbox 187 4352 1844 4430">
     <span class='ocr_line' id='line_1_77' title="bbox 187 4352 1844 4430; baseline 0.006 -25"><span class='ocrx_word' id='word_1_591' title='bbox 187 4354 253 4406; x_wconf 91' lang='lat' dir='ltr'>in</span> <span class='ocrx_word' id='word_1_592' title='bbox 282 4352 433 4408; x_wconf 79' lang='lat' dir='ltr'>libro</span> <span class='ocrx_word' id='word_1_593' title='bbox 466 4355 881 4419; x_wconf 82' lang='lat' dir='ltr'>Quaestionum</span> <span class='ocrx_word' id='word_1_594' title='bbox 907 4357 1209 4426; x_wconf 90' lang='lat' dir='ltr'>octoginta</span> <span class='ocrx_word' id='word_1_595' title='bbox 1236 4356 1416 4413; x_wconf 89' lang='lat' dir='ltr'>trium</span> <span class='ocrx_word' id='word_1_596' title='bbox 1447 4357 1665 4415; x_wconf 88' lang='lat' dir='ltr'>dixisse</span> <span class='ocrx_word' id='word_1_597' title='bbox 1705 4359 1844 4430; x_wconf 90' lang='lat' dir='ltr'>legi-</span> 
     </span>
    </p>
   </div>
   <div class='ocr_carea' id='block_1_78' title="bbox 183 4442 1848 4520">
    <p class='ocr_par' dir='ltr' id='par_1_78' title="bbox 183 4442 1848 4520">
     <span class='ocr_line' id='line_1_78' title="bbox 183 4442 1848 4520; baseline 0.004 -23"><span class='ocrx_word' id='word_1_598' title='bbox 183 4446 288 4497; x_wconf 90' lang='lat' dir='ltr'>tur</span> <span class='ocrx_word' id='word_1_599' title='bbox 317 4442 588 4512; x_wconf 88' lang='lat' dir='ltr'>angelica</span> <span class='ocrx_word' id='word_1_600' title='bbox 611 4460 865 4517; x_wconf 90' lang='lat' dir='ltr'>corpora</span> <span class='ocrx_word' id='word_1_601' title='bbox 888 4446 1094 4518; x_wconf 89' lang='lat' dir='ltr'>qualia</span> <span class='ocrx_word' id='word_1_602' title='bbox 1120 4463 1232 4502; x_wconf 91' lang='lat' dir='ltr'>nos</span> <span class='ocrx_word' id='word_1_603' title='bbox 1261 4464 1582 4520; x_wconf 89' lang='lat' dir='ltr'>speramus</span> <span class='ocrx_word' id='word_1_604' title='bbox 1612 4449 1848 4504; x_wconf 88' lang='lat' dir='ltr'>habitu-</span> 
     </span>
    </p>
   </div>
   <div class='ocr_carea' id='block_1_79' title="bbox 181 4531 1848 4606">
    <p class='ocr_par' dir='ltr' id='par_1_79' title="bbox 181 4531 1848 4606">
     <span class='ocr_line' id='line_1_79' title="bbox 181 4531 1848 4606; baseline 0.005 -20"><span class='ocrx_word' id='word_1_605' title='bbox 181 4546 290 4586; x_wconf 88' lang='lat' dir='ltr'>ros</span> <span class='ocrx_word' id='word_1_606' title='bbox 342 4531 711 4588; x_wconf 86' lang='lat' dir='ltr'>lucidissima</span> <span class='ocrx_word' id='word_1_607' title='bbox 751 4539 931 4606; x_wconf 88' lang='lat' dir='ltr'>atque</span> <span class='ocrx_word' id='word_1_608' title='bbox 996 4537 1254 4591; x_wconf 70' lang='lat' dir='ltr'>aatherea</span> <span class='ocrx_word' id='word_1_609' title='bbox 1303 4553 1433 4593; x_wconf 91' lang='lat' dir='ltr'>esse</span> <span class='ocrx_word' id='word_1_610' title='bbox 1481 4538 1848 4594; x_wconf 92' lang='lat' dir='ltr'>credendum</span> 
     </span>
    </p>
   </div>
   <div class='ocr_carea' id='block_1_80' title="bbox 185 4621 1776 4696">
    <p class='ocr_par' dir='ltr' id='par_1_80' title="bbox 185 4621 1776 4696">
     <span class='ocr_line' id='line_1_80' title="bbox 185 4621 1776 4696; baseline 0.006 -22"><span class='ocrx_word' id='word_1_611' title='bbox 185 4624 298 4689; x_wconf 90' lang='lat' dir='ltr'>est,</span> <span class='ocrx_word' id='word_1_612' title='bbox 327 4621 470 4676; x_wconf 90' lang='lat' dir='ltr'>audi</span> <span class='ocrx_word' id='word_1_613' title='bbox 500 4623 644 4693; x_wconf 91' lang='lat' dir='ltr'>quid</span> <span class='ocrx_word' id='word_1_614' title='bbox 675 4639 854 4695; x_wconf 91' lang='lat' dir='ltr'>super</span> <span class='ocrx_word' id='word_1_615' title='bbox 873 4623 988 4678; x_wconf 88' lang='lat' dir='ltr'>hoc</span> <span class='ocrx_word' id='word_1_616' title='bbox 1011 4624 1170 4679; x_wconf 88' lang='lat' dir='ltr'>dicto</span> <span class='ocrx_word' id='word_1_617' title='bbox 1202 4625 1332 4696; x_wconf 90' lang='lat' dir='ltr'>ipse</span> <span class='ocrx_word' id='word_1_618' title='bbox 1357 4627 1776 4684; x_wconf 86' lang='lat' dir='ltr'>retractaverit.</span> 
     </span>
    </p>
   </div>
   <div class='ocr_carea' id='block_1_81' title="bbox 261 4741 1848 4814">
    <p class='ocr_par' dir='ltr' id='par_1_81' title="bbox 261 4741 1848 4814">
     <span class='ocr_line' id='line_1_81' title="bbox 261 4741 1848 4814; baseline 0.005 -20"><span class='ocrx_word' id='word_1_619' title='bbox 261 4741 304 4808; x_wconf 69' lang='grc' dir='ltr'>-ιο</span> <span class='ocrx_word' id='word_1_620' title='bbox 334 4742 702 4810; x_wconf 85' lang='lat' dir='ltr'>Augustinus</span> <span class='ocrx_word' id='word_1_621' title='bbox 727 4745 1040 4812; x_wconf 83' lang='lat' dir='ltr'>(Retract.,</span> <span class='ocrx_word' id='word_1_622' title='bbox 1067 4743 1105 4798; x_wconf 95' lang='lat' dir='ltr'>l.</span> <span class='ocrx_word' id='word_1_623' title='bbox 1136 4759 1177 4810; x_wconf 82' lang='grc' dir='ltr'>ι,</span> <span class='ocrx_word' id='word_1_624' title='bbox 1209 4759 1259 4798; x_wconf 95' lang='lat' dir='ltr'>c.</span> <span class='ocrx_word' id='word_1_625' title='bbox 1292 4746 1384 4812; x_wconf 86' lang='lat'>26)</span> <span class='ocrx_word' id='word_1_626' title='bbox 1419 4760 1432 4797; x_wconf 88' lang='lat'>:</span> <span class='ocrx_word' id='word_1_627' title='bbox 1466 4745 1548 4814; x_wconf 92' lang='lat' dir='ltr'>[Si</span> <span class='ocrx_word' id='word_1_628' title='bbox 1571 4745 1706 4814; x_wconf 89' lang='lat' dir='ltr'>hoc,</span> <span class='ocrx_word' id='word_1_629' title='bbox 1759 4747 1848 4802; x_wconf 88' lang='lat' dir='ltr'>in-</span> 
     </span>
    </p>
   </div>
   <div class='ocr_carea' id='block_1_82' title="bbox 185 4828 1850 4904">
    <p class='ocr_par' dir='ltr' id='par_1_82' title="bbox 185 4828 1850 4904">
     <span class='ocr_line' id='line_1_82' title="bbox 185 4828 1850 4904; baseline 0.005 -22"><span class='ocrx_word' id='word_1_630' title='bbox 185 4828 422 4899; x_wconf 88' lang='lat' dir='ltr'>quiens,</span> <span class='ocrx_word' id='word_1_631' title='bbox 481 4830 608 4885; x_wconf 92' lang='lat' dir='ltr'>sine</span> <span class='ocrx_word' id='word_1_632' title='bbox 656 4831 964 4904; x_wconf 88' lang='lat' dir='ltr'>membris,</span> <span class='ocrx_word' id='word_1_633' title='bbox 1027 4849 1162 4904; x_wconf 77' lang='lat' dir='ltr'>quae</span> <span class='ocrx_word' id='word_1_634' title='bbox 1211 4847 1374 4887; x_wconf 89' lang='lat' dir='ltr'>nunc</span> <span class='ocrx_word' id='word_1_635' title='bbox 1443 4833 1739 4889; x_wconf 88' lang='lat' dir='ltr'>habemus</span> <span class='ocrx_word' id='word_1_636' title='bbox 1795 4839 1850 4891; x_wconf 92' lang='lat' dir='ltr'>et</span> 
     </span>
    </p>
   </div>
   <div class='ocr_carea' id='block_1_83' title="bbox 187 4915 1850 4994">
    <p class='ocr_par' dir='ltr' id='par_1_83' title="bbox 187 4915 1850 4994">
     <span class='ocr_line' id='line_1_83' title="bbox 187 4915 1850 4994; baseline 0.004 -24"><span class='ocrx_word' id='word_1_637' title='bbox 187 4915 321 4971; x_wconf 91' lang='lat' dir='ltr'>sine</span> <span class='ocrx_word' id='word_1_638' title='bbox 379 4918 733 4988; x_wconf 86' lang='lat' dir='ltr'>substantia,</span> <span class='ocrx_word' id='word_1_639' title='bbox 803 4920 1084 4992; x_wconf 89' lang='lat' dir='ltr'>quamvis</span> <span class='ocrx_word' id='word_1_640' title='bbox 1132 4919 1595 4994; x_wconf 82' lang='lat' dir='ltr'>incorruptibilis</span> <span class='ocrx_word' id='word_1_641' title='bbox 1649 4926 1850 4978; x_wconf 89' lang='lat' dir='ltr'>tamen</span> 
     </span>
    </p>
   </div>
   <div class='ocr_carea' id='block_1_84' title="bbox 186 5005 1845 5078">
    <p class='ocr_par' dir='ltr' id='par_1_84' title="bbox 186 5005 1845 5078">
     <span class='ocr_line' id='line_1_84' title="bbox 186 5005 1845 5078; baseline 0.007 -20"><span class='ocrx_word' id='word_1_642' title='bbox 186 5005 389 5059; x_wconf 86' lang='lat' dir='ltr'>carnis</span> <span class='ocrx_word' id='word_1_643' title='bbox 444 5007 792 5078; x_wconf 89' lang='lat' dir='ltr'>accipiatur,</span> <span class='ocrx_word' id='word_1_644' title='bbox 839 5014 1112 5076; x_wconf 87' lang='lat' dir='ltr'>erratur;</span> <span class='ocrx_word' id='word_1_645' title='bbox 1161 5009 1350 5065; x_wconf 91' lang='lat' dir='ltr'>multo</span> <span class='ocrx_word' id='word_1_646' title='bbox 1405 5016 1605 5066; x_wconf 88' lang='lat' dir='ltr'>autem</span> <span class='ocrx_word' id='word_1_647' title='bbox 1631 5013 1845 5069; x_wconf 87' lang='lat' dir='ltr'>melius</span> 
     </span>
    </p>
   </div>
   <div class='ocr_carea' id='block_1_85' title="bbox 186 5093 1849 5252">
    <p class='ocr_par' dir='ltr' id='par_1_85' title="bbox 186 5093 1849 5252">
     <span class='ocr_line' id='line_1_85' title="bbox 186 5093 1849 5252; baseline 0.007 -104"><span class='ocrx_word' id='word_1_648' title='bbox 186 5093 254 5148; x_wconf 93' lang='lat' dir='ltr'>in</span> <span class='ocrx_word' id='word_1_649' title='bbox 295 5109 475 5252; x_wconf 50' lang='lat' dir='ltr'>qpere</span> <span class='ocrx_word' id='word_1_650' title='bbox 529 5095 603 5151; x_wconf 91' lang='lat' dir='ltr'>de</span> <span class='ocrx_word' id='word_1_651' title='bbox 653 5097 895 5154; x_wconf 90' lang='lat' dir='ltr'>Civitate</span> <span class='ocrx_word' id='word_1_652' title='bbox 945 5098 1045 5152; x_wconf 92' lang='lat' dir='ltr'>Dei</span> <span class='ocrx_word' id='word_1_653' title='bbox 1109 5100 1360 5171; x_wconf 65' lang='lat' dir='ltr'>quaestio</span> <span class='ocrx_word' id='word_1_654' title='bbox 1418 5101 1530 5157; x_wconf 88' lang='lat' dir='ltr'>ista</span> <span class='ocrx_word' id='word_1_655' title='bbox 1600 5105 1849 5161; x_wconf 87' lang='lat' dir='ltr'>tractata</span> 
     </span>
     <span class='ocr_line' id='line_1_86' title="bbox 187 5186 299 5238; baseline 0.009 -1"><span class='ocrx_word' id='word_1_656' title='bbox 187 5186 299 5238; x_wconf 87' lang='lat' dir='ltr'>est.</span> 
     </span>
    </p>
   </div>
   <div class='ocr_carea' id='block_1_86' title="bbox 187 5186 299 5238">
    <p class='ocr_par' dir='ltr' id='par_1_86' title="bbox 187 5186 299 5238">
     <span class='ocr_line' id='line_1_87' title="bbox 187 5186 299 5238; baseline 0.009 -1"><span class='ocrx_word' id='word_1_657' title='bbox 187 5186 299 5238; x_wconf 87' lang='lat' dir='ltr'>est.</span> 
     </span>
    </p>
   </div>
   <div class='ocr_carea' id='block_1_87' title="bbox 263 5288 1845 5364">
    <p class='ocr_par' dir='ltr' id='par_1_87' title="bbox 263 5288 1845 5364">
     <span class='ocr_line' id='line_1_88' title="bbox 263 5288 1845 5364; baseline 0.006 -22"><span class='ocrx_word' id='word_1_658' title='bbox 263 5289 305 5358; x_wconf 57' lang='grc' dir='ltr'>ἦ·</span> <span class='ocrx_word' id='word_1_659' title='bbox 328 5288 491 5345; x_wconf 91' lang='lat' dir='ltr'>Idem</span> <span class='ocrx_word' id='word_1_660' title='bbox 522 5295 854 5348; x_wconf 89' lang='lat' dir='ltr'>retractans</span> <span class='ocrx_word' id='word_1_661' title='bbox 883 5292 1106 5349; x_wconf 91' lang='lat' dir='ltr'>librum</span> <span class='ocrx_word' id='word_1_662' title='bbox 1133 5309 1315 5350; x_wconf 92' lang='lat' dir='ltr'>suum</span> <span class='ocrx_word' id='word_1_663' title='bbox 1341 5293 1415 5350; x_wconf 93' lang='lat' dir='ltr'>de</span> <span class='ocrx_word' id='word_1_664' title='bbox 1446 5298 1651 5364; x_wconf 84' lang='lat' dir='ltr'>Agone</span> <span class='ocrx_word' id='word_1_665' title='bbox 1683 5298 1845 5352; x_wconf 84' lang='lat' dir='ltr'>Chri-</span> 
     </span>
    </p>
   </div>
   <div class='ocr_carea' id='block_1_88' title="bbox 189 5375 1844 5456">
    <p class='ocr_par' dir='ltr' id='par_1_88' title="bbox 189 5375 1844 5456">
     <span class='ocr_line' id='line_1_89' title="bbox 189 5375 1844 5456; baseline 0.005 -25"><span class='ocrx_word' id='word_1_666' title='bbox 189 5375 388 5433; x_wconf 86' lang='lat' dir='ltr'>stiano</span> <span class='ocrx_word' id='word_1_667' title='bbox 415 5379 626 5449; x_wconf 81' lang='lat' dir='ltr'>(Idem,</span> <span class='ocrx_word' id='word_1_668' title='bbox 655 5380 820 5451; x_wconf 86' lang='lat' dir='ltr'>ibid.,</span> <span class='ocrx_word' id='word_1_669' title='bbox 861 5381 962 5438; x_wconf 90' lang='lat' dir='ltr'>lib.</span> <span class='ocrx_word' id='word_1_670' title='bbox 993 5399 1052 5447; x_wconf 84' lang='grc' dir='ltr'>ιι,</span> <span class='ocrx_word' id='word_1_671' title='bbox 1087 5399 1138 5438; x_wconf 92' lang='lat' dir='ltr'>c.</span> <span class='ocrx_word' id='word_1_672' title='bbox 1172 5384 1248 5454; x_wconf 86' lang='lat'>3).</span> <span class='ocrx_word' id='word_1_673' title='bbox 1307 5385 1393 5447; x_wconf 90' lang='lat' dir='ltr'>[In</span> <span class='ocrx_word' id='word_1_674' title='bbox 1440 5399 1583 5454; x_wconf 91' lang='lat' dir='ltr'>quo,</span> <span class='ocrx_word' id='word_1_675' title='bbox 1633 5383 1844 5456; x_wconf 90' lang='lat' dir='ltr'>inquit,</span> 
     </span>
    </p>
   </div>
   <div class='ocr_carea' id='block_1_89' title="bbox 186 5466 1850 5545">
    <p class='ocr_par' dir='ltr' id='par_1_89' title="bbox 186 5466 1850 5545">
     <span class='ocr_line' id='line_1_90' title="bbox 186 5466 1850 5545; baseline 0.007 -23"><span class='ocrx_word' id='word_1_676' title='bbox 186 5466 341 5523; x_wconf 90' lang='lat' dir='ltr'>illud</span> <span class='ocrx_word' id='word_1_677' title='bbox 367 5469 532 5540; x_wconf 88' lang='lat' dir='ltr'>quod</span> <span class='ocrx_word' id='word_1_678' title='bbox 555 5471 815 5541; x_wconf 90' lang='lat' dir='ltr'>positum</span> <span class='ocrx_word' id='word_1_679' title='bbox 844 5476 1088 5528; x_wconf 80' lang='lat' dir='ltr'>estzNec</span> <span class='ocrx_word' id='word_1_680' title='bbox 1118 5489 1220 5528; x_wconf 92' lang='lat' dir='ltr'>eos</span> <span class='ocrx_word' id='word_1_681' title='bbox 1251 5473 1571 5529; x_wconf 87' lang='lat' dir='ltr'>audiamus</span> <span class='ocrx_word' id='word_1_682' title='bbox 1599 5473 1702 5545; x_wconf 89' lang='lat' dir='ltr'>qui</span> <span class='ocrx_word' id='word_1_683' title='bbox 1725 5492 1850 5532; x_wconf 85' lang='lat' dir='ltr'>car-</span> 
     </span>
    </p>
   </div>
   <div class='ocr_carea' id='block_1_90' title="bbox 187 5557 1850 5632">
    <p class='ocr_par' dir='ltr' id='par_1_90' title="bbox 187 5557 1850 5632">
     <span class='ocr_line' id='line_1_91' title="bbox 187 5557 1850 5632; baseline 0.008 -21"><span class='ocrx_word' id='word_1_684' title='bbox 187 5557 286 5612; x_wconf 89' lang='lat' dir='ltr'>nis</span> <span class='ocrx_word' id='word_1_685' title='bbox 317 5559 813 5615; x_wconf 87' lang='lat' dir='ltr'>resurrectionem</span> <span class='ocrx_word' id='word_1_686' title='bbox 845 5560 1106 5616; x_wconf 90' lang='lat' dir='ltr'>futuram</span> <span class='ocrx_word' id='word_1_687' title='bbox 1147 5566 1367 5632; x_wconf 87' lang='lat' dir='ltr'>negant</span> <span class='ocrx_word' id='word_1_688' title='bbox 1395 5565 1450 5618; x_wconf 91' lang='lat' dir='ltr'>et</span> <span class='ocrx_word' id='word_1_689' title='bbox 1485 5579 1850 5623; x_wconf 86' lang='lat' dir='ltr'>commemo-</span> 
     </span>
    </p>
   </div>
   <div class='ocr_carea' id='block_1_91' title="bbox 188 5648 1842 5728">
    <p class='ocr_par' dir='ltr' id='par_1_91' title="bbox 188 5648 1842 5728">
     <span class='ocr_line' id='line_1_92' title="bbox 188 5648 1842 5728; baseline 0.008 -23"><span class='ocrx_word' id='word_1_690' title='bbox 188 5650 334 5706; x_wconf 87' lang='lat' dir='ltr'>rant</span> <span class='ocrx_word' id='word_1_691' title='bbox 355 5648 522 5721; x_wconf 89' lang='lat' dir='ltr'>quod</span> <span class='ocrx_word' id='word_1_692' title='bbox 547 5649 628 5707; x_wconf 88' lang='lat' dir='ltr'>ait</span> <span class='ocrx_word' id='word_1_693' title='bbox 649 5649 958 5726; x_wconf 86' lang='lat' dir='ltr'>apostolus</span> <span class='ocrx_word' id='word_1_694' title='bbox 976 5650 1192 5710; x_wconf 87' lang='lat' dir='ltr'>Paulus</span> <span class='ocrx_word' id='word_1_695' title='bbox 1213 5669 1227 5710; x_wconf 90' lang='lat'><strong>:</strong></span> <span class='ocrx_word' id='word_1_696' title='bbox 1245 5651 1402 5711; x_wconf 80' lang='lat' dir='ltr'>Caro</span> <span class='ocrx_word' id='word_1_697' title='bbox 1424 5658 1476 5710; x_wconf 87' lang='lat' dir='ltr'>et</span> <span class='ocrx_word' id='word_1_698' title='bbox 1492 5658 1739 5728; x_wconf 81' lang='lat' dir='ltr'>sanguis</span> <span class='ocrx_word' id='word_1_699' title='bbox 1760 5675 1842 5718; x_wconf 87' lang='lat' dir='ltr'>re-</span> 
     </span>
    </p>
   </div>
   <div class='ocr_carea' id='block_1_92' title="bbox 1967 3159 3627 3234">
    <p class='ocr_par' dir='ltr' id='par_1_92' title="bbox 1967 3159 3627 3234">
     <span class='ocr_line' id='line_1_93' title="bbox 1967 3159 3627 3234; baseline 0.001 -18"><span class='ocrx_word' id='word_1_700' title='bbox 1967 3161 2107 3217; x_wconf 91' lang='lat' dir='ltr'>dem</span> <span class='ocrx_word' id='word_1_701' title='bbox 2157 3160 2443 3216; x_wconf 84' lang='lat' dir='ltr'>membris</span> <span class='ocrx_word' id='word_1_702' title='bbox 2495 3175 2613 3215; x_wconf 89' lang='lat' dir='ltr'>non</span> <span class='ocrx_word' id='word_1_703' title='bbox 2664 3159 2859 3214; x_wconf 90' lang='lat' dir='ltr'>solum</span> <span class='ocrx_word' id='word_1_704' title='bbox 2902 3160 3365 3232; x_wconf 89' lang='lat' dir='ltr'>conspiciendus</span> <span class='ocrx_word' id='word_1_705' title='bbox 3409 3161 3627 3234; x_wconf 90' lang='lat' dir='ltr'>oculis,</span> 
     </span>
    </p>
   </div>
   <div class='ocr_carea' id='block_1_93' title="bbox 1968 3247 3624 3322">
    <p class='ocr_par' dir='ltr' id='par_1_93' title="bbox 1968 3247 3624 3322">
     <span class='ocr_line' id='line_1_94' title="bbox 1968 3247 3624 3322; baseline 0.001 -16"><span class='ocrx_word' id='word_1_706' title='bbox 1968 3266 2174 3306; x_wconf 87' lang='lat' dir='ltr'>verum</span> <span class='ocrx_word' id='word_1_707' title='bbox 2205 3250 2386 3305; x_wconf 90' lang='lat' dir='ltr'>etiam</span> <span class='ocrx_word' id='word_1_708' title='bbox 2416 3249 2702 3305; x_wconf 90' lang='lat' dir='ltr'>manibus</span> <span class='ocrx_word' id='word_1_709' title='bbox 2748 3247 3089 3318; x_wconf 89' lang='lat' dir='ltr'>tangendus</span> <span class='ocrx_word' id='word_1_710' title='bbox 3132 3250 3435 3322; x_wconf 89' lang='lat' dir='ltr'>apparuit,</span> <span class='ocrx_word' id='word_1_711' title='bbox 3494 3267 3624 3308; x_wconf 88' lang='lat' dir='ltr'>car-</span> 
     </span>
    </p>
   </div>
   <div class='ocr_carea' id='block_1_94' title="bbox 1967 3339 3620 3412">
    <p class='ocr_par' dir='ltr' id='par_1_94' title="bbox 1967 3339 3620 3412">
     <span class='ocr_line' id='line_1_95' title="bbox 1967 3339 3620 3412; baseline 0.002 -17"><span class='ocrx_word' id='word_1_712' title='bbox 1967 3356 2227 3412; x_wconf 89' lang='lat' dir='ltr'>nemque</span> <span class='ocrx_word' id='word_1_713' title='bbox 2258 3355 2320 3394; x_wconf 93' lang='lat' dir='ltr'>se</span> <span class='ocrx_word' id='word_1_714' title='bbox 2344 3339 2567 3396; x_wconf 90' lang='lat' dir='ltr'>habere</span> <span class='ocrx_word' id='word_1_715' title='bbox 2594 3339 2774 3395; x_wconf 90' lang='lat' dir='ltr'>etiam</span> <span class='ocrx_word' id='word_1_716' title='bbox 2805 3355 3080 3395; x_wconf 90' lang='lat' dir='ltr'>sermone</span> <span class='ocrx_word' id='word_1_717' title='bbox 3101 3339 3620 3398; x_wconf 87' lang='lat' dir='ltr'>ﬁrmavitdicens:</span> 
     </span>
    </p>
   </div>
   <div class='ocr_carea' id='block_1_95' title="bbox 1964 3429 3625 3500">
    <p class='ocr_par' dir='ltr' id='par_1_95' title="bbox 1964 3429 3625 3500">
     <span class='ocr_line' id='line_1_96' title="bbox 1964 3429 3625 3500; baseline 0.002 -16"><span class='ocrx_word' id='word_1_718' title='bbox 1964 3429 2243 3498; x_wconf 79' lang='lat' dir='ltr'>Palpate,</span> <span class='ocrx_word' id='word_1_719' title='bbox 2267 3435 2320 3485; x_wconf 89' lang='lat' dir='ltr'>et</span> <span class='ocrx_word' id='word_1_720' title='bbox 2352 3430 2544 3486; x_wconf 83' lang='lat' dir='ltr'>videte</span> <span class='ocrx_word' id='word_1_721' title='bbox 2571 3429 2713 3500; x_wconf 89' lang='lat' dir='ltr'>quia</span> <span class='ocrx_word' id='word_1_722' title='bbox 2740 3429 2989 3498; x_wconf 83' lang='lat' dir='ltr'>spiritus</span> <span class='ocrx_word' id='word_1_723' title='bbox 3011 3443 3251 3486; x_wconf 87' lang='lat' dir='ltr'>carnem</span> <span class='ocrx_word' id='word_1_724' title='bbox 3273 3435 3328 3486; x_wconf 90' lang='lat' dir='ltr'>et</span> <span class='ocrx_word' id='word_1_725' title='bbox 3348 3446 3479 3487; x_wconf 91' lang='lat' dir='ltr'>ossa</span> <span class='ocrx_word' id='word_1_726' title='bbox 3505 3447 3625 3488; x_wconf 86' lang='lat' dir='ltr'>non</span> 
     </span>
    </p>
   </div>
   <div class='ocr_carea' id='block_1_96' title="bbox 1967 3517 3625 3591">
    <p class='ocr_par' dir='ltr' id='par_1_96' title="bbox 1967 3517 3625 3591">
     <span class='ocr_line' id='line_1_97' title="bbox 1967 3517 3625 3591; baseline 0.002 -17"><span class='ocrx_word' id='word_1_727' title='bbox 1967 3517 2161 3587; x_wconf 87' lang='lat' dir='ltr'>habet,</span> <span class='ocrx_word' id='word_1_728' title='bbox 2199 3520 2350 3575; x_wconf 83' lang='lat' dir='ltr'>sicut</span> <span class='ocrx_word' id='word_1_729' title='bbox 2376 3535 2468 3576; x_wconf 90' lang='lat' dir='ltr'>me</span> <span class='ocrx_word' id='word_1_730' title='bbox 2498 3518 2706 3574; x_wconf 78' lang='lat' dir='ltr'>videtis</span> <span class='ocrx_word' id='word_1_731' title='bbox 2756 3519 2975 3575; x_wconf 87' lang='lat' dir='ltr'>habere</span> <span class='ocrx_word' id='word_1_732' title='bbox 3023 3517 3190 3590; x_wconf 88' lang='lat' dir='ltr'>(Luc.</span> <span class='ocrx_word' id='word_1_733' title='bbox 3223 3536 3282 3587; x_wconf 80' lang='grc' dir='ltr'>ιι,</span> <span class='ocrx_word' id='word_1_734' title='bbox 3316 3520 3426 3591; x_wconf 87' lang='lat'>39).</span> <span class='ocrx_word' id='word_1_735' title='bbox 3459 3520 3625 3578; x_wconf 89' lang='lat' dir='ltr'>Unde</span> 
     </span>
    </p>
   </div>
   <div class='ocr_carea' id='block_1_97' title="bbox 1965 3607 3628 3682">
    <p class='ocr_par' dir='ltr' id='par_1_97' title="bbox 1965 3607 3628 3682">
     <span class='ocr_line' id='line_1_98' title="bbox 1965 3607 3628 3682; baseline 0.001 -18"><span class='ocrx_word' id='word_1_736' title='bbox 1965 3611 2202 3664; x_wconf 90' lang='lat' dir='ltr'>constat</span> <span class='ocrx_word' id='word_1_737' title='bbox 2226 3608 2578 3681; x_wconf 78' lang='lat' dir='ltr'>Apostolum</span> <span class='ocrx_word' id='word_1_738' title='bbox 2607 3623 2730 3664; x_wconf 92' lang='lat' dir='ltr'>non</span> <span class='ocrx_word' id='word_1_739' title='bbox 2761 3607 2957 3665; x_wconf 91' lang='lat' dir='ltr'>carnis</span> <span class='ocrx_word' id='word_1_740' title='bbox 2988 3608 3386 3665; x_wconf 83' lang='lat' dir='ltr'>substantiam</span> <span class='ocrx_word' id='word_1_741' title='bbox 3414 3625 3628 3682; x_wconf 88' lang='lat' dir='ltr'>negas-</span> 
     </span>
    </p>
   </div>
   <div class='ocr_carea' id='block_1_98' title="bbox 1967 3698 3623 3772">
    <p class='ocr_par' dir='ltr' id='par_1_98' title="bbox 1967 3698 3623 3772">
     <span class='ocr_line' id='line_1_99' title="bbox 1967 3698 3623 3772; baseline 0.002 -20"><span class='ocrx_word' id='word_1_742' title='bbox 1967 3698 2110 3753; x_wconf 92' lang='lat' dir='ltr'>sein</span> <span class='ocrx_word' id='word_1_743' title='bbox 2138 3698 2237 3752; x_wconf 90' lang='lat' dir='ltr'>Dei</span> <span class='ocrx_word' id='word_1_744' title='bbox 2263 3713 2448 3768; x_wconf 86' lang='lat' dir='ltr'>regno</span> <span class='ocrx_word' id='word_1_745' title='bbox 2471 3698 2758 3768; x_wconf 86' lang='lat' dir='ltr'>futuram,</span> <span class='ocrx_word' id='word_1_746' title='bbox 2793 3698 2900 3754; x_wconf 89' lang='lat' dir='ltr'>sed</span> <span class='ocrx_word' id='word_1_747' title='bbox 2938 3702 3041 3754; x_wconf 88' lang='lat' dir='ltr'>aut</span> <span class='ocrx_word' id='word_1_748' title='bbox 3067 3698 3347 3754; x_wconf 90' lang='lat' dir='ltr'>homines</span> <span class='ocrx_word' id='word_1_749' title='bbox 3392 3700 3499 3772; x_wconf 90' lang='lat' dir='ltr'>qui</span> <span class='ocrx_word' id='word_1_750' title='bbox 3530 3717 3623 3756; x_wconf 87' lang='lat' dir='ltr'>se-</span> 
     </span>
    </p>
   </div>
   <div class='ocr_carea' id='block_1_99' title="bbox 1966 3787 3626 3857">
    <p class='ocr_par' dir='ltr' id='par_1_99' title="bbox 1966 3787 3626 3857">
     <span class='ocr_line' id='line_1_100' title="bbox 1966 3787 3626 3857; baseline 0.002 -15"><span class='ocrx_word' id='word_1_751' title='bbox 1966 3787 2234 3842; x_wconf 89' lang='lat' dir='ltr'>cundum</span> <span class='ocrx_word' id='word_1_752' title='bbox 2258 3803 2500 3841; x_wconf 86' lang='lat' dir='ltr'>carnem</span> <span class='ocrx_word' id='word_1_753' title='bbox 2523 3787 2732 3842; x_wconf 91' lang='lat' dir='ltr'>vivunt</span> <span class='ocrx_word' id='word_1_754' title='bbox 2748 3787 2948 3842; x_wconf 89' lang='lat' dir='ltr'>carnis</span> <span class='ocrx_word' id='word_1_755' title='bbox 2976 3791 3034 3842; x_wconf 91' lang='lat' dir='ltr'>et</span> <span class='ocrx_word' id='word_1_756' title='bbox 3053 3787 3364 3857; x_wconf 90' lang='lat' dir='ltr'>sanguinis</span> <span class='ocrx_word' id='word_1_757' title='bbox 3380 3789 3626 3846; x_wconf 86' lang='lat' dir='ltr'>nomine</span> 
     </span>
    </p>
   </div>
   <div class='ocr_carea' id='block_1_100' title="bbox 1962 3875 3622 3950">
    <p class='ocr_par' dir='ltr' id='par_1_100' title="bbox 1962 3875 3622 3950">
     <span class='ocr_line' id='line_1_101' title="bbox 1962 3875 3622 3950; baseline 0.002 -20"><span class='ocrx_word' id='word_1_758' title='bbox 1962 3891 2375 3946; x_wconf 89' lang='lat' dir='ltr'>nuncupasse,</span> <span class='ocrx_word' id='word_1_759' title='bbox 2409 3879 2514 3930; x_wconf 92' lang='lat' dir='ltr'>aut</span> <span class='ocrx_word' id='word_1_760' title='bbox 2542 3875 2739 3947; x_wconf 92' lang='lat' dir='ltr'>ipsam</span> <span class='ocrx_word' id='word_1_761' title='bbox 2767 3875 2967 3930; x_wconf 90' lang='lat' dir='ltr'>carnis</span> <span class='ocrx_word' id='word_1_762' title='bbox 2990 3877 3452 3946; x_wconf 87' lang='lat' dir='ltr'>corruptionem,</span> <span class='ocrx_word' id='word_1_763' title='bbox 3485 3894 3622 3950; x_wconf 75' lang='lat' dir='ltr'>quas</span> 
     </span>
    </p>
   </div>
   <div class='ocr_carea' id='block_1_101' title="bbox 1960 3963 2716 4035">
    <p class='ocr_par' dir='ltr' id='par_1_101' title="bbox 1960 3963 2716 4035">
     <span class='ocr_line' id='line_1_102' title="bbox 1960 3963 2716 4035; baseline -0.001 -16"><span class='ocrx_word' id='word_1_764' title='bbox 1960 3967 2104 4020; x_wconf 93' lang='lat' dir='ltr'>tunc</span> <span class='ocrx_word' id='word_1_765' title='bbox 2135 3964 2338 4035; x_wconf 90' lang='lat' dir='ltr'>utique</span> <span class='ocrx_word' id='word_1_766' title='bbox 2368 3963 2534 4019; x_wconf 91' lang='lat' dir='ltr'>nulla</span> <span class='ocrx_word' id='word_1_767' title='bbox 2562 3964 2716 4035; x_wconf 91' lang='lat' dir='ltr'>erit.]</span> 
     </span>
    </p>
   </div>
   <div class='ocr_carea' id='block_1_102' title="bbox 2033 4052 3626 4123">
    <p class='ocr_par' dir='ltr' id='par_1_102' title="bbox 2033 4052 3626 4123">
     <span class='ocr_line' id='line_1_103' title="bbox 2033 4052 3626 4123; baseline 0.005 -18"><span class='ocrx_word' id='word_1_768' title='bbox 2033 4054 2074 4123; x_wconf 68' lang='grc' dir='ltr'>-χ-</span> <span class='ocrx_word' id='word_1_769' title='bbox 2105 4052 2270 4107; x_wconf 89' lang='lat' dir='ltr'>Idem</span> <span class='ocrx_word' id='word_1_770' title='bbox 2328 4052 2389 4107; x_wconf 85' lang='lat' dir='ltr'>in</span> <span class='ocrx_word' id='word_1_771' title='bbox 2428 4052 2582 4108; x_wconf 88' lang='lat' dir='ltr'>libro</span> <span class='ocrx_word' id='word_1_772' title='bbox 2638 4052 2928 4110; x_wconf 90' lang='lat' dir='ltr'>vicesimo</span> <span class='ocrx_word' id='word_1_773' title='bbox 2983 4053 3250 4110; x_wconf 90' lang='lat' dir='ltr'>secundo</span> <span class='ocrx_word' id='word_1_774' title='bbox 3279 4054 3355 4110; x_wconf 92' lang='lat' dir='ltr'>de</span> <span class='ocrx_word' id='word_1_775' title='bbox 3386 4055 3626 4112; x_wconf 87' lang='lat' dir='ltr'>Civitate</span> 
     </span>
    </p>
   </div>
   <div class='ocr_carea' id='block_1_103' title="bbox 1958 4137 3625 4216">
    <p class='ocr_par' dir='ltr' id='par_1_103' title="bbox 1958 4137 3625 4216">
     <span class='ocr_line' id='line_1_104' title="bbox 1958 4137 3625 4216; baseline 0.002 -18"><span class='ocrx_word' id='word_1_776' title='bbox 1958 4144 2114 4211; x_wconf 86' lang='lat' dir='ltr'>(cap.</span> <span class='ocrx_word' id='word_1_777' title='bbox 2142 4142 2230 4212; x_wconf 68' lang='lat'>24)</span> <span class='ocrx_word' id='word_1_778' title='bbox 2263 4159 2275 4196; x_wconf 90' lang='lat'><strong>:</strong></span> <span class='ocrx_word' id='word_1_779' title='bbox 2315 4141 2480 4213; x_wconf 65' lang='lat' dir='ltr'>[Qum</span> <span class='ocrx_word' id='word_1_780' title='bbox 2509 4142 2696 4213; x_wconf 91' lang='lat' dir='ltr'>igitur</span> <span class='ocrx_word' id='word_1_781' title='bbox 2729 4143 2830 4199; x_wconf 87' lang='lat' dir='ltr'>illa</span> <span class='ocrx_word' id='word_1_782' title='bbox 2857 4147 3016 4214; x_wconf 92' lang='lat' dir='ltr'>sunt,</span> <span class='ocrx_word' id='word_1_783' title='bbox 3046 4143 3346 4216; x_wconf 91' lang='lat' dir='ltr'>inquiens,</span> <span class='ocrx_word' id='word_1_784' title='bbox 3379 4143 3428 4200; x_wconf 90' lang='lat' dir='ltr'>si</span> <span class='ocrx_word' id='word_1_785' title='bbox 3460 4137 3625 4202; x_wconf 84' lang='lat' dir='ltr'>totae</span> 
     </span>
    </p>
   </div>
   <div class='ocr_carea' id='block_1_104' title="bbox 1955 4230 3628 4311">
    <p class='ocr_par' dir='ltr' id='par_1_104' title="bbox 1955 4230 3628 4311">
     <span class='ocr_line' id='line_1_105' title="bbox 1955 4230 3628 4311; baseline 0.004 -25"><span class='ocrx_word' id='word_1_786' title='bbox 1955 4230 2099 4299; x_wconf 68' lang='lat' dir='ltr'>talia</span> <span class='ocrx_word' id='word_1_787' title='bbox 2120 4235 2176 4287; x_wconf 90' lang='lat' dir='ltr'>et</span> <span class='ocrx_word' id='word_1_788' title='bbox 2205 4235 2368 4288; x_wconf 88' lang='lat' dir='ltr'>tanta</span> <span class='ocrx_word' id='word_1_789' title='bbox 2397 4236 2536 4288; x_wconf 85' lang='lat' dir='ltr'>sunt</span> <span class='ocrx_word' id='word_1_790' title='bbox 2553 4233 2710 4290; x_wconf 85' lang='lat' dir='ltr'>ista?</span> <span class='ocrx_word' id='word_1_791' title='bbox 2745 4233 2899 4299; x_wconf 90' lang='lat' dir='ltr'>Quid</span> <span class='ocrx_word' id='word_1_792' title='bbox 2919 4234 3088 4291; x_wconf 89' lang='lat' dir='ltr'>dabit</span> <span class='ocrx_word' id='word_1_793' title='bbox 3114 4234 3198 4290; x_wconf 92' lang='lat' dir='ltr'>eis</span> <span class='ocrx_word' id='word_1_794' title='bbox 3223 4251 3378 4306; x_wconf 93' lang='lat' dir='ltr'>quos</span> <span class='ocrx_word' id='word_1_795' title='bbox 3401 4235 3628 4311; x_wconf 81' lang='lat' dir='ltr'>praede-</span> 
     </span>
    </p>
   </div>
   <div class='ocr_carea' id='block_1_105' title="bbox 1960 4320 3625 4398">
    <p class='ocr_par' dir='ltr' id='par_1_105' title="bbox 1960 4320 3625 4398">
     <span class='ocr_line' id='line_1_106' title="bbox 1960 4320 3625 4398; baseline 0.004 -22"><span class='ocrx_word' id='word_1_796' title='bbox 1960 4320 2196 4377; x_wconf 86' lang='lat' dir='ltr'>stinavit</span> <span class='ocrx_word' id='word_1_797' title='bbox 2226 4321 2303 4377; x_wconf 91' lang='lat' dir='ltr'>ad</span> <span class='ocrx_word' id='word_1_798' title='bbox 2332 4321 2540 4391; x_wconf 90' lang='lat' dir='ltr'>vitam,</span> <span class='ocrx_word' id='word_1_799' title='bbox 2573 4323 2678 4396; x_wconf 94' lang='lat' dir='ltr'>qui</span> <span class='ocrx_word' id='word_1_800' title='bbox 2718 4323 2849 4379; x_wconf 69' lang='lat' dir='ltr'>haac</span> <span class='ocrx_word' id='word_1_801' title='bbox 2886 4323 3050 4380; x_wconf 92' lang='lat' dir='ltr'>dedit</span> <span class='ocrx_word' id='word_1_802' title='bbox 3106 4324 3286 4380; x_wconf 90' lang='lat' dir='ltr'>etiam</span> <span class='ocrx_word' id='word_1_803' title='bbox 3338 4324 3422 4380; x_wconf 91' lang='lat' dir='ltr'>eis</span> <span class='ocrx_word' id='word_1_804' title='bbox 3469 4342 3625 4398; x_wconf 90' lang='lat' dir='ltr'>quos</span> 
     </span>
    </p>
   </div>
   <div class='ocr_carea' id='block_1_106' title="bbox 1958 4411 3626 4484">
    <p class='ocr_par' dir='ltr' id='par_1_106' title="bbox 1958 4411 3626 4484">
     <span class='ocr_line' id='line_1_107' title="bbox 1958 4411 3626 4484; baseline 0.004 -18"><span class='ocrx_word' id='word_1_805' title='bbox 1958 4411 2406 4484; x_wconf 72' lang='lat' dir='ltr'>praedestinavit</span> <span class='ocrx_word' id='word_1_806' title='bbox 2434 4411 2513 4468; x_wconf 93' lang='lat' dir='ltr'>ad</span> <span class='ocrx_word' id='word_1_807' title='bbox 2533 4417 2788 4468; x_wconf 91' lang='lat' dir='ltr'>mortem</span> <span class='ocrx_word' id='word_1_808' title='bbox 2814 4413 2841 4469; x_wconf 86' lang='lat'><strong>?</strong></span> <span class='ocrx_word' id='word_1_809' title='bbox 2873 4415 3015 4478; x_wconf 82' lang='lat' dir='ltr'>Quae</span> <span class='ocrx_word' id='word_1_810' title='bbox 3046 4413 3210 4470; x_wconf 90' lang='lat' dir='ltr'>bona</span> <span class='ocrx_word' id='word_1_811' title='bbox 3228 4414 3291 4468; x_wconf 94' lang='lat' dir='ltr'>in</span> <span class='ocrx_word' id='word_1_812' title='bbox 3319 4413 3420 4471; x_wconf 88' lang='lat' dir='ltr'>illa</span> <span class='ocrx_word' id='word_1_813' title='bbox 3444 4413 3626 4474; x_wconf 89' lang='lat' dir='ltr'>beata</span> 
     </span>
    </p>
   </div>
   <div class='ocr_carea' id='block_1_107' title="bbox 1958 4499 3624 4573">
    <p class='ocr_par' dir='ltr' id='par_1_107' title="bbox 1958 4499 3624 4573">
     <span class='ocr_line' id='line_1_108' title="bbox 1958 4499 3624 4573; baseline 0.005 -20"><span class='ocrx_word' id='word_1_814' title='bbox 1958 4500 2078 4554; x_wconf 91' lang='lat' dir='ltr'>vita</span> <span class='ocrx_word' id='word_1_815' title='bbox 2104 4499 2276 4555; x_wconf 88' lang='lat' dir='ltr'>faciet</span> <span class='ocrx_word' id='word_1_816' title='bbox 2307 4516 2408 4556; x_wconf 91' lang='lat' dir='ltr'>eos</span> <span class='ocrx_word' id='word_1_817' title='bbox 2441 4517 2697 4569; x_wconf 91' lang='lat' dir='ltr'>sumere,</span> <span class='ocrx_word' id='word_1_818' title='bbox 2727 4517 2837 4573; x_wconf 92' lang='lat' dir='ltr'>pro</span> <span class='ocrx_word' id='word_1_819' title='bbox 2865 4501 3090 4573; x_wconf 89' lang='lat' dir='ltr'>quibus</span> <span class='ocrx_word' id='word_1_820' title='bbox 3126 4501 3189 4557; x_wconf 93' lang='lat' dir='ltr'>in</span> <span class='ocrx_word' id='word_1_821' title='bbox 3232 4502 3347 4559; x_wconf 91' lang='lat' dir='ltr'>hac</span> <span class='ocrx_word' id='word_1_822' title='bbox 3378 4503 3624 4561; x_wconf 60' lang='lat' dir='ltr'>miseria</span> 
     </span>
    </p>
   </div>
   <div class='ocr_carea' id='block_1_108' title="bbox 1958 4587 3622 4662">
    <p class='ocr_par' dir='ltr' id='par_1_108' title="bbox 1958 4587 3622 4662">
     <span class='ocr_line' id='line_1_109' title="bbox 1958 4587 3622 4662; baseline 0.004 -21"><span class='ocrx_word' id='word_1_823' title='bbox 1958 4587 2336 4656; x_wconf 90' lang='lat' dir='ltr'>unigenitum</span> <span class='ocrx_word' id='word_1_824' title='bbox 2371 4588 2581 4644; x_wconf 84' lang='lat' dir='ltr'>Filium</span> <span class='ocrx_word' id='word_1_825' title='bbox 2612 4605 2790 4644; x_wconf 91' lang='lat' dir='ltr'>suum</span> <span class='ocrx_word' id='word_1_826' title='bbox 2819 4589 3010 4645; x_wconf 90' lang='lat' dir='ltr'>voluit</span> <span class='ocrx_word' id='word_1_827' title='bbox 3037 4606 3233 4662; x_wconf 92' lang='lat' dir='ltr'>usque</span> <span class='ocrx_word' id='word_1_828' title='bbox 3264 4591 3344 4647; x_wconf 91' lang='lat' dir='ltr'>ad</span> <span class='ocrx_word' id='word_1_829' title='bbox 3365 4595 3622 4648; x_wconf 90' lang='lat' dir='ltr'>mortem</span> 
     </span>
    </p>
   </div>
   <div class='ocr_carea' id='block_1_109' title="bbox 1957 4676 3622 4753">
    <p class='ocr_par' dir='ltr' id='par_1_109' title="bbox 1957 4676 3622 4753">
     <span class='ocr_line' id='line_1_110' title="bbox 1957 4676 3622 4753; baseline 0.003 -22"><span class='ocrx_word' id='word_1_830' title='bbox 1957 4676 2122 4731; x_wconf 90' lang='lat' dir='ltr'>mala</span> <span class='ocrx_word' id='word_1_831' title='bbox 2151 4679 2315 4733; x_wconf 90' lang='lat' dir='ltr'>tanta</span> <span class='ocrx_word' id='word_1_832' title='bbox 2335 4677 2617 4750; x_wconf 87' lang='lat' dir='ltr'>perferre.</span> <span class='ocrx_word' id='word_1_833' title='bbox 2655 4679 2820 4734; x_wconf 80' lang='lat' dir='ltr'>Unde</span> <span class='ocrx_word' id='word_1_834' title='bbox 2849 4679 3171 4752; x_wconf 82' lang='lat' dir='ltr'>Apostolus</span> <span class='ocrx_word' id='word_1_835' title='bbox 3201 4681 3275 4736; x_wconf 93' lang='lat' dir='ltr'>de</span> <span class='ocrx_word' id='word_1_836' title='bbox 3305 4680 3450 4753; x_wconf 91' lang='lat' dir='ltr'>ipsis</span> <span class='ocrx_word' id='word_1_837' title='bbox 3481 4681 3544 4736; x_wconf 90' lang='lat' dir='ltr'>in</span> <span class='ocrx_word' id='word_1_838' title='bbox 3558 4681 3622 4736; x_wconf 86' lang='lat' dir='ltr'>il-</span> 
     </span>
    </p>
   </div>
   <div class='ocr_carea' id='block_1_110' title="bbox 1956 4763 3618 4842">
    <p class='ocr_par' dir='ltr' id='par_1_110' title="bbox 1956 4763 3618 4842">
     <span class='ocr_line' id='line_1_111' title="bbox 1956 4763 3618 4842; baseline 0.005 -24"><span class='ocrx_word' id='word_1_839' title='bbox 1956 4763 2062 4818; x_wconf 92' lang='lat' dir='ltr'>lud</span> <span class='ocrx_word' id='word_1_840' title='bbox 2083 4780 2335 4833; x_wconf 88' lang='lat' dir='ltr'>regnum</span> <span class='ocrx_word' id='word_1_841' title='bbox 2372 4766 2809 4837; x_wconf 66' lang='lat' dir='ltr'>prredestinatis</span> <span class='ocrx_word' id='word_1_842' title='bbox 2861 4768 3117 4840; x_wconf 91' lang='lat' dir='ltr'>loquens</span> <span class='ocrx_word' id='word_1_843' title='bbox 3147 4786 3160 4824; x_wconf 90' lang='lat'><strong>:</strong></span> <span class='ocrx_word' id='word_1_844' title='bbox 3197 4771 3310 4837; x_wconf 85' lang='lat' dir='ltr'>Qui</span> <span class='ocrx_word' id='word_1_845' title='bbox 3342 4772 3618 4842; x_wconf 83' lang='lat' dir='ltr'>proprio,</span> 
     </span>
    </p>
   </div>
   <div class='ocr_carea' id='block_1_111' title="bbox 1957 4853 3620 4927">
    <p class='ocr_par' dir='ltr' id='par_1_111' title="bbox 1957 4853 3620 4927">
     <span class='ocr_line' id='line_1_112' title="bbox 1957 4853 3620 4927; baseline 0.005 -20"><span class='ocrx_word' id='word_1_846' title='bbox 1957 4853 2170 4925; x_wconf 89' lang='lat' dir='ltr'>inquit,</span> <span class='ocrx_word' id='word_1_847' title='bbox 2192 4855 2352 4910; x_wconf 84' lang='lat' dir='ltr'>Filio</span> <span class='ocrx_word' id='word_1_848' title='bbox 2379 4872 2497 4912; x_wconf 87' lang='lat' dir='ltr'>non</span> <span class='ocrx_word' id='word_1_849' title='bbox 2521 4859 2809 4926; x_wconf 86' lang='lat' dir='ltr'>pepercit,</span> <span class='ocrx_word' id='word_1_850' title='bbox 2847 4859 2950 4913; x_wconf 86' lang='lat' dir='ltr'>sed</span> <span class='ocrx_word' id='word_1_851' title='bbox 2969 4874 3086 4927; x_wconf 90' lang='lat' dir='ltr'>pro</span> <span class='ocrx_word' id='word_1_852' title='bbox 3131 4860 3298 4915; x_wconf 78' lang='lat' dir='ltr'>nobis</span> <span class='ocrx_word' id='word_1_853' title='bbox 3347 4861 3620 4917; x_wconf 85' lang='lat' dir='ltr'>omnibus</span> 
     </span>
    </p>
   </div>
   <div class='ocr_carea' id='block_1_112' title="bbox 1957 4943 3620 5018">
    <p class='ocr_par' dir='ltr' id='par_1_112' title="bbox 1957 4943 3620 5018">
     <span class='ocr_line' id='line_1_113' title="bbox 1957 4943 3620 5018; baseline 0.005 -21"><span class='ocrx_word' id='word_1_854' title='bbox 1957 4943 2210 4999; x_wconf 88' lang='lat' dir='ltr'>tradidit</span> <span class='ocrx_word' id='word_1_855' title='bbox 2240 4945 2414 5000; x_wconf 87' lang='lat' dir='ltr'>illum</span> <span class='ocrx_word' id='word_1_856' title='bbox 2433 4961 2455 5002; x_wconf 90' lang='grc'><strong>.·</strong></span> <span class='ocrx_word' id='word_1_857' title='bbox 2473 4948 2762 5018; x_wconf 86' lang='lat' dir='ltr'>quomodo</span> <span class='ocrx_word' id='word_1_858' title='bbox 2783 4962 2904 5003; x_wconf 85' lang='lat' dir='ltr'>non</span> <span class='ocrx_word' id='word_1_859' title='bbox 2926 4948 3106 5004; x_wconf 84' lang='lat' dir='ltr'>etiam</span> <span class='ocrx_word' id='word_1_860' title='bbox 3136 4963 3267 5004; x_wconf 89' lang='lat' dir='ltr'>cum</span> <span class='ocrx_word' id='word_1_861' title='bbox 3292 4949 3399 5005; x_wconf 87' lang='lat' dir='ltr'>illo</span> <span class='ocrx_word' id='word_1_862' title='bbox 3417 4951 3620 5007; x_wconf 88' lang='lat' dir='ltr'>omnia</span> 
     </span>
    </p>
   </div>
   <div class='ocr_carea' id='block_1_113' title="bbox 1957 5033 3621 5113">
    <p class='ocr_par' dir='ltr' id='par_1_113' title="bbox 1957 5033 3621 5113">
     <span class='ocr_line' id='line_1_114' title="bbox 1957 5033 3621 5113; baseline 0.007 -28"><span class='ocrx_word' id='word_1_863' title='bbox 1957 5033 2122 5088; x_wconf 82' lang='lat' dir='ltr'>nobis</span> <span class='ocrx_word' id='word_1_864' title='bbox 2154 5035 2400 5092; x_wconf 83' lang='lat' dir='ltr'>donavit</span> <span class='ocrx_word' id='word_1_865' title='bbox 2427 5040 2455 5091; x_wconf 87' lang='lat'><strong><em>?</em></strong></span> <span class='ocrx_word' id='word_1_866' title='bbox 2478 5037 2668 5109; x_wconf 83' lang='lat' dir='ltr'>(Rom.</span> <span class='ocrx_word' id='word_1_867' title='bbox 2702 5053 2824 5108; x_wconf 85' lang='lat' dir='ltr'>Vlll,</span> <span class='ocrx_word' id='word_1_868' title='bbox 2853 5041 2965 5106; x_wconf 88' lang='lat'><strong>32).</strong></span> <span class='ocrx_word' id='word_1_869' title='bbox 3012 5040 3160 5095; x_wconf 90' lang='lat' dir='ltr'>Cum</span> <span class='ocrx_word' id='word_1_870' title='bbox 3205 5039 3333 5096; x_wconf 76' lang='lat' dir='ltr'>haec</span> <span class='ocrx_word' id='word_1_871' title='bbox 3364 5041 3621 5113; x_wconf 86' lang='lat' dir='ltr'>promis-</span> 
     </span>
    </p>
   </div>
   <div class='ocr_carea' id='block_1_114' title="bbox 1957 5119 3618 5200">
    <p class='ocr_par' dir='ltr' id='par_1_114' title="bbox 1957 5119 3618 5200">
     <span class='ocr_line' id='line_1_115' title="bbox 1957 5119 3618 5200; baseline 0.007 -27"><span class='ocrx_word' id='word_1_872' title='bbox 1957 5119 2042 5173; x_wconf 92' lang='lat' dir='ltr'>sio</span> <span class='ocrx_word' id='word_1_873' title='bbox 2073 5123 2493 5195; x_wconf 87' lang='lat' dir='ltr'>complebitur,</span> <span class='ocrx_word' id='word_1_874' title='bbox 2519 5125 2666 5198; x_wconf 89' lang='lat' dir='ltr'>quid</span> <span class='ocrx_word' id='word_1_875' title='bbox 2696 5125 2941 5198; x_wconf 87' lang='lat' dir='ltr'>erimus,</span> <span class='ocrx_word' id='word_1_876' title='bbox 2975 5128 3184 5200; x_wconf 88' lang='lat' dir='ltr'>quales</span> <span class='ocrx_word' id='word_1_877' title='bbox 3211 5129 3455 5196; x_wconf 90' lang='lat' dir='ltr'>erimus,</span> <span class='ocrx_word' id='word_1_878' title='bbox 3478 5146 3618 5199; x_wconf 61' lang='lat' dir='ltr'>quas</span> 
     </span>
    </p>
   </div>
   <div class='ocr_carea' id='block_1_115' title="bbox 1954 5208 3617 5290">
    <p class='ocr_par' dir='ltr' id='par_1_115' title="bbox 1954 5208 3617 5290">
     <span class='ocr_line' id='line_1_116' title="bbox 1954 5208 3617 5290; baseline 0.004 -26"><span class='ocrx_word' id='word_1_879' title='bbox 1954 5208 2120 5266; x_wconf 90' lang='lat' dir='ltr'>bona</span> <span class='ocrx_word' id='word_1_880' title='bbox 2140 5211 2202 5266; x_wconf 90' lang='lat' dir='ltr'>in</span> <span class='ocrx_word' id='word_1_881' title='bbox 2230 5212 2330 5268; x_wconf 92' lang='lat' dir='ltr'>illo</span> <span class='ocrx_word' id='word_1_882' title='bbox 2369 5229 2556 5285; x_wconf 89' lang='lat' dir='ltr'>regno</span> <span class='ocrx_word' id='word_1_883' title='bbox 2587 5217 2888 5289; x_wconf 88' lang='lat' dir='ltr'>accepturi</span> <span class='ocrx_word' id='word_1_884' title='bbox 2923 5233 3134 5272; x_wconf 91' lang='lat' dir='ltr'>sumus</span> <span class='ocrx_word' id='word_1_885' title='bbox 3156 5217 3184 5271; x_wconf 86' lang='lat'><strong><em>?</em></strong></span> <span class='ocrx_word' id='word_1_886' title='bbox 3233 5217 3617 5290; x_wconf 90' lang='lat' dir='ltr'>quandoqui-</span> 
     </span>
    </p>
   </div>
   <div class='ocr_carea' id='block_1_116' title="bbox 1954 5298 3617 5379">
    <p class='ocr_par' dir='ltr' id='par_1_116' title="bbox 1954 5298 3617 5379">
     <span class='ocr_line' id='line_1_117' title="bbox 1954 5298 3617 5379; baseline 0.006 -26"><span class='ocrx_word' id='word_1_887' title='bbox 1954 5298 2094 5355; x_wconf 90' lang='lat' dir='ltr'>dem</span> <span class='ocrx_word' id='word_1_888' title='bbox 2119 5301 2346 5359; x_wconf 87' lang='lat' dir='ltr'>Christo</span> <span class='ocrx_word' id='word_1_889' title='bbox 2394 5305 2685 5362; x_wconf 90' lang='lat' dir='ltr'>moriente</span> <span class='ocrx_word' id='word_1_890' title='bbox 2715 5323 2824 5379; x_wconf 89' lang='lat' dir='ltr'>pro</span> <span class='ocrx_word' id='word_1_891' title='bbox 2875 5305 3056 5363; x_wconf 90' lang='lat' dir='ltr'>nobis</span> <span class='ocrx_word' id='word_1_892' title='bbox 3079 5306 3194 5363; x_wconf 88' lang='lat' dir='ltr'>tale</span> <span class='ocrx_word' id='word_1_893' title='bbox 3235 5308 3364 5378; x_wconf 91' lang='lat' dir='ltr'>jam</span> <span class='ocrx_word' id='word_1_894' title='bbox 3393 5305 3617 5378; x_wconf 88' lang='lat' dir='ltr'>pignus</span> 
     </span>
    </p>
   </div>
   <div class='ocr_carea' id='block_1_117' title="bbox 1960 5391 3618 5468">
    <p class='ocr_par' dir='ltr' id='par_1_117' title="bbox 1960 5391 3618 5468">
     <span class='ocr_line' id='line_1_118' title="bbox 1960 5391 3618 5468; baseline 0.007 -24"><span class='ocrx_word' id='word_1_895' title='bbox 1960 5391 2304 5463; x_wconf 88' lang='lat' dir='ltr'>accepimus</span> <span class='ocrx_word' id='word_1_896' title='bbox 2331 5410 2342 5460; x_wconf 91' lang='lat'>;</span> <span class='ocrx_word' id='word_1_897' title='bbox 2403 5394 2600 5466; x_wconf 90' lang='lat' dir='ltr'>qualis</span> <span class='ocrx_word' id='word_1_898' title='bbox 2631 5395 2740 5452; x_wconf 91' lang='lat' dir='ltr'>erit</span> <span class='ocrx_word' id='word_1_899' title='bbox 2773 5395 3016 5468; x_wconf 90' lang='lat' dir='ltr'>spiritus</span> <span class='ocrx_word' id='word_1_900' title='bbox 3043 5395 3328 5468; x_wconf 89' lang='lat' dir='ltr'>hominis,</span> <span class='ocrx_word' id='word_1_901' title='bbox 3380 5394 3618 5455; x_wconf 90' lang='lat' dir='ltr'>nullum</span> 
     </span>
    </p>
   </div>
   <div class='ocr_carea' id='block_1_118' title="bbox 1955 5480 3618 5558">
    <p class='ocr_par' dir='ltr' id='par_1_118' title="bbox 1955 5480 3618 5558">
     <span class='ocr_line' id='line_1_119' title="bbox 1955 5480 3618 5558; baseline 0.006 -25"><span class='ocrx_word' id='word_1_902' title='bbox 1955 5480 2205 5536; x_wconf 91' lang='lat' dir='ltr'>omnino</span> <span class='ocrx_word' id='word_1_903' title='bbox 2231 5483 2466 5539; x_wconf 86' lang='lat' dir='ltr'>habens</span> <span class='ocrx_word' id='word_1_904' title='bbox 2497 5485 2724 5554; x_wconf 83' lang='lat' dir='ltr'>vitium,</span> <span class='ocrx_word' id='word_1_905' title='bbox 2767 5502 2877 5543; x_wconf 90' lang='lat' dir='ltr'>nec</span> <span class='ocrx_word' id='word_1_906' title='bbox 2909 5487 3025 5542; x_wconf 91' lang='lat' dir='ltr'>sub</span> <span class='ocrx_word' id='word_1_907' title='bbox 3056 5502 3179 5558; x_wconf 90' lang='lat' dir='ltr'>quo</span> <span class='ocrx_word' id='word_1_908' title='bbox 3204 5485 3447 5557; x_wconf 91' lang='lat' dir='ltr'>jacebit,</span> <span class='ocrx_word' id='word_1_909' title='bbox 3505 5502 3618 5543; x_wconf 90' lang='lat' dir='ltr'>nec</span> 
     </span>
    </p>
   </div>
   <div class='ocr_carea' id='block_1_119' title="bbox 1961 5569 3617 5649">
    <p class='ocr_par' dir='ltr' id='par_1_119' title="bbox 1961 5569 3617 5649">
     <span class='ocr_line' id='line_1_120' title="bbox 1961 5569 3617 5649; baseline 0.004 -26"><span class='ocrx_word' id='word_1_910' title='bbox 1961 5569 2058 5624; x_wconf 87' lang='lat' dir='ltr'>cui</span> <span class='ocrx_word' id='word_1_911' title='bbox 2087 5570 2278 5639; x_wconf 87' lang='lat' dir='ltr'>cedat,</span> <span class='ocrx_word' id='word_1_912' title='bbox 2307 5589 2416 5628; x_wconf 90' lang='lat' dir='ltr'>nec</span> <span class='ocrx_word' id='word_1_913' title='bbox 2440 5581 2649 5632; x_wconf 89' lang='lat' dir='ltr'>contra</span> <span class='ocrx_word' id='word_1_914' title='bbox 2677 5577 2844 5649; x_wconf 91' lang='lat' dir='ltr'>quod</span> <span class='ocrx_word' id='word_1_915' title='bbox 2869 5575 3081 5631; x_wconf 87' lang='lat' dir='ltr'>saltem</span> <span class='ocrx_word' id='word_1_916' title='bbox 3119 5575 3497 5632; x_wconf 90' lang='lat' dir='ltr'>laudabiliter</span> <span class='ocrx_word' id='word_1_917' title='bbox 3531 5575 3617 5630; x_wconf 88' lang='lat' dir='ltr'>di-</span> 
     </span>
    </p>
   </div>
   <div class='ocr_carea' id='block_1_120' title="bbox 1965 5659 3620 5746">
    <p class='ocr_par' dir='ltr' id='par_1_120' title="bbox 1965 5659 3620 5746">
     <span class='ocr_line' id='line_1_121' title="bbox 1965 5659 3620 5746; baseline 0.004 -28"><span class='ocrx_word' id='word_1_918' title='bbox 1965 5659 2165 5732; x_wconf 88' lang='lat' dir='ltr'>micet,</span> <span class='ocrx_word' id='word_1_919' title='bbox 2189 5663 2487 5735; x_wconf 88' lang='lat' dir='ltr'>pacatissa</span> <span class='ocrx_word' id='word_1_920' title='bbox 2511 5665 2720 5724; x_wconf 89' lang='lat' dir='ltr'>virtute</span> <span class='ocrx_word' id='word_1_921' title='bbox 2747 5665 3046 5746; x_wconf 88' lang='lat' dir='ltr'>perfectus</span> <span class='ocrx_word' id='word_1_922' title='bbox 3072 5663 3100 5719; x_wconf 83' lang='lat'><strong>?</strong></span> <span class='ocrx_word' id='word_1_923' title='bbox 3131 5667 3348 5722; x_wconf 83' lang='lat' dir='ltr'>Rerum</span> <span class='ocrx_word' id='word_1_924' title='bbox 3378 5663 3462 5722; x_wconf 89' lang='lat' dir='ltr'>ibi</span> <span class='ocrx_word' id='word_1_925' title='bbox 3490 5673 3620 5725; x_wconf 79' lang='lat' dir='ltr'>om‘</span> 
     </span>
    </p>
   </div>
  </div>
