4160 6186
559 230 687 289 1331

1654 225 1708 280 S.
1755 220 2129 280 PRUDENTII
2166 216 2542 277 TRECENSIS
2580 214 2900 273 EPISCOPI

555 355 726 413 nium
748 351 996 424 quanta,
1018 365 1206 422 quam
1237 349 1740 422 speciosa,quam
1756 353 1916 406 certa
1937 346 2206 417 scientia,
2236 346 2283 400 Α
2329 341 2620 398 mutanda
2648 341 2742 396 vel
2774 338 3116 407 transitura,
3140 335 3246 392 sed
3275 333 3489 392 eadem
3510 349 3662 424 quas
3693 336 3988 424 tempora-

561 443 690 500 sine
719 454 917 497 errore
941 438 1168 512 aliquo,
1194 438 1288 496 vel
1310 437 1539 508 labore,
1559 438 1664 496 ubi
1696 439 1794 495 Dei
1825 438 2117 511 sapientia
2136 435 2212 492 de

558 531 692 604 ipso
717 545 828 585 suo
859 529 1018 585 fonte
1037 527 1344 602 potabitur
1367 544 1506 584 cum
1525 543 1768 585 summa
1797 527 2071 584 felicitate
2084 525 2211 584 sine

558 620 685 678 ulla
713 618 1060 677 difﬁcultate
1088 620 1116 676 ?
1146 618 1330 686 Quale
1359 618 1469 675 erit
1523 635 1763 691 corpus,
1813 617 1981 692 quod
2027 614 2216 673 omni-

562 709 750 767 modo
775 707 1006 781 spiritui
1027 707 1358 774 subditum,
1380 711 1437 765 et
1453 723 1578 780 quo
1601 708 1726 778 [al.,
1747 708 1841 778 eo)
1858 706 2219 762 sufﬁcienter

563 797 934 856 viviﬁcatum
973 797 1150 854 nullis
1180 796 1479 853 alimoniis
1508 794 1840 866 indigebit?
1900 799 2025 852 Non
2056 795 2216 852 enim

568 887 848 956 animale,
881 887 987 944 sed
1009 886 1268 960 spiritale
1294 887 1424 953 erit,
1447 887 1680 943 habens
1724 887 1970 960 quidem
1998 885 2216 952 carnis,

568 977 674 1033 sed
696 977 823 1032 sine
843 976 965 1032 ulla
985 975 1209 1032 carnali
1233 975 1612 1052 corruptione
1643 971 2086 1046 substantiam.]

639 1070 682 1138 ’ί-
713 1066 876 1123 Idem
921 1067 981 1122 in
1011 1066 1260 1122 homilia
1288 1066 1536 1122 Paschas
1593 1067 1801 1133 (Serm.
1838 1065 1918 1135 18)
1974 1082 1986 1120 :
2020 1063 2218 1136 [Audi,

570 1156 862 1229 imperite,
925 1158 1132 1212 contra
1181 1155 1561 1227 quotidianae
1615 1154 1940 1210 lectionum
2021 1169 2221 1219 voces,

573 1246 771 1315 surde,
800 1245 944 1302 audi
965 1245 1274 1317 quomodo
1297 1245 1448 1300 redit
1477 1244 1554 1300 ad
1586 1260 1804 1315 corpus
1826 1242 2094 1316 quidem,
2120 1242 2224 1298 sed

571 1350 696 1391 non
725 1335 933 1390 mortis
962 1334 1143 1404 hujus
1169 1351 1181 1390 :
1213 1349 1335 1389 non
1367 1334 1509 1406 quia
1532 1333 1690 1390 aliud
1720 1333 1825 1388 erit
1854 1349 2096 1408 corpus,
2121 1331 2225 1386 sed

572 1424 718 1500 quia
743 1429 973 1494 oportet
1003 1424 1394 1492 corruptibile
1427 1423 1536 1478 hoc
1559 1423 1806 1478 induere
1828 1422 2226 1490 incorruptio—

572 1527 707 1569 nem
756 1518 810 1569 et
865 1512 1121 1566 mortale
1170 1511 1279 1566 hoc
1323 1510 1572 1565 induere
1617 1511 2129 1564 immortalitatem
2181 1509 2234 1582 (Ι

576 1601 716 1656 Cor.
737 1616 837 1666 xv,
871 1603 981 1663 52).
1006 1600 1236 1653 Fratres
1267 1597 1405 1663 mei,
1444 1597 1689 1668 quando
1715 1597 1952 1652 dicebat
1984 1601 2231 1670 Aposto-

2323 428 2455 485 liter
2484 433 2722 484 mortua
2752 428 3008 497 fuerant,
3033 430 3392 491 surrectura,
3415 427 3481 480 ut
3503 423 3566 479 in
3588 423 3826 481 eisdem
3848 427 3988 483 reci-

2323 517 2672 591 piantquod
2702 522 3026 576 merentur.
3053 516 3200 572 Hinc
3227 515 3407 571 etiam
3457 511 3551 571 vel
3584 513 3866 571 maxime
3895 520 3988 573 tua

2324 609 2698 682 impudentia
2728 607 3217 682 deprehenditur,
3277 602 3444 677 quod
3500 603 3989 662 immutationem

2325 699 2627 755 damnatis
2657 697 2970 765 attribuas,
3010 713 3198 770 quam
3231 694 3374 750 solis
3407 692 3633 750 sanctis
3663 694 3988 766 Apostolus

2327 788 2755 861 compromittit
2783 787 2989 844 dicens
3026 804 3038 841 :
3075 787 3286 842 Omnes
3316 784 3552 856 quidem
3586 797 3987 854 resurgemus,

2329 878 2428 934 sed
2465 893 2584 933 non
2616 893 2814 933 omnes
2862 875 3316 932 immutabimur
3359 873 3414 943 (Ι
3458 874 3596 930 Cor.
3654 889 3759 941 xv,
3790 875 3903 944 5i).
3938 877 3992 929 Et

2329 967 2470 1024 item
2503 986 2516 1023 :
2549 969 2777 1023 Mortui
2804 973 3118 1036 resurgant
3149 965 3508 1033 incorrupti.
3532 964 3611 1018 Et
3645 979 3757 1019 nos
3787 965 3995 1019 immu-

2333 1057 2594 1112 tabimur
2620 1057 2814 1126 (Ibid,
2851 1056 2958 1128 5'2).
2991 1059 3102 1110 Nec
3132 1054 3353 1108 mirum
3385 1053 3434 1107 si
3464 1056 3674 1108 contra
3705 1069 3994 1125 sequaces

2333 1143 2673 1218 apostolicus
2697 1144 2983 1200 doctrinae
3031 1148 3087 1198 et
3115 1141 3256 1198 ﬁdei
3284 1140 3608 1212 impudens
3649 1141 3992 1213 obstrepas,

2333 1234 2437 1306 qui
2470 1238 2676 1289 contra
2707 1231 3098 1306 apostolicam
3131 1230 3561 1288 sublimitatem
3588 1245 3766 1285 ausus
3803 1246 3870 1284 es
3890 1229 3998 1285 ob.

2337 1322 2604 1392 gannire.
2641 1324 2840 1393 Neque
2861 1337 2895 1376 a
2929 1319 3236 1392 superiore
3253 1319 3412 1388 igne,
3435 1323 3500 1373 ut
3526 1317 3760 1385 deliras,
3777 1318 3999 1390 impio-

2337 1428 2474 1466 rum
2496 1426 2748 1483 corpora
2769 1410 3088 1482 patientur,
3119 1409 3222 1463 sed
3240 1410 3303 1462 in
3335 1423 3398 1464 eo
3425 1408 3566 1478 igne
3593 1407 3995 1463 incommuta-

2339 1500 2534 1555 biliter
2579 1498 2896 1567 ardebunt,
2942 1501 3048 1569 qui
3090 1502 3478 1566 praeparatus
3512 1502 3599 1552 est
3648 1495 3892 1551 diabolo
3946 1503 3996 1552 et

2342 1591 2570 1660 angelis
2601 1589 2984 1661 ejus(Matth.
3019 1605 3148 1656 xxv,
3181 1589 3294 1658 41).
3330 1587 3474 1642 Hinc
3531 1587 3910 1656 Augustinus
3943 1587 3998 1641 in

573 1687 689 1757 lus,
723 1687 1113 1757 corruptibile
1153 1686 1282 1748 hoc,
1324 1687 1582 1742 mortale
1611 1686 1741 1749 hoc,
1773 1686 2230 1762 quodammodo
2261 1703 2304 1758 Β
2340 1678 2494 1734 libro
2524 1695 2622 1734 XXI
2654 1678 2727 1733 de
2758 1677 3001 1734 Civitate
3036 1676 3132 1731 Dei
3164 1677 3320 1747 (cap.
3354 1679 3430 1742 4).
3494 1675 3673 1744 [Quid
3735 1675 3938 1730 adhuc
3965 1693 3996 1729 a

576 1792 819 1834 carnem
844 1791 1019 1831 suam
1046 1791 1193 1830 voce
1219 1774 1522 1844 tangebat,
1555 1790 1680 1830 non
1708 1790 1850 1844 ergo
1874 1775 2055 1830 aliud.
2081 1779 2232 1833 Non.

574 1864 788 1937 inquit,
821 1879 984 1939 pono
1015 1879 1235 1935 corpus
1283 1867 1586 1919 terrenum
1641 1868 1698 1920 et
1729 1865 1958 1936 accipio
2015 1881 2233 1937 corpus

577 1969 843 2021 aereum,
877 1956 981 2008 aut
1012 1951 1240 2024 accipio
1263 1968 1479 2022 corpus
1497 1953 1840 2019 tethereum,
1864 1955 2058 2023 ipsum
2081 1953 2232 2010 acci-

577 2043 699 2118 pio,
725 2041 830 2099 sed
846 2042 976 2114 jam
1007 2057 1127 2098 non
1164 2044 1376 2098 mortis
1404 2042 1605 2116 hujus,
1652 2044 1795 2114 quia
1827 2049 2058 2112 oportet
2102 2060 2230 2099 cor-

551 2133 883 2204 .ruptibile,
905 2147 1027 2188 non
1047 2130 1354 2200 aliud,sed
1383 2132 1512 2200 hoc,
1533 2133 1784 2190 induere
1826 2134 2229 2204 incorruptio-

578 2237 734 2288 nem,
763 2225 820 2278 et
840 2221 1112 2290 mortale,
1145 2236 1269 2278 non
1300 2220 1485 2287 aliud,
1526 2221 1632 2278 sed
1668 2222 1797 2286 hoc,
1847 2223 2097 2279 induere
2125 2223 2232 2279 im-

576 2309 1056 2381 mortalitatem]
1909 2369 1912 2372 ,

647 2400 690 2470 -ι-
721 2398 1005 2456 Omnium
1050 2398 1253 2474 itaque
1287 2396 1765 2454 orthodoxorum
1803 2398 1916 2457 ista
1972 2414 2232 2454 resurre-

577 2486 790 2545 ctionis
823 2503 1148 2560 corporum
1177 2486 1588 2544 humanorum
1632 2504 1881 2545 concors
1940 2489 2236 2545 sententia

577 2579 684 2643 est,
708 2579 774 2632 ut
792 2575 854 2632 in
883 2593 1047 2644 vera,
1088 2579 1211 2631 imo
1267 2575 1482 2632 eadem
1541 2591 1720 2634 carne
1768 2593 1890 2654 qua
1941 2577 2236 2634 dissoluta

577 2669 736 2728 sunt,
761 2668 940 2736 atque
965 2664 1025 2720 in
1044 2663 1426 2736 putredinem
1447 2665 1876 2739 pulveremque
1891 2667 2153 2736 redacta,
2175 2667 2238 2722 in

577 2751 804 2810 eisdem
832 2751 1096 2820 ossibus,
1121 2752 1181 2807 in
1198 2750 1425 2808 eisdem
1456 2753 1744 2810 membris
1777 2755 2128 2828 eisdemque
2154 2755 2241 2811 of.

575 2840 728 2898 ﬁciis
755 2845 1161 2898 resurrectura
1188 2839 1530 2912 credantur,
1575 2843 1780 2900 addita
1827 2844 2110 2900 omnibus
2136 2845 2245 2901 im-

577 2930 960 3004 mortalitate,
995 2930 1104 2987 sed
1131 2930 1274 2988 solis
1300 2931 1522 2988 sanctis
1553 2931 1983 3004 glorificatione
2033 2951 2243 3009 perpe-

577 3025 704 3120 tua,
719 3021 918 3096 impiis
930 3024 1430 3120 naturaetantum,
1448 3020 1583 3079 licet
1599 3022 1678 3080 ad
1706 3039 1972 3098 pmnam,
1997 3023 2241 3081 immor-
2269 3063 2309 3120 Ο

579 3111 801 3169 talitate
831 3114 1084 3168 servata.
1121 3110 1425 3184 Quidquid
1451 3112 1670 3169 etenim
1699 3112 1774 3168 de
1793 3115 2236 3184 resurgentium

580 3201 935 3276 corporibus
954 3199 1241 3258 fallaciter
1270 3202 1569 3259 autumari
1601 3206 1658 3259 et
1685 3203 2052 3260 mendaciter
2089 3204 2237 3274 ﬁngi

579 3295 836 3366 poterat,
855 3290 1391 3348 evacuavitveritas
1413 3292 1610 3348 carnis
1623 3293 1986 3362 resurgentis
2001 3293 2236 3349 Domini

580 3381 770 3436 nostri
790 3381 930 3436 Jesu
951 3379 1393 3452 Christi,.quam
1414 3380 1781 3452 palpabilem
1805 3386 1862 3438 et
1882 3382 2236 3439 mortalibus

583 3467 772 3524 oculis
785 3466 1104 3536 visibilem,
1117 3467 1491 3523 cicatricibus
1507 3484 1750 3542 quoque
1769 3471 2236 3540 coguoscibilem

581 3553 932 3629 prmbendo,
955 3553 1104 3624 quid
1123 3553 1197 3608 de
1217 3554 1506 3609 membris
1537 3557 1586 3626 ej
1599 3573 1664 3611 us
1686 3557 1846 3612 credi
1876 3558 2120 3614 deberet
2139 3576 2235 3614 os-

583 3641 791 3712 tendit,
823 3639 1098 3696 videlicet
1125 3656 1516 3713 nequaquam
1564 3643 1625 3698 in
1656 3645 1906 3701 aethereo
1936 3646 2031 3701 vel
2063 3663 2238 3704 aereo

584 3745 836 3804 corpore
865 3734 1226 3796 surrectura,
1258 3729 1364 3785 sed
1393 3730 1456 3786 in
1486 3747 1557 3788 eo
1586 3731 1648 3788 in
1705 3750 1828 3806 quo
1858 3733 2103 3792 dissolvi
2134 3753 2239 3810 po-

579 3824 819 3879 tuerant
849 3818 1547 3894 quamlibetgloriiicato.
1572 3825 1686 3879 Nec
1707 3822 1856 3880 illud
1881 3825 2082 3881 minus
2103 3842 2241 3899 pro-

581 3909 782 3968 babile
797 3909 938 3966 huic
956 3908 1268 3966 assertioni
1287 3908 1549 3980 additur,
1573 3911 1739 3984 quod
1755 3930 1902 3970 cum
1916 3914 1978 3970 in
2009 3915 2238 3986 judicio

583 4017 794 4058 omnes
815 3999 994 4058 etiam
1024 4004 1369 4072 peccatores
1397 4000 1583 4056 visuri
1607 4002 1723 4058 sint
1750 4003 2072 4060 Dominum
2114 4004 2240 4062 Sal-

582 4094 879 4159 vatorem,
926 4087 1268 4145 nullatenus
1315 4089 1378 4144 in
1407 4090 1664 4146 eethereo
1705 4107 1977 4168 corpore,
2025 4094 2130 4150 sed
2178 4094 2240 4150 in

587 4194 766 4236 carne
794 4176 930 4232 licet
956 4176 1281 4235 immortali
1311 4193 1450 4234 eum
1501 4179 1684 4234 visuri
1718 4181 2062 4253 creduntur,
2095 4199 2246 4257 quo-

583 4269 753 4326 niam
779 4267 1070 4325 Videbunt
1092 4270 1154 4323 in
1175 4283 1348 4342 quem
1378 4276 1876 4341 compunxerunt.
1929 4271 2242 4329 Cicatrices

585 4357 812 4434 quippe
840 4356 902 4412 in
932 4349 1188 4412 aethereo
1236 4371 1485 4432 corpore
1532 4356 1711 4412 nullae
1761 4363 1918 4422 sunt,
1961 4365 2064 4416 aut
2111 4377 2239 4416 esse

583 4449 864 4525 possunt,
881 4448 1061 4502 restat
1074 4459 1216 4516 ergo
1239 4448 1302 4500 ut
1313 4443 1375 4498 in
1392 4447 1638 4501 terrenae
1654 4445 2243 4525 substantiae,quam—

583 4536 728 4596 libet
741 4535 960 4593 caelesti
980 4537 1162 4606 atque
1178 4533 1612 4608 ineorruptibiii
1627 4536 2030 4608 posthac,imo
2046 4538 2250 4596 ineffa-

583 4626 717 4699 bili,
761 4625 954 4701 gloria
974 4624 1220 4690 donato,
1271 4639 1520 4698 corpore
1549 4624 1824 4682 videatur
1851 4627 1914 4684 in
1943 4644 2068 4700 quo
2099 4628 2252 4686 cica-

585 4717 761 4774 trices
791 4715 1122 4790 plagarum
1151 4713 1396 4770 videant
1421 4713 1629 4788 impii;
1661 4732 1814 4790 quas
1845 4717 2179 4790 crudeliter,
2195 4723 2253 4776 et

585 4806 966 4880 iniquissime
1019 4804 1382 4874 indixerunt,
1415 4820 1568 4878 quas
1609 4808 2041 4864 contumaciter
2069 4814 2126 4864 et
2155 4825 2249 4865 su-

585 4895 942 4970 perbissime
973 4898 1463 4968 contempserunt
1492 4895 1928 4954 acderiserunt.
1954 4897 2074 4955 Nisi
2099 4898 2247 4955 forte

590 4996 732 5037 cum
786 4985 1079 5040 Marcione
1135 4985 1391 5057 ejusque
1449 4985 1845 5058 complicibus
1887 4988 2153 5043 dicturus
2185 5004 2248 5044 es

591 5069 916 5127 Dominum
936 5077 1211 5130 nostrum
1235 5076 1438 5130 Jesum
1469 5075 1768 5132 Christum
1789 5076 2247 5134 tabernaculum

589 5158 655 5218 id
685 5161 773 5217 est
801 5174 1020 5232 corpus
1049 5176 1248 5230 suum,
1273 5164 1698 5221 ascendentem
1727 5165 1790 5220 in
1819 5163 2036 5221 coelum
2066 5164 2249 5238 depo-

591 5249 808 5318 suisse,
842 5251 901 5305 et
920 5251 1024 5303 aut
1052 5247 1180 5304 sine
1211 5265 1459 5324 corpore
1486 5253 1546 5309 in
1578 5254 1730 5310 coelo
1769 5253 2110 5320 consistere,
2145 5258 2249 5311 aut

591 5339 759 5399 aliud
789 5337 882 5396 vel
910 5337 1256 5407 aethereum,
1307 5342 1401 5396 vel
1439 5343 1849 5418 quodcunque
1897 5341 2134 5400 libuerit
2162 5360 2250 5400 re-

591 5431 944 5506 sumpsisse.
977 5431 1167 5496 Quam
1197 5428 1564 5502 impietatem
1589 5432 1720 5506 jam
1749 5431 1894 5486 olim
1933 5431 2247 5491 ecclesias-

587 5519 708 5580 tica
734 5519 926 5596 pietas
949 5535 1092 5577 cum
1123 5517 1246 5576 suis
1277 5519 1620 5576 auctoribus
1653 5518 2109 5594 pra-damnavit.

664 5612 904 5670 Certum
932 5615 1021 5670 est
1047 5610 1230 5691 igitur
1273 5609 1441 5670 nulla
1496 5614 1841 5670 sanctorum
1873 5628 2128 5686 corpora
2183 5613 2245 5670 in

556 5699 560 5702 ’
593 5702 939 5780 aetherem,
959 5702 1128 5772 nulla
1142 5703 1542 5784 reproborum
1557 5703 1620 5765 in
1632 5719 1874 5764 aeream
1887 5703 2238 5797 qualitatem

2339 1767 2516 1824 nobis
2545 1784 2743 1822 rerum
2775 1771 3102 1839 poscuntur
3131 1765 3406 1838 exempla
3425 1764 3650 1837 quibus
3672 1763 3995 1821 doceamus

2339 1873 2462 1912 non
2492 1872 2626 1912 esse
2651 1855 2995 1912 incredibile
3028 1861 3091 1910 ut
3119 1854 3432 1911 hominum
3465 1869 3730 1926 corpora
3790 1855 3994 1926 sempi-

2338 1951 2508 2003 terno
2553 1946 2845 2019 supplicio
2892 1946 3240 2019 punitorum
3289 1949 3345 2000 et
3375 1944 3510 2014 igne
3549 1944 3829 2000 animam
3883 1960 3992 2000 non

2341 2037 2614 2093 amittant
2645 2035 2847 2093 etsiue
2868 2035 3224 2090 detrimento
3252 2033 3489 2100 adeant,
3521 2038 3580 2088 et
3603 2033 3738 2088 sine
3769 2034 3994 2089 interitu

2341 2125 2600 2185 doleant.
2636 2123 2890 2180 Habebit
2914 2125 3074 2183 enim
3101 2130 3244 2180 tunc
3276 2123 3388 2178 ista
3415 2123 3615 2181 carnis
3661 2122 3990 2182 substantia

2341 2215 2692 2288 qualitatem
2723 2213 2802 2270 ab
2822 2213 2922 2270 illo
2952 2213 3228 2282 inditam,
3261 2212 3365 2285 qui
3408 2216 3534 2267 tam
3573 2212 3768 2272 miras
3820 2219 3877 2268 et
3903 2228 3990 2269 var

2341 2305 2458 2361 rias
2491 2308 2575 2361 tot
2608 2302 2790 2360 rebus
2822 2301 3037 2358 indidit
3066 2317 3222 2373 quas
3251 2301 3550 2372 videmus,
3583 2306 3650 2358 ut
3704 2318 3833 2373 eas,
3862 2302 3994 2374 quia

2343 2394 2545 2454 multis
2577 2397 2736 2462 sunt,
2764 2407 2889 2447 non
2918 2390 3250 2462 miremur.]

2415 2486 2457 2554 ι)-
2488 2487 2551 2538 ln
2580 2481 2794 2538 eodem
2850 2480 2970 2550 (lib.
3004 2497 3120 2548 xxi,
3167 2495 3300 2553 cap.
3337 2481 3390 2551 9)
3428 2496 3440 2536 :
3473 2479 3671 2552 [Quod
3718 2480 3901 2551 igitur
3925 2481 3997 2536 de

2347 2572 2708 2644 sempiterno
2741 2568 3035 2641 supplicio
3064 2567 3492 2624 damnatorum
3525 2585 3634 2642 per
3661 2585 3829 2623 suum
3862 2585 4002 2641 pro-

2345 2661 2593 2734 phetam
2625 2662 2779 2715 Deus
2807 2658 2955 2714 dixit
2980 2657 3127 2728 ﬁeri,
3159 2658 3407 2714 omnino
3463 2657 3564 2714 ﬁet
3601 2675 3614 2712 :
3655 2659 3872 2713 Ver-mis
3911 2673 4006 2715 θοι

2348 2767 2481 2806 rum
2506 2765 2622 2807 non
2653 2749 2965 2817 morietur,
2993 2752 3049 2803 et
3078 2749 3233 2818 ignis
3265 2763 3467 2803 eorum
3512 2764 3630 2803 non
3657 2749 4001 2818 exstingue-

2353 2839 2621 2910 lur(Isa.
2677 2853 2827 2906 LXVI,
2876 2836 2990 2908 24).
3046 2836 3135 2891 Ad
3192 2837 3304 2892 hoc
3370 2836 3532 2892 enim
3587 2837 4003 2893 vehementius

2351 2927 2907 2986 commendandum
2936 2925 3116 2982 etiam
3139 2926 3425 2984 Dominus
3444 2929 3608 2981 Jesus
3649 2942 3794 2981 cum
3813 2942 4003 2982 mem-

2349 3018 2479 3086 bra,
2511 3033 2647 3090 quin
2675 3015 2984 3071 hominem
3013 3014 3437 3085 scandalizant,
3467 3031 3575 3088 pro
3605 3015 3699 3071 his
3722 3015 4000 3074 omnibus

2350 3110 2598 3181 poneret
2627 3121 2780 3178 quos
2803 3109 2866 3160 ut
2885 3120 2997 3160 sua
3025 3104 3303 3160 membra
3332 3103 3534 3161 dextra
3562 3105 3831 3177 quisque
3878 3104 3998 3160 dili-

2350 3197 2450 3267 git,
2482 3211 2672 3268 eaque
2706 3193 3057 3266 praeciperet
3100 3193 3403 3265 amputari
3433 3211 3445 3249 :
3478 3194 3720 3249 Bonum
3768 3200 3854 3250 est
3881 3194 3995 3248 tibi.

2347 3285 2559 3359 inquit,
2595 3284 2844 3340 debilem
2865 3282 3119 3338 introire
3148 3283 3211 3338 in
3252 3284 3434 3338 vitam
3487 3289 3996 3355 aternam,qnam

2347 3377 2498 3431 duas
2542 3388 2756 3430 manus
2806 3371 3119 3428 habentem
3167 3372 3328 3427 mit-3i
3375 3373 3436 3428 in
3469 3372 3813 3442 gehennam
3858 3372 3997 3441 ignis

2346 3462 2853 3533 inemstinguibitis
2903 3459 3026 3531 [al.,
3059 3461 3122 3514 in
3153 3461 3348 3530 ignem
3407 3461 3998 3532 inexstinguibilemi,

2348 3556 2450 3610 ubi
2480 3555 2691 3610 vermis
2723 3567 2923 3608 eorum
2968 3566 3088 3605 non
3125 3552 3436 3618 morietur,
3483 3557 3539 3606 et
3588 3553 3748 3620 ignis
3803 3565 3998 3606 eorum

2348 3659 2467 3700 non
2495 3643 2914 3713 exstinguetur
2937 3640 3150 3711 (Marc.
3182 3656 3260 3708 Ix,
3287 3641 3401 3712 42).
3429 3639 3710 3696 Similiter
3725 3639 3803 3696 de
3832 3639 3998 3713 pede.

2348 3734 2584 3789 Bonum
2614 3737 2698 3786 est
2730 3731 2857 3796 tibi,
2898 3729 3110 3800 inquit,
3147 3729 3431 3786 claudum
3454 3731 3709 3786 introire
3739 3732 3801 3785 in
3827 3735 4000 3786 vitam

2349 3829 2658 3891 aeternam,
2689 3836 2868 3892 quam
2909 3819 3054 3874 duos
3077 3819 3256 3888 pedes
3288 3818 3600 3876 habentem
3632 3821 3793 3875 mitti
3818 3822 3883 3874 in
3908 3833 4002 3890 ge-

2350 3914 2609 3974 hennam
2641 3912 2794 3986 ignis
2825 3907 3333 3981 inez'stinguibilis
3363 3926 3375 3968 ;
3400 3908 3503 3968 ubi
3558 3910 3772 3967 vermis
3801 3924 4000 3967 eorum

2351 4020 2471 4060 non
2502 4002 2810 4072 morietur,
2849 4004 2905 4055 et
2954 3999 3106 4068 ignis
3165 4013 3285 4052 non
3315 3999 3738 4072 exstinguetur
3784 3999 3999 4072 (Ibid).

2353 4097 2480 4152 Non
2511 4091 2678 4152 aliter
2709 4089 2790 4147 ait.
2819 4092 2874 4147 et
2896 4087 2972 4144 de
2998 4085 3172 4145 oculo
3205 4103 3218 4140 ε
3253 4087 3487 4144 Bonum
3527 4094 3610 4146 est
3636 4089 3750 4144 tibi
3779 4089 4002 4145 luscum

2351 4183 2602 4240 introire
2631 4181 2694 4236 in
2724 4193 2974 4249 regnum
3004 4177 3131 4248 Dei,
3166 4192 3344 4247 quam
3375 4177 3522 4235 duos
3548 4178 3750 4236 oculos
3787 4176 4003 4235 haben-

2355 4277 2466 4330 tem
2497 4271 2658 4330 mitti
2680 4270 2743 4325 in
2771 4267 3104 4341 gehennam
3131 4267 3284 4336 ignis
3332 4267 3862 4339 inexstinguibilis,
3911 4266 4008 4320 ubi

2357 4359 2566 4419 vermis
2591 4373 2793 4418 eorum
2841 4371 2958 4411 non
2993 4356 3301 4423 morietur,
3336 4361 3391 4416 et
3444 4357 3598 4430 ignis
3644 4372 3765 4412 non
3794 4356 4008 4416 exstiti~

2355 4452 2572 4521 guetur
2599 4444 2797 4521 (1bid.,
2829 4444 2941 4516 47).
2959 4445 3086 4500 Non
3104 4458 3243 4498 eum
3267 4441 3460 4516 piguit
3485 4460 3604 4502 uno
3635 4443 3769 4502 loco
3797 4443 4006 4502 eadem

2357 4537 2543 4596 verba
2573 4541 2658 4594 ter
2681 4533 2914 4602 dicere;
2946 4548 3130 4606 quem
3159 4547 3283 4590 non
3316 4538 3527 4594 terreat
3578 4534 3699 4594 ista
3743 4532 4007 4606 repetitio

2359 4632 2415 4684 et
2471 4626 2626 4686 illius
2675 4639 2869 4699 paenae
2925 4620 3369 4680 commendatio
3425 4623 3558 4697 [al.,
3598 4623 4007 4692 comminatio;

2359 4721 2482 4776 tam
2512 4715 2836 4774 vehemens
2883 4728 2984 4769 ore
3040 4710 3264 4766 divino.
3302 4714 3629 4788 Utrumque
3677 4717 3874 4768 autem
3905 4711 4010 4765 ho-

2358 4823 2516 4882 rum,
2546 4806 2747 4880 ignem
2781 4803 2999 4858 scilicet
3025 4805 3202 4872 atque
3235 4817 3519 4874 vermcm,
3560 4803 3668 4878 qui
3698 4801 3906 4858 volunt
3933 4799 4008 4856 ad

2359 4896 2699 4952 animarum
2732 4895 2858 4966 [al.,
2893 4892 3128 4966 animus]
3177 4907 3412 4964 ptenas,
3464 4908 3588 4948 non
3619 4892 3700 4949 ad
3744 4889 4008 4966 corporis

2356 4986 2671 5060 pertinere,
2699 4984 2905 5041 dicunt
2928 4985 3103 5040 etiam
3135 4983 3227 5041 uri
3257 4983 3464 5040 dolore
3495 4982 3683 5039 animi
3714 4982 3850 5058 [al.,
3892 4981 4007 5036 ani-

2355 5075 2670 5151 mae]sero.
2703 5077 2883 5146 atque
2912 5073 3275 5133 infructuose
3329 5073 3688 5148 pcenitentes
3738 5089 3866 5140 eos,
3912 5075 4007 5144 qui

2357 5163 2576 5220 fuerint
2599 5179 2636 5220 δ.
2663 5178 2849 5233 regno
2874 5164 2973 5219 Dei
2994 5163 3269 5236 separati,
3299 5169 3355 5218 et
3381 5163 3516 5218 ideo
3534 5162 3738 5233 ignem
3759 5178 3870 5235 pro
3902 5162 4006 5219 isto

2357 5254 2562 5312 dolore
2591 5260 2862 5311 urentem
2893 5271 3011 5311 non
3039 5255 3369 5328 incongrue
3400 5254 3543 5326 poni
3574 5254 3849 5330 potuisse
3883 5270 4006 5309 con-

2356 5345 2630 5403 tendunt.
2666 5343 2829 5399 Unde
2854 5343 2999 5398 illud
3029 5343 3293 5416 Apostoli
3323 5348 3408 5398 cst
3440 5344 3616 5412 :Quis
3639 5343 4004 5398 scandaliza-

2359 5443 2480 5504 tur,
2519 5441 2572 5492 et
2611 5450 2716 5505 ego
2769 5450 2889 5490 non
2943 5449 3091 5489 uror
3117 5438 3145 5488 ἱ)
3197 5434 3290 5504 (II
3314 5433 3450 5488 Cor.
3485 5448 3542 5493 ιι,
3578 5432 3667 5505 29)
3727 5434 4002 5488 eumdem

2355 5525 2533 5581 etiam
2562 5539 2827 5581 vermem
2884 5526 3098 5595 putant
3151 5520 3605 5591 intelligendum
3654 5537 3813 5577 esse.
3865 5525 3997 5578 Nam

2356 5615 2644 5688 scriptum
2665 5619 2769 5683 est,
2793 5614 3071 5689 inquiunt
3102 5630 3114 5669 ε
3143 5614 3308 5670 Sicut
3328 5614 3488 5668 tinea
3516 5616 3930 5668 vestimentum
3955 5616 4000 5665 et

2354 5707 2564 5764 vermis
2593 5707 2843 5777 lignum,
2866 5706 2951 5762 sic
2973 5719 3196 5762 mceror
3218 5703 3526 5764 excruciat
3546 5717 3650 5759 cor
3670 5703 4001 5774 vir-“Prov,
