4160 6186
277 163 419 222 ιω

1206 159 1295 213 DE
1349 153 2035 221 PBSDBI‘I’IHATIONB
2077 157 2353 223 CW
2389 162 2442 219 J.
2481 161 2775 226 SCOTUM-

3563 163 3700 231 tl“

273 297 417 349 xxv.
444 280 560 352 ει),
588 278 703 346 Qui
730 293 875 339 vero
902 294 1119 353 pinnas
1148 284 1207 343 et
1233 279 1421 343 animi
1448 282 1581 355 [at.,
1612 279 1856 349 animae]
1878 282 1937 343 et
1962 283 2010 343 Δ
2045 280 2216 351 ignes
2242 283 2603 363 ipsi,quibus
2619 282 3037 351 adhaerebunt,
3066 284 3702 355 eommjuncturainse

274 369 551 444 corporis
579 366 748 431 nullo
778 368 1073 441 supplicio
1093 369 1328 432 futuras
1347 386 1477 427 esse
1504 384 1629 431 non
1658 368 1939 431 dubitant

273 461 419 533 igne
447 459 539 520 uri
560 471 802 535 corpus,
835 457 1110 519 animum
1142 459 1270 531 [al.,
1303 459 1595 532 animam)
1622 462 1824 515 autem
1844 473 1937 515 ro-

278 551 343 608 di
372 547 835 624 quodammodo
860 562 1062 607 verme
1103 550 1379 607 mmroris
1412 548 1736 607 afﬁrmant.
1764 546 1938 615 Quod

282 645 342 702 et
359 639 410 697 si
430 636 774 699 credibilius
798 636 1036 703 dicitur,
1058 638 1201 711 quia
1229 639 1435 712 utique
1463 637 1797 697 absurdum
1827 640 1935 705 est,

280 729 367 789 ibi
391 727 664 787 dolorem
719 730 826 785 aut
855 726 1123 799 corporis
1148 731 1253 785 aut
1283 726 1470 786 animi
1512 728 1641 797 [al.,
1692 725 1935 790 anime

278 817 669 881 defuturum:
720 831 834 886 ego
860 820 1063 873 tamen
1093 816 1327 877 facilius
1356 821 1446 873 est
1476 817 1607 887 [al.,
1641 813 1937 885 existimo]

280 912 348 967 ut
376 905 458 965 ad
509 920 731 978 corpus
778 904 978 965 dicam
1037 908 1358 978 utrumque
1413 905 1704 976 pertinere
1751 918 1938 976 quam

279 1000 599 1063 neutrum;
632 998 690 1052 et
718 994 855 1050 ideo
886 994 1129 1053 tacitum
1149 995 1209 1053 in
1231 995 1344 1057 illis
1376 995 1594 1051 divinae
1627 993 1938 1066 Scripturai

279 1087 481 1145 verbis
508 1085 695 1143 animi
723 1084 1014 1151 dolorem,
1050 1086 1344 1157 quoniam
1373 1100 1749 1156 consequens
1801 1098 1935 1141 esse

280 1176 651 1247 intelligitur,
683 1174 919 1231 etiamsi
947 1190 1071 1232 non
1101 1174 1353 1245 dicatur,
1388 1179 1450 1231 ut
1474 1190 1722 1247 corpore
1738 1173 1821 1231 sic
1836 1172 1937 1229 do-

280 1267 458 1335 lente,
483 1266 723 1324 animus
752 1280 997 1338 quoque
1027 1265 1207 1324 sterili
1247 1264 1595 1339 poenitentia
1623 1262 1933 1321 crucietur.

284 1357 526 1426 Degitur
549 1355 775 1428 quippe
805 1358 860 1410 ct
889 1353 952 1413 in
980 1354 1281 1413 veteribus
1309 1353 1655 1425 Scripturis:
1700 1352 1935 1409 Vindic-

284 1452 348 1503 ta
376 1447 580 1503 camis
607 1444 776 1513 impii
801 1444 958 1514 ignis
997 1447 1050 1500 et
1078 1444 1290 1500 vermis
1320 1444 1532 1515 (Eccli.
1560 1457 1659 1511 vu,
1698 1442 1801 1512 19).
1836 1443 1937 1496 Po-

287 1535 397 1592 tuit
422 1533 666 1593 brevius
694 1531 833 1600 dici,
879 1532 1157 1591 Vindicta
1181 1534 1370 1602 impii,
1405 1548 1509 1589 cur
1538 1546 1680 1601 ergo
1710 1530 1936 1591 dictum

2044 371 2333 447 pirentur,
2369 378 2428 431 et
2454 372 2744 435 animalia
2765 372 2933 443 fiant,
2951 390 3090 446 quae
3113 376 3387 440 constent
3413 372 3627 447 spiritu
3645 378 3704 437 et

2046 477 2324 535 corpore;
2353 463 2479 534 sed,
2514 466 2579 521 ut
2606 462 2750 530 dixi,
2782 461 2951 525 miris
2983 466 3042 521 et
3069 460 3472 525 ineffabilibus
3500 461 3701 529 modi!

2045 550 2433 621 adhaerendo,
2467 551 2830 624 accipientes
2884 566 2959 609 ex
3002 550 3248 623 ignibus
3277 566 3546 625 pinnam,
3577 566 3703 615 non

2045 640 2258 697 dantes
2282 642 2527 712 ignibus
2547 640 2915 708 vitam.Quia
2938 644 2994 698 et
3022 645 3130 698 iste
3161 641 3313 699 alius
3333 640 3703 716 modus,quo

2047 730 2402 802 corporibus
2432 731 2742 789 adhaerent
2786 730 3047 804 spiritus,
3103 733 3161 788 et
3212 729 3498 787 animalia
3526 729 3700 800 ﬁunt,

2046 819 2295 885 omnino
2317 819 2506 879 mirus
2526 825 2635 891 est,
2653 836 2763 881 nec
2790 819 3313 893 comprehendiab
3332 819 3577 883 homine
3591 835 3702 894 po-

2046 911 2176 976 test,
2198 909 2380 967 ethoc
2397 910 2525 983 ipse
2550 910 2734 967 homo
2749 909 3133 967 est.Dicerem
3147 909 3415 985 quidem:
3435 911 3520 968 sic
3539 924 3704 969 arsu-

2046 1014 2147 1054 ros
2166 999 2292 1057 sine
2305 998 2425 1056 ullo
2439 1016 2549 1057 suo
2566 1015 2814 1072 corpore
2832 999 3256 1072 spiritus,sicut
3272 999 3525 1059 ardebat
3536 999 3704 1073 apud

2045 1086 2267 1143 inferos
2285 1087 2381 1143 ille
2412 1088 2604 1151 dives,
2630 1087 2880 1162 quando
2894 1086 3170 1145 dicebat:
3212 1087 3468 1151 Crucior
3492 1088 3554 1149 in
3588 1088 3703 1147 hac

2043 1177 2290 1245 ﬂamma
2305 1177 2468 1248 (Luc.
2488 1193 2607 1247 xvi.
2626 1179 2712 1243 24)
2731 1194 2745 1245 ;
2782 1174 2893 1232 nisi
2910 1175 3328 1235 convenienter
3351 1175 3704 1249 responderi

2046 1280 2373 1327 cernerem.
2434 1264 2612 1323 talem
2664 1264 2846 1322 fuisse
2895 1265 3063 1325 illam
3106 1266 3443 1334 ﬂammam,
3490 1264 3702 1339 quales

2044 1353 2203 1411 oculi
2232 1370 2388 1425 quos
2418 1353 2653 1425 levavit,
2685 1358 2742 1411 et
2766 1354 3110 1413 Eleazarum
3131 1354 3261 1425 [al.,
3288 1355 3600 1426 Lazarum]
3620 1354 3702 1414 vi-~

2045 1441 2152 1509 dit,
2177 1442 2376 1513 qualis
2406 1442 2635 1514 lingua,
2668 1442 2765 1505 cui
2808 1443 3129 1501 humorem
3155 1442 3443 1513 exiguum
3471 1442 3703 1503 deside»

2042 1529 2194 1591 ravit
2210 1528 2467 1598 infundi,
2497 1529 2693 1602 qualis
2718 1529 2940 1599 digitus
2956 1529 3216 1593 Eleazari
3244 1530 3321 1587 de
3344 1547 3469 1603 quo
3492 1531 3557 1587 id
3586 1530 3704 1597 sibi

282 1626 374 1679 est
402 1622 605 1678 carnis
634 1621 824 1691 impii,
877 1620 992 1677 nisi
1042 1621 1205 1693 quia,
1260 1627 1606 1692 utrumque,
1654 1618 1716 1677 id
1763 1621 1853 1679 est
1880 1620 1935 1673 et
1966 1637 2010 1695 η
2044 1619 2172 1677 ﬁeri
2201 1618 2560 1693 postulavit;
2594 1618 2698 1677 ubi
2728 1622 2930 1679 tamen
2977 1622 3149 1681 erant
3177 1618 3304 1677 sine
3348 1619 3702 1692 corporibus

282 1710 440 1780 ignis
468 1715 526 1767 et
547 1709 790 1777 vermis,
813 1725 996 1782 prena
1011 1709 1119 1766 erit
1141 1710 1336 1768 carnis
1355 1711 1383 1766 ‘i
1399 1714 1511 1766 Aut
1536 1708 1585 1764 si
1609 1707 1937 1767 vindictam

284 1799 484 1857 carnis
512 1803 829 1872 propterea
854 1798 1051 1856 dicere
1079 1798 1265 1855 voluit
1284 1800 1428 1871 quia
1447 1799 1562 1855 hoc
1601 1797 1662 1855 in
1692 1795 1937 1856 homine

281 1888 704 1955 vindicabitur,
757 1887 925 1960 quod
996 1887 1330 1947 secundum
1377 1902 1621 1947 carnem
1691 1883 1934 1945 vixerit:

280 1982 527 2051 propter
555 1977 669 2033 hoc
700 1977 862 2035 enim
911 1976 1109 2035 veniet
1158 1976 1220 2032 in
1267 1981 1521 2033 mortem
1580 1973 1934 2039 secundam,

282 2084 476 2141 quam
507 2065 873 2137 signiﬁcavit
899 2066 1222 2139 Apostolus
1266 2066 1499 2124 dicens:
1532 2066 1603 2122 Si
1649 2065 1802 2123 enim
1853 2078 1937 2120 sc-

284 2157 553 2215 cundum
581 2172 821 2215 carnem
867 2157 1158 2222 vixeritis,
1186 2156 1522 2213 moriemini
1549 2155 1737 2226 (Rom.
1789 2153 1934 2223 vin);

284 2245 469 2315 eligat
495 2245 755 2318 quisque
796 2244 963 2318 quod
1009 2245 1223 2319 placet,
1278 2249 1382 2302 aut
1423 2244 1626 2315 ignem
1678 2242 1936 2303 tribuere

286 2334 545 2408 corpori,
577 2334 780 2391 animo
809 2350 1114 2393 vermem:
1148 2335 1265 2392 hoc
1314 2334 1575 2407 proprie,
1607 2331 1757 2389 illud
1812 2346 1938 2389 non

284 2423 528 2496 proprie
558 2421 685 2496 [al.,
719 2423 1118 2496 tropice,del.,
1140 2424 1307 2495 non];
1334 2428 1436 2480 aut
1460 2426 1782 2496 utrumque
1796 2434 1938 2493 proq

283 2512 413 2584 prie
460 2510 715 2584 corpori.
743 2513 877 2569 iam
906 2511 1051 2569 satis
1107 2511 1379 2584 superius
1411 2508 1710 2583 disputavi
1754 2524 1938 2582 posse

282 2601 570 2659 animalia
597 2602 779 2659 etiam
808 2602 870 2659 in
899 2601 1142 2673 ignibus
1188 2602 1385 2659 vivere
1433 2601 1496 2659 in
1540 2599 1777 2658 ustione
1806 2598 1937 2657 sine

284 2691 768 2763 consumptione,
797 2689 859 2747 in
886 2690 1093 2748 dolore
1124 2690 1255 2748 sine
1282 2694 1498 2760 morte,
1528 2705 1637 2763 per
1674 2688 1936 2748 miracu-

285 2776 415 2834 lum
444 2778 1007 2851 omnipotentissimi
1027 2778 1359 2849 creatoris.)

353 2869 476 2939 +Et
498 2868 680 2941 paulo
700 2872 837 2942 post
867 2868 1087 2940 (Issa).
1111 2868 1320 2939 [Eligat
1349 2882 1492 2937 ergo
1521 2880 1715 2924 unum
1732 2882 1765 2925 e
1789 2865 1940 2923 duce

282 2957 403 3015 bus
421 2957 680 3030 quisque
694 2957 860 3029 quod
878 2957 1095 3030 placet,
1118 2960 1319 3015 utrum
1341 2959 1674 3013 etvermem
1697 2955 1775 3014 ad
1814 2970 1940 3013 cor-

283 3062 403 3120 pus
424 3046 663 3119 proprie
679 3061 757 3103 an
773 3046 852 3104 ad
871 3043 1453 3115 animam,translato
1469 3060 1505 3102 a
1526 3044 1938 3117 corporalibus

285 3135 365 3191 ad
388 3135 788 3209 incorporalia
819 3132 1439 3201 vocabulo,existimet
1476 3133 1793 3206 pertinere,
1825 3136 1933 3192 etc.

282 3227 441 3280 Dum
469 3228 675 3280 tamen
702 3224 869 3280 nullo
898 3223 1085 3280 modo
1110 3222 1211 3281 illa
1263 3236 1515 3295 corpora
1549 3221 1690 3279 talia
1742 3222 1940 3281 futura

282 3327 420 3368 esse
444 3311 857 3378 credamus,ut
876 3310 1057 3367 nullis
1072 3310 1150 3367 ab
1177 3310 1317 3381 igne
1341 3310 1679 3368 afﬁciantur
1718 3309 1938 3370 dolori.-

279 3400 399 3457 hus
429 3399 814 3472 (cap.10).llic
844 3399 1102 3457 occurrit
1128 3415 1398 3471 quaerere
1428 3399 1478 3456 si
1501 3414 1626 3458 non
1656 3399 1940 3469 eritignis

280 3487 676 3561 incorporalis
706 3487 939 3559 noxius,
962 3488 1114 3544 sicut
1142 3490 1231 3544 est
1250 3487 1437 3547 animi
1465 3487 1659 3557 dolor,
1682 3488 1787 3545 sed
1809 3504 1938 3547 cor-

280 3577 526 3653 poralis,
554 3582 715 3634 tactu
730 3578 1037 3646 noxius,ut
1058 3593 1131 3634 eo
1150 3577 1385 3650 possint
1400 3594 1656 3651 corpora
1666 3578 1938 3647 cruciari;

280 3667 594 3741 quomodo
623 3666 687 3725 in
717 3683 790 3724 eo
818 3667 929 3724 erit
954 3667 1133 3724 etiam
1186 3681 1368 3739 pcena
1424 3668 1744 3740 spirituum
1774 3666 1941 3729 mali-

281 3772 541 3828 gnorum
559 3758 587 3814 ?
621 3756 788 3814 Idem
826 3755 1053 3829 quippe
1080 3754 1237 3827 ignis
1263 3755 1371 3815 erit
1400 3755 1699 3829 supplicio
1723 3755 1943 3826 scilicet

279 3845 598 3903 hominum
628 3845 924 3903 attributis
949 3849 1006 3901 et
1034 3844 1645 3913 daemonum,dicente
1665 3844 1900 3905 Christo
1925 3861 1937 3901 :

281 3936 578 3992 Discedite
607 3950 643 3992 α
670 3950 782 4002 me,
805 3935 1130 4002 maledicti,
1163 3936 1228 3991 in
1261 3936 1461 4005 ignem
1490 3943 1803 3999 aeternum,
1837 3933 1944 4004 qui

277 4029 534 4095 paratus
566 4029 648 4080 est
669 4025 910 4081 diabolo
938 4028 993 4081 et
1016 4024 1249 4094 angelis
1271 4022 1651 4094 ejustMatth.
1679 4022 1937 4094 xxv,~it).

279 4112 409 4170 Nisi
438 4112 584 4186 quia
609 4117 748 4169 sunt
763 4113 1045 4186 quaedam
1064 4128 1175 4179 sua
1205 4114 1385 4169 etiam
1405 4109 1791 4178 dmmonibus
1816 4125 1941 4173 cor-

278 4218 453 4277 pora,
484 4201 635 4261 sicut
691 4202 880 4259 doctis
921 4201 1271 4263 hominibus
1299 4200 1495 4261 visum
1536 4203 1646 4270 est,
1696 4215 1770 4261 ex
1824 4198 1939 4265 iste

280 4307 418 4349 acre
449 4306 655 4351 crasso
681 4295 864 4363 atque
890 4289 1164 4357 humido,
1198 4289 1374 4360 cujus
1430 4287 1731 4360 impulsus
1762 4292 1937 4353 vento

280 4382 463 4439 ﬂante
487 4381 756 4438 sentitur.
788 4380 963 4447 Quod
1014 4395 1206 4451 genus
1253 4378 1532 4436 elementi
1591 4377 1640 4434 si
1682 4378 1830 4441 nihil
1858 4378 1936 4443 ab

282 4470 421 4539 igne
444 4471 672 4545 perpeti
700 4475 928 4543 posset,
957 4486 1081 4528 non
1110 4473 1306 4527 ureret
1335 4468 1691 4527 fervefactus
1716 4468 1779 4525 in
1805 4467 1935 4529 bal~

280 4558 508 4616 neis.Ut
537 4561 696 4617 enim
718 4566 870 4628 urat,
900 4560 1063 4633 prior
1090 4559 1295 4628 uritur,
1316 4559 1575 4630 factique
1600 4557 1767 4631 quod
1782 4556 1935 4630 palis

279 4654 395 4707 tur.
430 4650 488 4707 Si
517 4654 717 4706 autem
745 4653 1072 4724 quisquam
1104 4647 1271 4706 nulla
1297 4647 1521 4705 habere
1546 4661 1801 4719 corpora
1815 4645 1935 4707 deos

279 4757 491 4799 mones
522 4745 844 4810 asseverat,
875 4756 997 4797 non
1023 4743 1110 4796 est
1138 4738 1213 4794 de
1251 4738 1365 4793 hac
1394 4753 1459 4792 re
1490 4740 1595 4793 aut
1649 4736 1934 4792 laboran-

278 4831 425 4888 dum
458 4847 719 4905 operosa
739 4829 1145 4903 inquisitione,
1190 4833 1293 4885 aut
1322 4826 1694 4883 contentiosa
1723 4825 1931 4899 dispu-

279 4920 503 4978 tatione
529 4919 905 4976 certandum.
928 4920 1047 4974 Cur
1071 4918 1233 4974 enim
1261 4933 1381 4973 non
1401 4916 1699 4986 dicamus,
1722 4931 1935 4988 quam-

279 5011 369 5066 vis
410 5009 599 5077 miris,
628 5013 832 5065 tamen
861 5007 1016 5065 veris
1048 5007 1451 5077 modis,ctiam
1473 5005 1718 5078 spiritus
1746 5006 1933 5062 incor-

277 5115 497 5173 poreos
530 5113 707 5172 posse
736 5113 921 5170 pmna
947 5096 1277 5169 corporalis
1303 5096 1461 5167 ignis
1492 5094 1697 5167 afﬂigi,
1739 5095 1787 5157 si
1813 5094 1932 5167 spi-

277 5189 427 5245 ritus
469 5186 811 5256 hominum,
836 5187 1015 5244 etiam
1045 5186 1164 5260 ipsi
1196 5184 1463 5260 proiecto
1491 5184 1849 5259 incorporei,
1878 5187 1936 5243 et

276 5294 442 5336 nunc
462 5281 792 5352 potuerunt
832 5276 1061 5336 includi
1098 5276 1516 5350 corporalibus
1539 5275 1851 5346 membris,
1878 5277 1937 5332 et

276 5372 420 5427 tunc
436 5371 721 5443 poterunt
730 5383 1055 5442 corporum
1074 5382 1323 5424 suorum
1343 5364 1591 5421 vinculis
1610 5362 1937 5422 insolubilis

276 5462 367 5515 ter
387 5457 1055 5529 alligari.Adhrercbunt
1068 5455 1288 5528 crgo,si
1304 5454 1389 5513 eis
1402 5453 1569 5517 nulla
1581 5456 1718 5510 sunt
1729 5467 1936 5527 corpo

276 5560 370 5612 ra,
393 5546 633 5619 spiritus
656 5547 1166 5615 dmmonumﬁmo
1188 5543 1426 5617 spiritus
1441 5541 1771 5609 daemones,
1802 5540 1937 5602 licet

279 5635 641 5710 incorporei,
677 5636 985 5713 corporeis
1028 5635 1275 5711 ignibus
1322 5630 1667 5699 cruciandi:
1714 5647 1839 5695 non
1868 5636 1936 5691 ut

2045 1707 2388 1769 animieSic
2410 1722 2555 1777 ergo
2583 1706 2981 1780 incorporalis
3027 1710 3086 1765 et
3129 1705 3232 1769 illa
3272 1705 3523 1771 ﬂamma
3579 1723 3705 1781 qua

2045 1797 2284 1864 exarsit,
2315 1801 2372 1854 et
2394 1796 2493 1857 illa
2515 1796 2748 1867 guttula
2775 1811 2964 1869 quam
3003 1796 3303 1868 poposcit,
3334 1795 3541 1871 qualia
3564 1802 3705 1859 sunt

2044 1886 2226 1945 etiam
2246 1886 2375 1947 visa
2394 1885 2823 1953 dormentium,
2853 1885 2979 1945 sive
2999 1884 3061 1941 in
3081 1884 3303 1945 exstasi
3332 1886 3704 1951 cernentium

2044 1991 2139 2035 res
2184 1974 2616 2049 incorporales,
2647 1974 2937 2037 habentes
2990 1978 3193 2037 tamen
3248 1973 3701 2043 similitudinem

2046 2080 2391 2137 corporum.
2424 2067 2574 2126 Nam
2616 2068 2675 2123 et
2728 2064 2862 2137 ipse
2905 2064 3093 2123 homo
3146 2077 3287 2125 eum
3318 2064 3550 2136 spiritu,
3576 2079 3703 2133 non

2046 2170 2318 2228 corpore,
2351 2154 2426 2213 sit
2453 2154 2515 2213 in
2543 2153 2764 2213 talibus
2793 2153 2961 2222 visis,
2990 2153 3073 2214 ita
3101 2169 3166 2211 se
3209 2157 3413 2217 tamen
3456 2158 3602 2215 tunc
3630 2154 3705 2215 sie

2047 2244 2248 2303 mitem
2282 2259 2395 2305 suo
2422 2243 2658 2316 corpori
2687 2243 2934 2315 videt,ut
2954 2242 3291 2305 discernere
3309 2242 3560 2305 omnino
3576 2258 3702 2305 non

2044 2333 2329 2407 possit.At
2353 2349 2496 2393 vero
2525 2333 2803 2404 gehenna
2831 2332 2953 2401 illa,
3000 2331 3170 2405 quod
3212 2332 3395 2392 etiam
3420 2336 3701 2404 stagnum

2044 2425 2203 2494 ignis
2227 2429 2280 2480 et
2310 2422 2623 2493 sulphuris
2653 2422 2881 2483 dictum
2905 2425 2996 2480 est
3023 2424 3232 2493 (Apoc.
3262 2439 3364 2493 ιι,
3392 2422 3468 2495 9),
3495 2438 3704 2496 θοίναν

2044 2528 2184 2570 reus
2207 2512 2363 2582 ignis
2392 2512 2521 2583 erit,
2552 2516 2612 2571 et
2637 2511 2926 2573 cruciabit
2954 2528 3208 2586 corpora
3247 2512 3700 2585 damnatorum,

2047 2606 2154 2658 aut
2177 2604 2235 2658 et
2253 2600 2572 2659 hominum
2602 2604 2661 2663 et
2701 2600 3077 2670 daemonum,
3137 2600 3334 2667 solida
3359 2600 3700 2669 hominum,

2047 2703 2226 2747 aerea
2248 2688 2600 2747 dtemonum
2624 2707 2639 2758 ι
2666 2692 2771 2747 aut
2796 2692 3030 2749 tantum
3080 2688 3405 2748 hominum
3451 2702 3706 2763 corpora

2047 2793 2189 2835 cum
2218 2776 2544 2851 spiritibus,
2575 2776 2885 2837 daemones
2910 2777 3387 2850 autemspiritus
3420 2777 3548 2835 sine
3576 2793 3705 2835 corr

2045 2866 2317 2939 poribus,
2350 2866 2647 2925 haerentes
2691 2866 2989 2925 sumendo
3017 2881 3289 2937 pmnam,
3318 2881 3445 2925 non
3489 2866 3705 2940 imper-

2045 2955 2249 3023 tiendo
2276 2954 2462 3017 vitam
2493 2953 2908 3026 corporalibus
2952 2953 3220 3023 ignibus.
3261 2956 3428 3013 Unus
3472 2955 3701 3028 quippe

2046 3044 2313 3117 utrisque
2337 3043 2467 3114 erit,
2501 3043 2653 3103 sicut
2680 3042 2904 3111 Veritas
2931 3042 3118 3101 dixit:

2117 3134 2341 3206 fidem
2361 3133 2423 3192 in
2451 3132 2606 3191 libro
2636 3130 3021 3191 Enchiridion
3046 3131 3204 3205 (cap.
3249 3134 3376 3192 9m:
3426 3131 3705 3204 [Quicum-

2046 3240 2167 3298 que
2194 3238 2339 3283 vcro
2368 3222 2449 3281 ab
2476 3222 2580 3282 illa
2606 3220 2962 3295 perditionis
2992 3236 3220 3292 massa,
3239 3237 3379 3295 quas
3406 3222 3569 3279 facta
3614 3224 3705 3289 est

2045 3330 2170 3407 per
2180 3312 2490 3407 hominem
2518 3313 2809 3407 primum;
2846 3326 2989 3407 .non
3016 3310 3349 3369 liberantur
3374 3326 3483 3385 per
3510 3326 3704 3407 unum

2047 3402 2430 3463 Mediatorem
2460 3401 2563 3459 Dei
2610 3405 2669 3459 et
2694 3399 3035 3472 hominum,
3093 3404 3413 3471 resurgent
3452 3400 3703 3474 quidem

2049 3492 2227 3553 etiam
2260 3490 2374 3564 ipsi
2404 3490 2821 3564 unusquisque
2849 3506 2990 3549 cum
3020 3506 3132 3547 sua
3158 3490 3419 3563 cernet!
3445 3492 3594 3548 Tim.
3638 3508 3702 3561 ιι,

2049 3581 2238 3655 5),sed
2266 3584 2331 3638 ut
2356 3597 2497 3641 cum
2542 3580 2787 3641 diabolo
2818 3584 2876 3638 et
2921 3580 3052 3653 ejus
3094 3580 3325 3651 angelis
3351 3580 3704 3655 puniantur.

2048 3672 2261 3730 Utrum
2285 3686 2431 3731 sane
2455 3670 2573 3745 ipsi
2603 3687 2743 3729 cum
2772 3670 2924 3731 vitiis
2954 3674 3013 3728 et
3038 3670 3523 3733 deformitatibus
3569 3687 3703 3729 suo-

2047 3777 2185 3817 rum
2214 3777 2537 3833 corporum
2567 3765 3290 3834 resurgant,quaacunque
3303 3763 3410 3834 [al.
3422 3805 3435 3830 ,
3452 3761 3705 3835 quicum

2049 3848 2189 3924 que]
2220 3849 2281 3903 in
2311 3849 2394 3903 eis
2424 3848 2637 3903 vitiosa
2654 3852 2713 3903 et
2752 3847 3047 3906 deformia
3066 3849 3343 3904 membra
3373 3854 3700 3919 gestarunt,

2047 3938 2112 3996 in
2126 3934 2486 4009 requirendo
2514 3935 2789 3992 laborare
2808 3935 2958 4008 quid
2987 3951 3143 4007 opus
3163 3940 3254 3991 est
3272 3936 3301 3991 ‘i
3318 3938 3520 4008 Neque
3539 3937 3702 3995 enim

2047 4025 2300 4097 fatigare
2315 4038 2427 4081 nos
2446 4023 2625 4082 debet
2644 4023 2872 4080 incerta
2892 4039 3103 4080 eorum
3126 4022 3422 4081 habitudo
3438 4023 3531 4080 vel
3563 4024 3700 4097 pul.

2048 4113 2609 4187 chritudo,quorum
2625 4112 2735 4170 erit
2748 4115 2906 4169 certa
2916 4115 2975 4168 et
2990 4112 3356 4186 sempiterna
3365 4113 3698 4171 damnatio.

2046 4207 2162 4263 Nec
2198 4207 2438 4261 moveat
2463 4200 2774 4276 quomodo
2802 4201 2915 4258 erit
2934 4200 2997 4257 in
3022 4201 3108 4257 eis
3140 4218 3359 4276 corpus
3392 4203 3702 4278 incorrup-

2046 4294 2227 4367 tihile,
2235 4293 2285 4353 si
2303 4292 2510 4350 dolore
2525 4291 2761 4366 poterit,
2779 4295 2885 4355 aut
2898 4292 3214 4365 quomodo
3235 4292 3701 4367 corruptibilc,si

2044 4382 2199 4440 mori
2227 4397 2351 4439 non
2369 4381 2739 4455 poterit.Non
2765 4384 2853 4437 est
2877 4380 3038 4437 enim
3057 4396 3202 4437 vera
3214 4380 3334 4438 vita
3354 4382 3473 4439 nisi
3490 4383 3595 4439 ubi
3617 4382 3699 4439 fe-

2042 4470 2136 4531 lict
2146 4476 2230 4531 ter
2253 4470 2490 4535 vivitur,
2514 4485 2628 4531 nec
2656 4484 2799 4526 vera
2826 4469 3216 4543 incorruptio,
3259 4470 3375 4526 nisi
3397 4471 3502 4526 ubi
3530 4470 3695 4527 salus

2043 4559 2210 4619 nullo
2238 4557 2446 4619 dolore
2467 4557 2890 4630 corrumpitur.
2924 4557 3031 4615 Ubi
3057 4561 3259 4617 autem
3302 4557 3503 4615 infelix
3533 4557 3699 4615 mori

2043 4663 2167 4704 non
2198 4646 2428 4715 sinitur,
2456 4650 2521 4702 ut
2542 4646 2623 4703 ita
2651 4646 2872 4711 dicam,
2903 4662 3069 4707 mors
3091 4648 3225 4720 ipsa
3256 4662 3381 4704 non
3411 4647 3694 4717 moritur;

2043 4741 2102 4803 et
2128 4736 2232 4801 ubi
2261 4734 2433 4801 dolor
2460 4740 2787 4809 perpetuus
2835 4752 2960 4795 non
2989 4736 3294 4805 interimit,
3328 4736 3436 4793 sed
3464 4735 3695 4810 afﬂigit,

2042 4827 2179 4900 ipsa
2204 4825 2507 4899 corruptio
2532 4841 2658 4891 non
2688 4825 2895 4884 ﬁnitur
2919 4844 2933 4895 ;
2955 4826 3085 4883 haec
3112 4826 3175 4882 in
3196 4825 3419 4884 sanctis
3441 4826 3698 4901 Scriptuv

2040 4916 2122 4979 ris
2153 4913 2421 4977 secunda
2441 4930 2606 4979 mors
2632 4914 2865 4975 dicitur.
2899 4916 3020 4972 Nec
3060 4914 3259 4987 prima
3308 4919 3532 4983 tamen,
3571 4929 3697 4989 qua

2042 5021 2224 5071 suum
2252 5019 2473 5076 corpus
2503 5003 2706 5063 anima
2752 5004 3087 5078 relinquere
3142 5006 3391 5077 cogitur,
3447 5020 3563 5072 nec
3608 5020 3696 5062 se-

2042 5095 2263 5164 cunda,
2296 5108 2422 5167 qua
2449 5093 2684 5167 poenale
2708 5110 2927 5168 corpus
2966 5094 3171 5165 anima
3205 5096 3542 5171 relinquere
3570 5110 3696 5155 non

2041 5183 2422 5259 per-mittitur,
2453 5182 2685 5243 homini
2722 5183 3036 5243 accidisset
3061 5185 3112 5241 si
3137 5201 3320 5244 nemo
3348 5184 3691 5259 peroassct].

2044 5274 2198 5335 Satis
2226 5271 2605 5345 dilucideque
2634 5278 3040 5333 monstratum
3059 5278 3149 5335 est
3172 5273 3523 5333 auctoritate
3546 5288 3560 5339 ;
3587 5272 3696 5327 Pa-

2041 5368 2324 5439 trumque
2349 5362 2672 5427 concordia
2699 5380 2966 5439 corpora
2998 5365 3275 5434 humana
3312 5359 3696 5420 resurrectio-

2042 5455 2135 5510 nis
2166 5458 2435 5528 tempore
2459 5469 2657 5528 neque
2703 5456 2985 5527 setherea,
3014 5470 3214 5528 neque
3248 5456 3437 5512 eaea
3470 5450 3693 5523 futura,

2045 5542 2153 5603 sed
2177 5558 2417 5612 carnea,
2450 5560 2584 5618 quas
2617 5545 2987 5617 sempiterna
3024 5542 3472 5602 immortalitate
3500 5541 3693 5598 dona-

2047 5634 2109 5693 ια
2153 5644 2264 5704 pro
2310 5631 2538 5703 meritis
2602 5633 2730 5711 suis
2775 5633 2873 5693 vel
2918 5630 3175 5704 simiam
3213 5631 3550 5708 mairum
3597 5626 3698 5685 νθι
