4160 6186
494 175 631 234 i335

1595 169 1652 228 S.
1683 163 2058 226 PRUDENTII
2085 161 2464 221 TRECENSIS
2491 163 2803 222 EPISCOPI

3771 161 3897 222 1336

487 295 906 370 ignominiam.
934 295 1070 352 iam
1123 308 1305 367 porro
1360 297 1573 350 caetera
1618 307 1755 364 quae
1813 289 2146 364 sequuntur
2173 289 2454 346 Aamoris
2476 288 2738 359 vinculo,
2758 289 2840 345 ita
2861 287 3302 362 superioribus,
3320 286 3383 344 id
3405 292 3495 344 est
3521 287 3907 357 igni,cedant,

489 402 631 455 cum
661 401 734 442 ex
761 382 1062 456 prioribus
1081 382 1335 439 frustata
1355 387 1534 455 atque
1555 381 1634 438 ad
1660 382 1914 438 nihilum
1943 379 2146 436 redac-

489 479 552 531 ta
580 473 716 541 sint,
757 471 837 528 ad
871 471 988 528 hoc
1016 475 1252 529 tantum
1299 471 1584 544 ponenda
1609 471 1908 536 videntur,
1949 472 2018 525 ut
2041 483 2144 525 vo-

485 560 745 618 mituum
779 563 1019 615 tuorum
1052 574 1300 616 nauseae
1357 558 1547 615 cuivis
1603 557 1836 616 facilius
1884 557 2144 613 innotes-

483 652 644 706 cant.

1053 753 1297 794 ,ιοΑΝΝιε
1337 753 1566 794 SCOTUS.

553 829 718 901 (Cap.
755 832 840 895 l9,
869 830 1099 898 numJi,
1126 832 1268 884 sect.
1290 833 1416 897 2.)6
1437 829 1597 884 Hinc
1627 832 1732 895 est,
1757 824 2140 898 inquis,quod

485 917 762 974 diabolus
785 922 920 986 post
949 918 1183 988 lapsum
1214 917 1492 974 detrusus
1521 918 1596 973 ab
1627 915 1878 973 wthereo
1921 914 2136 984 spatio,

481 1007 840 1076 adjunctum
870 1011 952 1062 est
975 1007 1030 1062 ei
1066 1007 1252 1063 invito
1273 1021 1510 1062 aereum
1534 1019 1768 1075 corpus,
1801 1005 1863 1060 in
1884 1019 2000 1074 quo
2009 1017 2138 1072 pa?-

487 1110 598 1151 nas
623 1110 746 1151 suae
763 1095 1053 1165 superbiae
1084 1096 1234 1162 luat,
1266 1096 1418 1150 miro
1435 1101 1614 1166 atque
1644 1093 1938 1163 ineffabili
1965 1098 2140 1147 natu-

482 1199 695 1242 rarum
719 1185 892 1242 modo
909 1187 1230 1256 peragitur
1252 1200 1276 1256 ,°
1321 1185 1552 1241 occulto
1613 1190 1811 1240 tamen
1857 1185 2139 1252 justeque

472 1275 732 1346 judicio,
760 1281 826 1331 ut
877 1276 1037 1348 quod
1066 1276 1354 1332 elementa
1383 1275 1599 1331 mundi
1638 1275 1796 1330 inter
1835 1287 1914 1340 se,
1966 1271 2141 1342 quasi

482 1364 741 1435 quodam
753 1365 1061 1420 naturalis
1076 1366 1297 1421 amoris
1317 1363 1895 1432 vinculo,complexa
1912 1362 2140 1430 insepa-

480 1454 880 1526 rabiliterque
907 1456 1254 1524 coniuncta,
1285 1454 1729 1510 ordinatissimo
1770 1458 1934 1508 motu
1965 1465 2140 1520 appe-

482 1546 640 1609 tunt,
668 1543 980 1598 veritatem
1009 1542 1345 1598 odientibus
1371 1547 1645 1598 vertatur
1664 1542 1726 1596 in
1751 1541 2134 1610 supplicium.

2253 382 2318 433 ut
2362 378 2494 448 ejus
2526 377 2875 434 alimentum
2903 379 3032 434 ﬁeri
3075 393 3198 434 non
3227 377 3575 444 detrectent,
3616 377 3831 434 mirum
3857 380 3903 435 si

2252 466 2523 540 superior
2549 466 2704 537 ignis
2733 467 3433 524 elementisinferioribus
3464 471 3659 537 egeat,
3681 471 3904 523 utnon-

2251 554 2366 610 nisi
2395 570 2604 611 eorum
2638 556 2878 629 pabulis
2924 556 3139 623 alatur,
3194 555 3520 612 subsistere
3574 560 3780 627 queat.
3813 557 3904 609 De.

2250 643 2472 700 bueras
2506 644 2802 717 siquidem
2824 644 3040 701 eodem
3069 643 3256 701 modo
3281 644 3357 700 de
3377 644 3612 700 ceteris
3637 649 3905 717 tractare,

2251 733 2423 804 cujus
2454 735 2958 807 unumquodque,
2983 738 3046 790 ut
3065 734 3388 790 subsistere
3408 733 3904 807 possit,indigeat.

2251 824 2402 878 Nam
2431 821 2614 894 hujus
2645 824 2836 879 nostri
2867 823 3022 894 ignis
3049 828 3268 880 natura
3296 827 3406 888 est.
3437 827 3502 879 ut
3521 825 3786 896 exceptis
3807 825 3909 880 mi-

2247 911 2486 982 raculis,
2518 912 2818 985 quidquid
2850 913 3109 982 attigerit
3133 917 3472 970 consumat.
3499 915 3620 970 Cur
3646 929 3790 984 ergo
3815 914 3906 970 ille

2247 1014 2371 1056 non
2401 1001 2704 1058 consumit
2733 1005 2948 1058 caetera
2992 1001 3305 1065 elementa,
3343 1001 3390 1057 si
3435 1001 3570 1073 ejus
3630 1008 3771 1058 sunt
3811 1003 3906 1058 ali-

2247 1094 2519 1147 mentum
2541 1091 2568 1145 ?
2599 1093 2868 1164 Cumque
2894 1091 3171 1161 legamus
3192 1095 3248 1147 et
3268 1091 3688 1148 incunctanter
3715 1092 3906 1148 certis-

2247 1179 2468 1235 simum
2497 1184 2806 1235 teneamus
2825 1185 3154 1253 conspectu
3161 1179 3382 1251 judicis
3408 1181 3678 1236 trementi
3697 1181 3900 1252 ignem

2247 1268 2724 1340 accendendum,
2748 1285 2872 1342 quo
2902 1269 3121 1325 coelum
3146 1273 3205 1326 ct
3231 1273 3411 1338 terra,
3438 1269 3502 1325 id
3550 1275 3632 1325 est
3669 1285 3770 1326 aer
3799 1286 3900 1327 ne-

2246 1356 2583 1424 bulosus,et
2615 1362 2858 1414 terrente
2890 1358 3155 1415 materiei
3179 1358 3551 1431 superﬁcies,
3580 1363 3902 1426 transeant,

2247 1447 2448 1502 nescio
2477 1447 2626 1520 quid
2654 1463 2901 1504 necesse
2933 1449 3007 1504 sit
3031 1448 3196 1504 illum
3226 1453 3390 1505 tanta
3409 1447 3898 1504 manifestatione

2247 1540 2537 1609 tantoque
2574 1541 2790 1593 terrore
2821 1538 2899 1595 ad
2925 1537 3056 1594 haec
3085 1537 3432 1594 renovanda
3465 1538 3736 1610 accendi,
3768 1555 3904 1594 cum

481 1630 669 1699 Ignea
693 1631 914 1700 quippe
931 1630 1198 1699 qualitas
1225 1631 1500 1700 superior
1513 1631 1790 1686 naturali
1813 1630 1874 1684 vi
1899 1629 2139 1698 inferio-
2168 1644 2212 1697 Β
2247 1626 2660 1700 possentillius
2675 1627 3005 1691 aatherei,ut
3023 1627 3486 1690 dicis,alimento
3507 1627 3907 1684 absumi.l-‘al-

482 1731 620 1773 rum
677 1718 1101 1774 elementorum
1131 1719 1453 1789 qualitates
1495 1719 1559 1773 in
1597 1732 1658 1773 se
1711 1718 2139 1788 transfundere

482 1820 718 1875 semper
745 1807 976 1874 appetit
1008 1807 1290 1862 naturali
1316 1813 1479 1861 motu
1512 1808 1689 1876 quasi
1717 1807 2016 1878 quoddam
2044 1806 2142 1862 sui

483 1894 1016 1952 alimentum.Cum
1036 1900 1270 1964 ergo,ut
1285 1896 1568 1964 diximus,
1587 1911 1863 1965 suprema
1876 1895 2138 1951 omnium

483 1997 801 2052 corporum
831 1982 1118 2052 qualitas,
1176 1998 1308 2054 qua:
1361 1989 1445 2040 est
1493 1983 1771 2054 aetherea,
1823 1985 2138 2054 inferiores

484 2071 810 2144 qualitates
830 2076 886 2126 et
915 2071 1082 2127 intra
1111 2086 1173 2128 se
1217 2072 1531 2129 ambiendo
1561 2078 1852 2144 coarctat,
1883 2079 1940 2130 et
1968 2089 2030 2128 in
2057 2087 2136 2139 se,

477 2165 663 2231 prout
689 2160 788 2216 lea:
810 2164 1176 2216 naturarum
1196 2162 1338 2217 sinit
1347 2177 1862 2231 ,commoverenon
1883 2163 2137 2230 desinat,

483 2253 852 2305 naturarum
883 2249 1049 2305 intra
1069 2264 1131 2306 se
1148 2251 1427 2308 mirabile
1447 2253 1687 2321 perﬁcit
1704 2252 2142 2322 gaudium,ma-

485 2337 685 2394 larum
718 2351 857 2394 vero
887 2339 1267 2396 voluntatum
1283 2340 1589 2409 ine/labile
1604 2341 2140 2397 tormentum.Pro-

484 2425 626 2482 inde
637 2426 956 2496 impiorum
975 2428 1261 2496 omnium,
1284 2429 1638 2500 angelorum
1665 2429 1934 2486 videlicet
1958 2429 2138 2484 homi-

486 2529 745 2586 numque
762 2529 1206 2584 perversorum,
1235 2531 1491 2586 corpora
1516 2519 1601 2574 ita
1649 2523 1788 2573 sunt
1844 2517 2143 2587 supplicia

485 2603 643 2673 ignis
671 2603 886 2660 aeterni
905 2601 1358 2674 perpessura,ut
1388 2606 1731 2677 integritate
1750 2622 1953 2663 eorum
1981 2606 2145 2661 subs-

487 2692 694 2749 tantiae
721 2693 892 2748 nullo
920 2693 1094 2749 modo
1108 2695 1408 2763 peritura,
1440 2711 1642 2752 eorum
1682 2695 2146 2765 pulchritudine

485 2783 658 2838 nullo
689 2781 863 2838 modo
887 2781 1196 2852 defutura,
1225 2797 1431 2839 eorum
1461 2785 1739 2842 naturali
1765 2784 2144 2840 incolumita-

489 2876 545 2928 te
563 2885 991 2940 permansura,
1015 2872 1287 2929 omnibus
1330 2874 1546 2931 deinde
1572 2881 1810 2930 naturae
1863 2873 2026 2930 bonis
2065 2871 2147 2929 ad

2249 1732 2385 1771 sum
2419 1716 2704 1786 estigitur
2732 1718 2899 1772 intra
2930 1716 3092 1772 hunc
3115 1720 3308 1786 ignem
3343 1717 3670 1772 mlhereum
3696 1723 3907 1773 cuncta

2248 1804 2561 1861 ambiendo
2606 1806 2927 1874 coarctari,
2960 1811 3142 1876 atquc
3172 1806 3336 1861 intra
3374 1820 3506 1861 eum
3538 1811 3906 1861 naturarum

2246 1895 2525 1950 mirabile
2535 1895 2750 1964 perﬁci
2772 1896 3507 1966 gaudium,malarumque
3537 1895 3906 1951 voluntatem

2247 1983 2554 2053 ine/fabile
2579 1989 2955 2040 tormentum.
2992 1984 3310 2049 Quomodo
3339 1983 3498 2039 enim
3549 1984 3908 2040 convenient

2249 2071 2536 2141 gaudium
2587 2077 2765 2144 atque
2798 2072 3208 2128 tormentum?
3259 2071 3463 2129 Nullus
3502 2073 3740 2146 quippe
3765 2073 3906 2129 dum

2249 2164 2560 2234 torquetur
2591 2161 2832 2230 gaudet,
2854 2166 3070 2234 printer
3099 2160 3234 2217 illos
3264 2160 3370 2234 qui
3394 2167 3613 2235 sponte
3647 2166 3906 2218 tormen-

2248 2252 2308 2306 ta
2334 2249 2613 2316 subeunt,
2647 2249 2813 2322 quod
2843 2249 2938 2306 vel
2969 2249 3236 2306 maxime
3265 2250 3326 2305 in
3367 2251 3592 2306 sanctis
3623 2250 3905 2306 omnibus

2251 2337 2458 2393 elucet.
2485 2339 2558 2393 At
2583 2354 2720 2393 cum
2745 2353 2956 2394 omnes
2977 2354 3190 2411 poenas
3217 2338 3574 2412 corporibus
3599 2355 3905 2406 amoveas,

2250 2431 2306 2484 et
2335 2427 2584 2499 insuper
2614 2428 2926 2497 gaudium,
2957 2427 3469 2500 pulchritudinem
3491 2427 3908 2501 fulgoremque

2251 2515 2536 2572 omnibus
2562 2516 2782 2588 impiis,
2824 2516 3054 2587 angelis
3098 2521 3278 2590 atque
3334 2517 3687 2573 hominibus
3737 2517 3904 2572 adhi-

2251 2603 2418 2674 beas,
2449 2603 2908 2677 voluntatesque
2931 2604 3092 2660 solas
3121 2609 3490 2661 tormentum
3537 2605 3660 2678 pati
3706 2604 3900 2676 perhi-

2251 2693 2421 2749 beas:
2453 2709 2607 2765 quas
2636 2693 2882 2750 intentio
2912 2693 3257 2750 animarum
3286 2693 3610 2750 infelicium
3663 2693 3739 2749 de
3785 2694 3908 2749 suis

2255 2781 2607 2854 corporibus
2630 2782 2892 2854 patiatur
2919 2799 3224 2839 aerumnas
3249 2798 3374 2838 non
3404 2782 3581 2838 video
3601 2783 3628 2838 ?
3656 2783 3712 2838 Si
3744 2782 3910 2838 enim

2256 2869 2625 2939 gaudebunt,
2659 2869 2708 2925 si
2746 2886 2992 2926 omnem
3035 2870 3542 2943 pulchritudinem
3591 2869 3914 2926 habebunt

486 2960 902 3018 universitatis
923 2967 1342 3020 ornamentum
1367 2964 1634 3020 mirabili
1652 2965 1862 3021 ordine
1889 2967 2148 3036 refulsu.
2173 2984 2221 3047 ο
2257 2975 2465 3016 eorum
2497 2975 2766 3032 corpora,
2801 2960 2850 3016 si
2870 2959 3272 3031 refulgebunt,
3305 2961 3356 3016 si
3404 2960 3592 3030 gloria
3620 2959 3914 3016 omnibus

489 3050 598 3120 ris,
631 3058 879 3120 excepta
902 3051 1270 3109 beatitudine
1297 3068 1416 3124 qua
1435 3054 2007 3126 privabantmgqute
2027 3071 2146 3111 non

488 3143 574 3194 est
604 3153 680 3194 ea:
707 3144 955 3207 natura,
979 3140 1082 3196 sed
1109 3155 1185 3196 ea:
1205 3143 1412 3211 gratia
1438 3157 1452 3207 ;
1487 3141 1815 3210 superioris
1843 3143 1998 3212 ignis
2020 3159 2148 3199 cor-

482 3227 660 3297 porei
687 3243 822 3283 cum
840 3228 1146 3298 inferioris
1167 3230 1324 3285 aeris
1338 3229 1686 3298 corporibus
1707 3231 2004 3300 qualitate
2014 3247 2148 3288 con-

490 3315 1069 3378 luctantematurali
1094 3319 1158 3374 vi
1181 3323 1420 3387 servata
1441 3317 1774 3387 infelicium
1803 3319 2144 3377 animarum

489 3403 742 3458 intentio
765 3405 838 3460 de
858 3405 1208 3473 corporibus
1227 3407 1350 3460 suis
1373 3383 1626 3462 éternas
1641 3408 1920 3476 patiatur
1938 3424 2148 3464 aerum-

489 3492 716 3557 nas,ita
745 3492 1015 3547 videlicet
1042 3498 1108 3546 ut
1128 3493 1283 3548 idem
1311 3510 1437 3563 ipse
1463 3496 1621 3564 ignis
1641 3496 1912 3553 omnibus
1937 3515 2146 3568 corpo-

490 3577 661 3634 ribus
673 3578 783 3646 ﬁat
803 3577 1003 3647 gloria
1019 3594 1136 3649 quo
1151 3580 1513 3637 damnandis
1528 3583 1842 3640 animabus
1865 3586 2146 3643 intrinse-

491 3679 595 3721 cus
647 3664 964 3736 iniquitate
1015 3667 1290 3738 propria,
1332 3669 1701 3726 extrinsecus
1735 3673 2148 3729 cumulabitur

485 3767 688 3824 paena.

1177 3862 1486 3906 CORRECTIO

559 3934 603 4004 -ι-
633 3933 730 3989 His
754 3935 872 3990 tuae
894 3935 1296 4006 perversitatis
1315 3937 1796 3996 exhalationibus
1807 3941 2148 4014 responsio-

489 4035 632 4078 nem
659 4021 918 4078 breviter
945 4025 1488 4096 perstringendam,
1545 4043 1620 4084 ex
1648 4027 1985 4087 abundanti
2022 4045 2148 4088 non

488 4109 894 4178 incongruum
907 4111 1175 4181 judicavi
1203 4113 1278 4170 de
1307 4115 1496 4172 aereis
1518 4116 1868 4174 daemonum
1885 4119 2147 4192 corpori-

490 4196 629 4266 bus,
651 4197 800 4267 quid
829 4199 1100 4257 Patribus
1123 4202 1325 4259 visum
1352 4204 1426 4260 sit
1449 4204 1810 4263 sufﬁcienter
1833 4224 2042 4264 eorum
2063 4207 2148 4263 di-

495 4285 604 4340 ctis
623 4285 841 4357 conjici
868 4288 1044 4347 valet.
1073 4292 1253 4363 Magis
1282 4295 1529 4366 quippe,
1553 4300 1619 4352 ut
1647 4297 1731 4352 eis
1783 4298 1978 4353 visum
2035 4303 2142 4370 est,

493 4372 830 4432 substantia
857 4379 1319 4453 propria,quam
1342 4381 1403 4438 in
1453 4385 1808 4457 corporibus
1837 4387 2146 4442 undecun-

491 4479 611 4537 que
637 4468 981 4538 conrogatis
1002 4472 1183 4543 atque
1205 4472 1494 4530 condictis
1521 4489 1735 4548 poenas
1762 4475 1888 4531 suis
1919 4477 2144 4534 meritis

489 4551 723 4612 debitas
748 4553 936 4614 luent.
972 4558 1146 4624 Quod
1169 4559 1352 4618 etiam
1399 4566 1640 4620 sanctus
1693 4562 2032 4636 Fulgentius
2063 4565 2145 4624 ad

489 4645 726 4702 Petrum
755 4647 1077 4707 conﬁrmat
1104 4666 1245 4710 cum
1273 4652 1450 4710 dicit:

559 4732 897 4805 [Quosdam
916 4737 1098 4810 igitur
1125 4740 1370 4815 spiritus
1401 4743 1485 4802 sic
1511 4746 1666 4803 Deus
1677 4748 2144 4808 creavitutsem-

485 4833 596 4889 per
614 4828 1142 4912 essent,quosdam
1170 4836 1403 4903 vero,ut
1429 4849 1559 4892 esse
1596 4835 1838 4909 spiritus
1867 4839 2143 4912 quando-

486 4919 606 4976 que
625 4909 997 4975 desinerent:
1019 4919 1153 4976 illos
1175 4920 1377 4995 itaque
1408 4923 1722 4994 desituros,
1743 4909 2046 5001 quosdam
2067 4946 2141 4986 ex

486 5005 670 5094 aqua,
701 5001 1006 5094 quosdam
1023 5023 1188 5076 vero,
1221 5010 1367 5082 quia
1395 5012 1478 5068 sic
1507 5013 1695 5070 voluit
1724 5017 2138 5089 Omnipotens,

482 5080 770 5153 produxit
787 5101 861 5143 ex
884 5093 1075 5163 terra;
1107 5080 1445 5170 superiores
1475 5119 1616 5161 vero
1645 5105 1884 5177 spiritus
1903 5080 2136 5164 nullum

483 5183 627 5270 cuin
653 5177 957 5270 corporeis
983 5180 1289 5270 elementis
1308 5189 1532 5248 habere
1543 5191 1680 5248 fecit
1706 5194 1978 5249 naturale
1998 5210 2138 5250 con-

483 5261 786 5362 sortium.)
823 5263 860 5331 1·
903 5265 962 5324 Si
989 5267 1168 5339 igitur
1193 5279 1528 5362 auctoritati
1565 5281 1711 5338 tanti
1759 5281 2020 5338 doctoris
2047 5298 2141 5338 ac-

478 5360 869 5448 quiescimus,
893 5370 1090 5432 neque
1115 5360 1395 5434 astherea,
1422 5383 1620 5442 neque
1643 5385 1821 5427 aerea
1852 5369 2136 5440 angelicis

480 5437 792 5506 spiritibus
821 5458 1078 5519 corpora
1106 5437 1593 5515 commodamus.

523 5524 704 5626 “Sane
727 5532 896 5626 quod
915 5534 992 5593 de
1015 5536 1448 5602 elementorum
1474 5547 1736 5605 amicitia
1758 5547 2008 5606 fabellas
2031 5565 2134 5606 va-

475 5615 677 5678 nitatis
704 5624 959 5702 crucias,
1005 5630 1180 5702 quasi
1207 5630 1493 5697 inferiora
1539 5653 1821 5714 quaeque,
1850 5639 2124 5720 quOdam

2258 3049 2367 3106 erit
2394 3050 2773 3124 corporibuS,
2813 3055 2870 3107 et
2897 3050 3254 3107 intrinsecus
3307 3051 3617 3123 iniquitate
3664 3050 3914 3122 propria

2257 3139 2680 3196 tantummodo
2701 3139 3180 3205 damnabuntur,
3223 3156 3358 3213 quae
3402 3139 3515 3195 illis
3540 3138 3910 3194 extrinsecus

2257 3227 2665 3284 cumulabitur
2681 3243 2862 3300 poena
2883 3229 2910 3284 ‘l
2939 3229 2996 3284 Si
3054 3244 3252 3302 neque
3301 3227 3594 3284 dolebunt
3630 3243 3906 3300 corpora,

2258 3331 2452 3390 neque
2491 3332 2738 3390 poenam
2797 3317 3070 3381 sentient,
3119 3317 3270 3390 quid
3317 3333 3526 3373 eorum
3583 3317 3904 3373 animabus

2258 3406 2627 3462 extrinsecus
2657 3405 3064 3462 cumulabitur
3091 3421 3288 3478 poenae
3311 3406 3339 3462 ?
3379 3405 3436 3462 Si
3464 3421 3790 3478 nunquam
3819 3405 3906 3461 ille

2254 3494 2409 3564 ignis
2437 3494 2722 3551 omnibus
2751 3494 3104 3567 corporibus
3132 3495 3235 3550 ﬁet
3267 3493 3478 3564 gloria,
3519 3495 3795 3567 sequitur
3843 3498 3905 3550 ut

2253 3583 2420 3640 nulla
2442 3583 2812 3641 extrinsecus
2838 3583 3162 3640 animabus
3193 3583 3531 3640 cumuletur
3554 3599 3764 3656 pcena.
3797 3586 3908 3640 Aut

2253 3690 2376 3748 qua
2405 3673 2636 3730 ratione
2667 3674 2746 3731 ab
2792 3674 2878 3731 eis
2909 3673 3342 3731 beatitudinem
3392 3673 3642 3746 excipis,
3691 3675 3910 3748 quibus

2253 3761 2544 3832 gaudium
2563 3762 3388 3836 pulchritudinem,fulgorem
3400 3762 3782 3837 gloriamque
3791 3779 3909 3820 non

2253 3851 2509 3909 adimis?
2535 3855 2677 3919 Quae
2699 3867 2883 3926 quam
2906 3853 3023 3909 sint
3041 3851 3252 3909 frivola
3278 3853 3495 3909 etratio
3517 3857 3572 3909 et
3587 3854 3911 3910 auctoritas

2254 3945 2528 4015 patenter
2553 3942 2840 3999 insinuat.
2888 3943 3134 3998 Luctam
3200 3957 3344 3998 vero
3399 3941 3731 4014 superioris
3761 3943 3912 4014 ignis

2254 4048 2395 4089 cum
2421 4031 2774 4106 corporibus
2795 4032 2984 4088 aereis
3003 4047 3193 4104 quam
3221 4029 3472 4087 ridicule
3491 4032 3747 4101 garrias,
3779 4048 3912 4105 pru-

2253 4122 2404 4178 dens
2436 4121 2694 4195 quisque
2719 4120 2996 4178 facilitate
3023 4137 3145 4193 qua
3160 4119 3432 4188 advertit,
3463 4121 3911 4177 evertit.Verum

2252 4211 2562 4285 quomodo
2636 4226 2892 4283 corpora
2960 4225 3198 4283 semper
3265 4225 3478 4266 arsura
3551 4211 3907 4282 subjungas,

2251 4315 2392 4356 cum
2419 4313 2492 4354 ea
2511 4297 2658 4354 nihil
2686 4298 2914 4371 perpeti
2934 4303 3100 4355 tanta
3119 4298 3458 4372 pervicacia
3485 4303 3782 4372 tantaque
3807 4300 3915 4355 imo

2251 4387 2540 4462 pudentia
2569 4388 2859 4443 hactenus
2885 4392 3202 4444 exsecutus
3246 4387 3348 4454 sis,
3378 4387 3629 4444 minime
3659 4404 3910 4461 perpen-

2251 4477 2390 4533 dere
2417 4475 2590 4532 valeo
2619 4492 2632 4531 :
2660 4491 2783 4548 quo
2813 4482 2992 4548 pacto
3031 4477 3254 4532 etenim
3284 4475 3522 4533 ardebit
3548 4477 3720 4549 quod
3747 4484 3803 4533 et
3823 4479 3909 4532 ni-

2249 4565 2332 4622 hil
2361 4565 2619 4634 patietur
2649 4569 2706 4622 et
2723 4564 2892 4621 omni
2921 4565 3388 4638 pulchritudine,
3419 4565 3675 4636 fulgore,
3709 4572 3767 4624 et
3793 4566 3910 4636 glo-

2248 4655 2342 4713 ria
2361 4654 2764 4712 decorabitur.
2793 4654 2896 4710 Ais
2937 4655 3127 4711 enim:

2817 4849 2843 4892 J
2850 4849 3063 4890 οΑΝΝΕε
3103 4848 3334 4892 SCOTUS.

2318 5017 2484 5088 (Cap.
2523 5019 2606 5083 l9,
2640 5031 2808 5072 num.
2833 5020 2885 5078 5,
2916 5017 3054 5070 sect.
3078 5013 3154 5084 4).
3173 5018 3212 5068 Θ
3237 5014 3406 5082 Quod
3431 5015 3484 5069 si
3502 5015 3697 5070 alicui
3721 5017 3907 5070 incre-

2247 5107 2430 5161 dibile
2458 5105 2696 5162 videtur
2717 5119 2974 5174 corpora
2995 5103 3230 5174 quidem
3264 5118 3494 5173 semper
3512 5111 3820 5169 arsura,et
3840 5105 3911 5157 de

2246 5197 2511 5264 ipsorum
2541 5193 2698 5250 nihil
2717 5195 3056 5263 periturum
3088 5191 3542 5258 natura,videat
3563 5193 3741 5247 illum
3760 5192 3908 5261 lapi-

2245 5285 2376 5341 dem
2394 5285 2500 5357 qui
2512 5285 2575 5340 in
2595 5283 2864 5340 Arcadia
2883 5282 2991 5338 sub
3017 5287 3216 5338 monte
3239 5282 3514 5338 nascitur
3533 5282 3905 5337 Erimantluz

2243 5374 2349 5442 qui
2366 5388 2500 5428 cum
2517 5373 2591 5428 sit
2611 5372 2802 5442 ferrei
2807 5369 3021 5426 nitoris
3042 5375 3208 5426 tactu
3225 5384 3525 5438 accensus,
3543 5369 3768 5440 abigni
3779 5386 3908 5427 exs-

2245 5463 2445 5532 tingui
2473 5463 2872 5533 nequit,quem
2897 5460 3096 5515 Graeci
3107 5459 3343 5516 nomine
3361 5473 3497 5515 vero
3521 5459 3820 5530 abestum,
3851 5459 3909 5514 id

2244 5555 2328 5605 est
2375 5550 2928 5620 inexstinguibilem
2978 5551 3334 5616 memorant,
3379 5548 3465 5602 ita
3516 5552 3582 5601 ut
3623 5554 3680 5603 et
3743 5551 3910 5605 color

2253 5638 2308 5696 ei
2328 5637 2676 5708 praebeatur
2695 5639 2871 5709 ignea
2907 5641 3157 5708 natura,
3191 5639 3246 5694 et
3277 5633 3432 5694 nihil
3469 5635 3793 5696 minuatur
3838 5639 3910 5694 de
