4160 6186
278 163 418 218 1337

1209 164 1302 220 DE
1350 164 2029 225 PREDESTINA'I‘IONE
2067 167 2349 263 CONTRA
2383 173 2433 229 J.
2477 171 2774 231 SCOTUM.

3566 176 3700 235 I338

275 287 405 354 eius
441 283 820 355 substantia;
857 285 1057 342 videat
1107 288 1560 347 salamandram
1589 291 1652 346 in
1683 292 1821 362 igne
1847 293 1934 348 vi-
1965 296 2012 350 Α
2050 292 2163 349 rito
2193 299 2536 366 peccatores
2565 301 2893 369 ponuntur,
2921 297 3027 370 qui
3062 297 3125 354 in
3167 299 3367 354 futuro
3391 298 3618 370 judicio
3643 304 3702 359 et

274 379 526 431 ventem.
929 413 931 415 ι

947 461 1272 506 CORRECTIO.

343 552 381 619 εἶ’
409 553 552 618 Quae
599 569 740 608 cum
788 568 860 608 ex
911 551 1072 610 beati
1128 557 1446 628 Augustini
1493 559 1658 616 libris
1703 563 1940 617 mutua-

270 640 450 707 veris,
480 640 576 696 vel
605 641 803 714 potius
834 642 1276 716 compilaveris,
1309 647 1426 702 alio
1463 649 1702 720 penitus
1753 665 1936 704 sensu

269 745 459 801 quam
491 729 571 785 ab
601 745 673 786 eo
701 729 1149 805 fuerantposita
1179 736 1472 807 protulisti
1498 754 1511 792 :
1541 737 1638 792 ille
1667 738 1828 793 enim
1857 738 1936 794 ad

269 819 384 875 hoc
426 818 503 874 de
551 819 821 888 asbesto,
857 821 1268 891 salamandra,
1308 831 1364 882 et
1404 827 1710 883 montibus
1752 831 1935 884 Etnaa

271 907 722 965 similitudinem
776 912 1110 983 proposuit,
1154 919 1219 969 ut
1272 931 1655 988 paganorum
1707 921 1938 974 contra-

270 995 634 1053 dictionibus
691 999 970 1071 exemplo
1018 1003 1439 1074 temporalium
1492 1021 1695 1062 rerum
1734 1006 1933 1062 multi-

269 1101 421 1158 sque
471 1101 595 1142 non
650 1086 998 1156 ignotarum
1051 1097 1408 1160 occurreret,
1467 1094 1570 1166 qui
1628 1095 1936 1165 negabant

269 1173 398 1230 ﬁeri
440 1191 626 1248 posse
676 1180 741 1232 ut
787 1192 1044 1249 corpora
1091 1178 1216 1249 igni
1259 1181 1538 1239 arderent
1573 1188 1631 1240 et
1659 1185 1932 1240 consumi

267 1264 611 1321 nullatenus
643 1272 923 1338 possent;
958 1269 1034 1324 ad
1056 1269 1172 1325 hoc
1193 1286 1337 1341 ergo
1365 1272 1459 1328 his
1491 1277 1547 1330 et
1577 1274 1708 1330 aliis
1736 1291 1932 1330 exem-

266 1351 385 1425 plis
417 1369 628 1411 eorum
679 1355 1011 1413 infidelitati
1060 1373 1422 1431 responsum
1464 1366 1570 1433 est,
1603 1379 1726 1435 quo
1758 1363 1930 1419 doce-

263 1445 471 1497 rentur
518 1441 841 1515 impiorum
897 1461 1156 1518 corpora
1216 1447 1316 1503 illo
1382 1449 1506 1518 igni
1570 1455 1626 1506 et
1692 1467 1929 1523 semper

148 1576 152 1577 κ
263 1529 545 1602 dolitura,
591 1531 698 1587 sed
742 1548 1062 1605 nunquam
1112 1538 1548 1600 consumenda,
1610 1555 1926 1611 nunquam

264 1618 559 1690 peritura;
587 1619 858 1678 videlicet
890 1627 955 1677 ut
985 1638 1094 1694 per
1121 1641 1194 1680 ea
1224 1625 1622 1695 integritatem
1649 1628 1927 1683 substan-
1958 1642 1998 1695 Β

265 1708 360 1765 tiae
387 1724 624 1782 semper
643 1725 947 1767 mansurae
972 1713 1356 1770 fidelissimus
1378 1717 1589 1772 doctor
1615 1723 1923 1788 astrueret,

266 1812 379 1854 nec
431 1803 630 1855 tamen
692 1801 778 1856 eis
845 1801 1143 1858 cruciatus
1191 1803 1550 1878 doloresque
1605 1812 1926 1879 perpetuos

267 1887 542 1957 auferret,
573 1891 740 1962 quod
765 1895 819 1947 te
844 1891 1039 1948 facere
1065 1893 1432 1962 manifestas,
1465 1897 1568 1968 qui
1600 1897 1928 1953 conclusio-

264 1991 406 2033 nem
433 1977 536 2049 huj
548 1995 616 2034 us
645 1979 958 2052 pravitatis
989 1981 1105 2037 hoc
1136 1983 1254 2038 ﬁne
1283 1983 1670 2043 determinas.

838 2111 1089 2152 JOANNES
1130 2113 1360 2154 SCOTUS.

342 2199 508 2271 (Cap.
544 2204 629 2271 19,
656 2216 719 2256 n.
748 2204 800 2271 6,
833 2208 975 2258 sect.
1008 2205 1088 2271 4.)
1119 2209 1158 2257 Θ
1189 2205 1370 2274 Hinc,
1403 2205 1703 2278 inquiens,
1732 2213 1928 2277 potest

270 2289 496 2359 conjici
519 2306 638 2345 non
666 2291 1081 2360 substantiam,
1113 2309 1302 2366 neque
1333 2298 1462 2365 ejus
1483 2298 1804 2368 qualitates
1829 2314 1928 2368 ge-

272 2379 527 2434 hennali
547 2381 794 2449 ﬂamma
819 2383 1204 2455 torquendus,
1233 2384 1338 2440 sed
1365 2400 1597 2442 sensum
1627 2389 1932 2456 patienter

273 2473 329 2524 et
358 2469 626 2525 animum
654 2470 1008 2527 reluctantis
1038 2477 1261 2528 aeterna
1286 2475 1527 2531 miseria
1559 2476 1834 2532 lecturos.

939 2602 1262 2645 CORRECTIO.

346 2683 492 2738 Ecce
521 2683 976 2741 consuetissima
1026 2685 1130 2741 tibi
1178 2688 1594 2745 contrarietate
1624 2687 1929 2745 miseriam

273 2773 558 2827 aeternam
610 2771 843 2840 indicis,
902 2773 1124 2846 quibus
1179 2775 1363 2848 paulo
1421 2781 1557 2832 ante
1615 2777 1930 2849 gaudium,

271 2859 799 2933 pulchritudinem,
825 2862 1121 2931 fulgorem
1166 2864 1538 2937 gloriamque
1568 2866 1928 2922 contuleras.

277 2948 394 3046 ἓξεί
445 2949 520 3004 de
563 2951 766 3046 animo
819 2951 1104 3046 patiente
1139 2952 1282 3008 audi
1337 2955 1693 3046 sententiam
1744 2956 1933 3011 sancti
1973 2990 2013 3046 ο

274 3036 640 3110 llieronymi,
669 3037 913 3095 brevem
960 3039 1209 3112 quidem
1247 3040 1465 3111 verbis,
1498 3057 1683 3097 sensu
1731 3047 1934 3099 tamen

273 3131 333 3184 et
375 3127 516 3184 ﬁdei
567 3127 812 3184 veritate
868 3129 1214 3201 sublimem,
1265 3130 1370 3202 qui
1424 3129 1487 3185 in
1545 3131 1808 3203 Epistola
1857 3134 1934 3190 ad

273 3217 564 3289 Ephesios
604 3217 688 3272 ita
731 3216 917 3286 hujus
965 3217 1048 3272 rei
1091 3219 1310 3288 legitur
1356 3218 1718 3287 meminisse,
1751 3237 1934 3293 expo-

271 3319 427 3360 nens
463 3304 630 3376 quod
661 3304 741 3360 ait
771 3304 1092 3376 Apostolus
1117 3323 1129 3359 :
1160 3307 1344 3361 Nemo
1373 3322 1473 3362 vos
1516 3308 1777 3376 decipiat
1801 3311 1933 3365 ina-

272 3394 453 3448 nibus
483 3392 714 3449 verbis:
765 3399 1017 3463 propter
1061 3395 1189 3451 liwc
1219 3396 1372 3451 enim
1408 3398 1564 3452 venit
1591 3397 1688 3452 ira
1734 3399 1846 3453 Dei
1872 3399 1934 3454 in

270 3483 430 3551 ﬁlios
461 3481 816 3550 difﬁdentia:
842 3483 1083 3552 (Ephes.
1116 3499 1175 3553 v,
1208 3484 1284 3553 6).

345 3569 580 3642 [Verba,
609 3569 913 3642 inquiens,
940 3587 1077 3642 quin
1104 3571 1413 3644 decipiunt
1437 3577 1617 3645 atque
1648 3573 1935 3647 supplan-

274 3663 420 3726 tant,
452 3658 656 3715 inania
699 3663 842 3714 sunt
889 3663 945 3715 et
981 3675 1210 3728 vacua;
1265 3677 1401 3734 quas
1443 3677 1586 3717 vero
1630 3662 1937 3720 aediﬁcant

276 3747 608 3816 audientes,
652 3747 851 3819 plena,
904 3748 1230 3820 cumulata,
1261 3749 1548 3806 conferta.
1584 3751 1732 3816 Quia
1758 3751 1938 3822 igitur

279 3841 420 3894 sunt
447 3836 712 3910 plerique
738 3837 844 3910 qui
884 3837 1091 3894 dicunt
1131 3855 1254 3894 non
1304 3839 1504 3895 futura
1535 3856 1645 3912 pro
1676 3843 1936 3913 peccatis

279 3943 413 3982 esse
467 3927 778 3999 supplicia,
831 3943 942 3984 nec
998 3928 1364 3984 extrinsecus
1414 3930 1765 3986 adhibenda
1817 3935 1936 3986 tor-

277 4018 503 4082 menta,
534 4015 639 4070 sed
665 4017 864 4088 ipsum
892 4021 1207 4089 peccatum
1242 4021 1299 4072 et
1326 4017 1760 4073 conscientiam
1790 4018 1938 4074 deli-

278 4103 356 4159 cti
383 4103 650 4158 futurum
697 4119 827 4159 esse
854 4120 962 4176 pro
992 4121 1192 4176 plena,
1225 4105 1372 4160 dum
1405 4105 1626 4161 vermis
1665 4106 1728 4161 in
1759 4107 1939 4164 corde

277 4208 402 4249 non
432 4191 701 4259 moritur,
734 4197 791 4248 et
833 4193 893 4248 in
923 4193 1129 4250 animo
1158 4193 1313 4264 ignis
1339 4195 1724 4250 accenditur:
1770 4195 1828 4252 in
1859 4195 1938 4251 si-

278 4271 676 4338 militudinem
714 4281 898 4338 febris
952 4298 1088 4354 quas
1137 4298 1260 4338 non
1308 4287 1542 4356 torquet
1574 4284 1939 4340 extrinsecus

281 4374 693 4441 zegrotantem,
745 4371 850 4426 sed
899 4387 1152 4443 corpora
1200 4371 1332 4444 ipsa.
1374 4373 1727 4444 corripiens,
1768 4375 1942 4446 punit

283 4459 414 4513 sine
445 4459 814 4516 cruciatuum
839 4459 1169 4515 forinsecus
1209 4459 1578 4517 adhibitione
1609 4462 1773 4534 quod
1805 4479 1941 4534 pos-

281 4544 464 4614 sidet;
508 4546 620 4602 has
655 4546 854 4620 itaque
891 4547 1312 4619 persuasiones
1359 4553 1417 4604 et
1445 4549 1753 4621 decipulas
1783 4550 1942 4606 frau‘

278 4634 562 4691 dulentas
603 4634 788 4692 verba
833 4636 1036 4692 inania
1085 4635 1409 4706 appellavit
1455 4640 1512 4692 et
1556 4652 1773 4704 vacua,
1801 4653 1938 4709 quas

277 4724 559 4780 videntur
602 4725 914 4781 ﬂorentem
945 4724 1276 4798 quemdam
1320 4725 1542 4782 habere
1573 4742 1936 4795 sermonem,

279 4817 339 4870 et
386 4812 647 4869 blandiri
691 4813 1102 4886 peccantibus,
1152 4814 1258 4870 sed
1303 4814 1452 4871 dum
1503 4814 1792 4872 ﬁduciam
1837 4815 1937 4871 tri-

278 4901 493 4970 buunt,
520 4901 715 4974 magis
745 4917 850 4958 eos
879 4901 1077 4958 ferunt
1106 4902 1185 4958 ad
1215 4906 1437 4959 interna
1457 4903 1772 4976 supplicia,
1791 4903 1940 4976 quia

278 4989 354 5045 de
383 4989 550 5046 nullo
579 4991 710 5062 [al.,
739 4989 907 5046 nulla
933 4991 1017 5062 re]
1049 4990 1136 5046 sic
1181 4990 1456 5048 irascitur
1494 4993 1648 5048 Deus
1677 5008 1936 5065 quomo-

276 5079 357 5137 do
388 5080 438 5136 si
465 5085 746 5154 peccator
773 5080 1099 5153 superbiat,
1127 5085 1184 5137 et
1212 5086 1441 5138 erectus
1469 5099 1538 5138 ac
1566 5083 1792 5153 rigidus
1812 5099 1935 5140 non

271 5171 549 5228 ﬂectatur
595 5170 658 5228 in
703 5169 933 5242 ﬂetum,
982 5185 1093 5227 nec
1146 5169 1618 5229 misericordiam
1671 5171 1937 5244 postulet

273 5275 386 5332 pro
411 5259 672 5331 delicto.]

346 5350 390 5419 -ι-
410 5347 804 5404 Cassiodorus
823 5347 886 5404 in
905 5347 1142 5422 psalmo
1168 5364 1248 5404 xx
1274 5351 1455 5416 (vers.
1484 5348 1588 5419 IO).
1608 5347 1822 5416 [Panes
1844 5362 1939 5404 eos

274 5443 344 5494 ut
368 5435 672 5494 clibanum
700 5439 877 5510 ignis.
911 5436 1194 5495 Clibanus
1215 5441 1304 5493 est
1322 5435 1652 5509 coquendis
1673 5435 1936 5507 panibus

274 5525 432 5583 aenei
444 5527 672 5583 vasculi
687 5526 946 5584 deducta
960 5526 1198 5582 rotundi
1210 5531 1321 5596 tas,
1335 5541 1472 5598 quae
1489 5523 1602 5580 sub
1624 5525 1937 5583 urentibus

263 5613 546 5687 ﬂammis
566 5616 736 5675 ardet
760 5615 1120 5675 intrinsecus
1141 5630 1158 5673 :
1179 5614 1243 5673 in
1263 5629 1387 5688 qua
1406 5612 1789 5674 similitudine
1809 5631 1936 5673 me-

2047 396 2303 440 mmrore
2329 385 2535 453 animi,
2560 391 2617 442 et
2645 387 2871 459 paanali
2916 387 3353 443 excruciatione
3383 389 3700 460 torquendi

2046 476 2204 536 sunt,
2233 474 2376 546 quia
2400 480 2610 531 contra
2637 475 2876 544 regulas
2908 476 3142 531 Domini
3168 476 3470 532 obstinata
3500 483 3698 534 mente

2045 561 2339 619 vixerunt.
2373 567 2658 621 Dominus
2705 567 2768 621 in
2816 567 2912 622 ira
2956 581 3067 622 sua
3114 566 3494 622 conturbabit
3522 582 3615 622 eos
3643 572 3701 624 et

2045 648 2352 707 devorabit
2376 668 2469 710 eos
2497 655 2674 724 ignis.
2705 654 2864 711 Ordo
2887 654 3099 727 judicii
3127 654 3532 727 pulcherrima
3557 670 3700 711 nar-

2044 738 2274 795 ratione
2303 740 2693 799 describitur:
2726 742 2860 800 illos
2896 743 3057 800 enim
3103 749 3469 817 peccatores,
3500 744 3605 817 qui
3634 760 3699 802 se

2044 841 2156 898 pro
2193 832 2437 885 actuum
2487 846 2735 887 suorum
2780 831 3149 902 malignitate
3195 832 3578 905 discruciant,
3608 832 3701 891 ira

2046 914 2281 972 Domini
2305 918 2445 974 dicit
2483 935 2611 975 esse
2644 921 2998 989 turbandos,
3025 921 3274 996 quando
3300 921 3578 978 audient:
3609 922 3700 978 Ite

2042 1003 2107 1059 in
2135 1007 2332 1076 ignem
2378 1013 2668 1065 teternum
2711 1010 2946 1081 (Matth.
2976 1027 3140 1079 xxm,
3169 1014 3280 1081 41),
3309 1015 3365 1066 et
3406 1010 3520 1067 ista
3565 1026 3698 1067 sen-

2042 1093 2222 1151 tentia
2252 1103 2714 1169 consequentur,
2739 1103 2803 1155 ut
2831 1103 3119 1172 perpetua
3139 1099 3388 1156 ﬂamma
3413 1099 3699 1156 devoren-

2040 1185 2155 1250 tur,
2184 1198 2330 1239 nam
2353 1185 2692 1255 jussionem
2732 1187 2967 1243 Domini
2996 1187 3164 1244 nulla
3192 1203 3362 1243 mora
3388 1187 3700 1261 subsequi-

2041 1273 2154 1340 tur,
2188 1272 2292 1327 sed
2341 1289 2483 1329 mox
2530 1279 2596 1329 ut
2641 1274 2906 1331 decernit
2952 1275 3267 1348 impletum
3315 1280 3424 1346 est,
3455 1275 3562 1331 iste
3611 1278 3697 1331 ta-

2039 1374 2179 1414 men
2205 1360 2361 1429 ignis
2404 1362 2488 1417 sic
2514 1362 2779 1420 absumit
2804 1368 2868 1419 ut
2899 1367 3110 1430 servet,
3138 1363 3221 1419 sic
3252 1367 3446 1420 servat
3472 1368 3535 1419 ut
3561 1349 3695 1418 cru;

2038 1446 2171 1516 ciet,
2215 1449 2578 1522 dabiturque
2637 1452 2872 1507 miseris
2915 1452 3038 1507 vita
3086 1452 3357 1507 mortalis
3408 1456 3465 1508 et
3513 1467 3697 1524 pana

2040 1538 2343 1592 servatrix.
2359 1539 2376 1609 ]

2107 1627 2148 1694 ’ξε
2179 1625 2343 1682 Idem
2373 1627 2433 1682 in
2459 1627 2695 1699 psalmo
2721 1645 2920 1684 xnvm.
2954 1630 3321 1691 [Peccatores
3347 1627 3508 1684 enim
3527 1627 3589 1683 in
3611 1627 3698 1682 in-

2033 1713 2201 1769 ferno
2223 1716 2448 1786 positos
2470 1733 2630 1772 mors
2657 1723 2878 1773 aeterna
2895 1717 3182 1790 depascit.
3205 1721 3352 1774 Nam
3377 1717 3534 1772 sicut
3553 1731 3695 1772 oves

2032 1800 2183 1856 lanae
2213 1819 2334 1859 suae
2371 1805 2693 1860 amissione
2713 1806 2934 1876 jugiter
2958 1810 3358 1879 perseverant,
3395 1805 3480 1860 sic
3506 1805 3567 1860 in
3596 1803 3697 1861 illo

2035 1907 2272 1964 semper
2293 1893 2418 1948 sine
2442 1894 2860 1950 imminutione
2891 1896 3238 1950 substantias
3267 1894 3490 1949 invenit
3526 1893 3695 1965 quod

2033 1995 2216 2052 paena
2269 1981 2608 2039 (liscruciet.
2639 1986 2921 2053 Depascit
2958 1984 3118 2040 enim
3167 2000 3202 2039 a
3242 1964 3552 2055 jumentisr
3585 1965 3705 2038 ira!
3769 1964 3782 1986 ’

2036 2073 2200 2125 ctum
2229 2076 2336 2141 est,
2368 2089 2504 2144 quae
2547 2073 2767 2129 herbas
2815 2090 2938 2129 non
2981 2074 3268 2129 radicitus
3313 2072 3562 2140 vellunt,
3591 2070 3698 2126 sed

2038 2159 2358 2216 abscidunt
2380 2161 2544 2234 ipsas
2573 2163 2767 2235 potius
2795 2163 3214 2235 summitates.]
3475 2167 3479 2172 ’

2111 2248 2146 2314 1-
2174 2252 2289 2304 Nec
2319 2251 2714 2307 omittendum
2749 2253 3112 2307 credidimus
3143 2251 3310 2323 quod
3333 2267 3472 2306 cum
3500 2250 3561 2305 in
3585 2266 3697 2305 cte-

2038 2337 2179 2392 teris
2235 2337 2469 2407 Origeni
2525 2340 2696 2410 paria
2744 2340 2958 2396 sentire
3011 2341 3320 2409 delegeris,
3370 2340 3430 2394 in
3481 2353 3696 2407 genere

2041 2442 2359 2498 poenarum
2404 2427 2482 2483 ab
2531 2428 2632 2483 illo
2683 2429 2937 2485 multum
2976 2429 3248 2485 diversus
3277 2429 3516 2484 abieris.
3549 2431 3696 2483 Nam

2039 2515 2136 2571 ille
2165 2516 2367 2584 ignem
2397 2522 2454 2572 et
2494 2532 2728 2573 vermes
2774 2518 3101 2591 impiorum
3144 2517 3540 2574 conscientias
3584 2515 3697 2570 cri-

2041 2604 2274 2659 minum
2305 2605 2690 2676 propriorum
2730 2611 2786 2662 et
2814 2609 2998 2662 sensit
3045 2612 3100 2662 et
3129 2606 3330 2662 docuit
3355 2623 3368 2660 :
3403 2611 3466 2661 tu
3496 2605 3698 2674 ignem

2041 2693 2155 2749 hoc
2185 2697 2471 2764 quartum
2516 2693 2949 2750 elementorum
2987 2695 3428 2763 dogmatizans,
3456 2695 3700 2763 excepta

2041 2769 2410 2837 beatitudine
2439 2798 2564 2854 qua
2590 2784 2918 2855 priventur,
2950 2783 3178 2838 nullam
3209 2783 3292 2838 eis
3330 2797 3579 2854 pcenam
3609 2779 3698 2835 ul-

2041 2869 2275 2924 latenus
2301 2869 2398 2925 vel
2439 2870 2500 2925 in
2529 2871 2734 2926 anima
2763 2871 2856 2925 vel
2892 2869 2954 2926 in
2983 2887 3232 2942 corpore
3263 2870 3697 2939 adhibendam,

2043 2974 2220 3014 eosve
2251 2975 2578 3015 asseveras.
2607 2959 2753 3015 Hinc
2781 2964 3024 3015 sanctus
3065 2961 3460 3031 Hieronymus
3491 2962 3698 3014 contra

2044 3045 2324 3102 Ruﬁnum
2355 3052 2707 3103 sectatorem
2733 3047 3235 3120 interpretemque
3257 3047 3523 3117 Origenis
3551 3045 3697 3102 scri-

2041 3134 2194 3191 bens
2225 3135 2307 3191 ita
2359 3136 2657 3208 eloquitur
2698 3137 2950 3208 (Videsis
2993 3138 3224 3192 Hieron.
3269 3137 3495 3194 Contra
3531 3137 3696 3204 Ruﬁ-

2043 3241 2207 3292 num,
2239 3224 2341 3280 lib.
2376 3243 2438 3292 ιι,
2470 3226 2532 3280 in
2561 3227 2876 3299 principio)
2905 3246 2918 3283 :

2114 3313 2311 3380 [Quod
2343 3318 2545 3370 autem
2588 3315 2937 3389 imprecaris
2971 3315 3274 3381 fratribus,
3305 3315 3419 3370 hoc
3459 3318 3550 3370 est
3594 3314 3702 3368 cri-

2042 3397 2443 3454 minatoribus
2479 3400 2614 3464 tuis,
2649 3404 2902 3455 aeternos
2928 3401 3095 3469 ignes
3119 3417 3257 3455 cum
3287 3399 3552 3464 diabolo,
3574 3413 3700 3454 non

2042 3490 2167 3542 tam
2198 3485 2406 3542 fratres
2430 3487 2578 3543 mihi
2606 3487 2825 3544 videris
2855 3505 3145 3560 premere,
3176 3505 3363 3561 quam
3388 3487 3700 3543 diabolum

2045 3574 2382 3645 sublevare,
2414 3592 2552 3632 cum
2581 3576 2799 3632 iisdem
2829 3577 3051 3649 quibus
3081 3578 3357 3633 homines
3388 3574 3702 3633 Christiani

2043 3663 2284 3734 ignibus
2316 3665 2660 3736 puniendus
2689 3667 2779 3722 sit.
2812 3667 2986 3736 Ignes
3015 3672 3216 3723 autem
3265 3671 3518 3722 aeternos
3547 3680 3702 3738 quos

2043 3753 2366 3822 intelligere
2389 3755 2539 3810 solet
2565 3755 2869 3825 Origenes,
2897 3759 3043 3826 puto
3073 3756 3240 3827 quod
3265 3760 3315 3811 te
3336 3771 3459 3810 non
3488 3754 3700 3824 fugiat,

2047 3841 2473 3896 conscientiam
2520 3841 2794 3896 videlicet
2838 3847 3242 3913 peccatorum,
3279 3847 3336 3897 et
3380 3841 3702 3912 paenitudi-

2046 3944 2186 3986 nem
2239 3931 2473 3986 interna
2521 3931 2716 3986 cordis
2766 3937 3076 3986 urentem:
3136 3931 3210 3985 de
3254 3946 3376 4002 qua
3421 3934 3477 3984 et
3517 3929 3702 3984 Isaias

2044 4020 2362 4091 loquatur:
2408 4020 2629 4075 Vermis
2678 4035 2878 4075 eorum
2927 4035 3048 4075 non
3102 4021 3410 4088 morietur,
3443 4024 3497 4074 et
3543 4019 3701 4088 ignis

2046 4124 2250 4165 eorum
2296 4123 2417 4163 non
2469 4109 2887 4179 exstinguetur
2935 4109 3078 4179 (Isa.
3125 4125 3276 4174 LXVI,
3329 4108 3455 4179 24):
3516 4110 3573 4162 et
3623 4105 3704 4162 ad

2047 4196 2418 4269 Babylonem
2444 4197 2730 4269 scriptum
2763 4195 2870 4252 sit:
2902 4198 3100 4254 Habes
3132 4198 3415 4254 carbones
3443 4197 3700 4267 ignibus,

2045 4287 2270 4343 sedebis
2335 4302 2516 4357 super
2581 4301 2717 4344 eos:
2780 4287 2843 4342 hi
2896 4293 3070 4344 erunt
3118 4288 3226 4343 tibi
3280 4289 3340 4342 in
3399 4285 3704 4356 adjutorio

2048 4378 2190 4448 (Isa.
2239 4394 2415 4441 XLVII,
2456 4377 2576 4448 14):
2629 4381 2685 4434 et
2737 4377 2798 4433 in
2847 4378 3080 4434 Psalmo
3124 4376 3414 4450 paenitens
3457 4374 3699 4432 audiat:

2050 4466 2206 4532 Quid
2231 4467 2409 4522 detur
2447 4467 2572 4537 tibi,
2620 4471 2726 4522 aut
2755 4467 2902 4537 quid
2943 4472 3287 4536 apponatur
3316 4465 3444 4534 tibi,
3476 4464 3558 4520 ad
3588 4463 3702 4517 lin.-

2045 4569 2228 4624 guam
2257 4555 2561 4610 dolosam:
2591 4555 2846 4624 Sagitta:
2870 4557 3131 4624 potentis
3171 4559 3363 4612 acuta:
3401 4567 3535 4610 cum
3575 4564 3708 4605 can-

2049 4643 2296 4698 bonibus
2337 4644 2705 4700 desolatoriis
2753 4646 2876 4713 (Ps.
2913 4660 3067 4710 crux,
3099 4649 3155 4715 3,
3197 4647 3274 4713 4),
3321 4645 3386 4699 ut
3429 4641 3704 4710 linguam

2046 4730 2324 4787 dolosam
2349 4750 2362 4787 :
2397 4731 2626 4802 sagittae
2657 4737 3092 4805 praeceptorum
3123 4733 3244 4800 Dei,
3273 4731 3348 4787 de
3381 4729 3606 4803 quibus
3640 4727 3703 4783 in

2047 4819 2165 4876 alio
2190 4819 2324 4876 loco
2350 4820 2647 4892 Propheta
2675 4821 2854 4878 dicit:
2899 4823 3176 4879 Versatus
3213 4837 3344 4877 sum
3368 4822 3432 4876 in
3462 4819 3702 4875 miseria

2047 4906 2189 4961 dum
2238 4907 2560 4976 conﬁgitur
2606 4906 2759 4962 mihi
2801 4907 2978 4976 spina
3009 4909 3131 4974 (Ps.
3160 4922 3318 4970 xxxx,
3366 4905 3462 4977 l1):
3493 4904 3704 4959 vulne-

2047 4999 2179 5050 rent
2220 4999 2402 5067 atque
2444 4994 2814 5062 confodiant,
2843 5000 2900 5052 et
2928 5002 3313 5069 peccatorum
3355 4995 3418 5051 in
3466 5010 3538 5051 ea
3566 4994 3703 5051 soli-

2051 5083 2319 5140 tudinem
2343 5083 2588 5139 faciant.
2609 5083 2760 5140 Illud
2788 5101 3032 5158 quoque
3058 5085 3467 5142 testimonium
3493 5084 3554 5139 in
3581 5099 3704 5157 quo

2050 5173 2338 5230 Dominus
2365 5173 2664 5246 loquitur:
2696 5175 2906 5244 Ignem
2936 5178 3070 5232 veni
3113 5177 3348 5232 mittere
3378 5188 3559 5243 super
3588 5179 3704 5228 ter-

2047 5277 2201 5332 ram,
2233 5269 2287 5318 et
2316 5276 2495 5332 quam
2529 5263 2661 5318 volo
2705 5268 2770 5318 ut
2796 5263 3006 5320 ardeat
3036 5265 3202 5336 (Luc.
3227 5281 3330 5333 χιι,
3359 5265 3472 5327 49),
3508 5259 3594 5314 sic
3616 5258 3706 5314 in-

2047 5355 2437 5424 terpretatur:
2473 5353 2694 5409 Omnes
2741 5353 2918 5427 cupio
2961 5369 3138 5424 agere
3182 5347 3615 5426 paenitentiam,
3647 5351 3704 5403 et

2048 5455 2381 5514 excoquere
2412 5441 2630 5514 Spiritu
2664 5447 2874 5500 sancto
2893 5443 3036 5500 vitia
3065 5448 3242 5515 atque
3269 5442 3537 5514 peccata.
3572 5442 3700 5511 Ipse

2049 5528 2209 5583 enim
2242 5547 2377 5584 sum
2408 5530 2482 5586 de
2507 5548 2630 5602 quo
2657 5532 2966 5588 scribitur:
3001 5534 3152 5587 Deus
3178 5529 3333 5600 ignis
3353 5540 3700 5584 consumens

2047 5621 2133 5675 est
2163 5615 2355 5690 (Deut.
2382 5633 2463 5689 ιν,
2495 5620 2608 5694 24).
2641 5623 2767 5678 Non
2794 5634 2937 5690 ergo
2963 5617 3190 5693 grande
3218 5621 3305 5676 est
3331 5617 3447 5672 hoc
3473 5614 3548 5672 de
3577 5613 3702 5670 dia-
