4158 6192
499 129 634 194 ηερ

1556 135 1616 196 8.
1656 131 2028 200 PRUDEﬂTll
2065 131 2448 200 TRIGENSIS
2486 133 2824 198 EPISGOPI.

495 249 639 314 bolo
666 252 882 320 dicere,
913 254 1078 330 quod
1108 259 1165 312 et
1192 255 1542 318 hominibus
1585 262 1995 331 praeparatum
2036 259 2143 323 est,
2179 255 2227 318 Α
2256 269 2382 312 non
2410 255 2556 312 arsit
2584 256 2664 318 ad
2703 256 2883 318 trium
2913 271 3241 328 puerorum
3273 254 3661 328 supplicium,
3694 262 3758 314 et
3782 259 3923 314 arsit

497 342 682 412 Magis
713 341 1034 413 debueras,
1069 350 1131 404 ut
1159 345 1564 418 suspicionem
1593 347 1805 406 salutis
1835 345 2149 404 diabolica

499 429 849 496 destinaras,
887 431 1119 490 dicere:
1150 435 1420 494 Perditio
1447 437 1650 506 factus
1681 453 1759 505 es,
1789 443 1842 494 et
1885 453 2004 494 non
2035 437 2148 494 eris

497 519 561 580 in
610 524 898 579 ceternum
944 521 1089 591 (Jer.
1128 525 1332 597 xxvn).
1378 527 1442 582 Et
1484 541 1554 585 ex
1605 542 1863 599 persona
1915 523 2151 587 Domini

493 606 798 682 loquentis
824 610 904 668 ad
948 611 1064 672 Job
1093 612 1168 673 de
1197 613 1478 672 diabolo:
1518 617 1673 674 Ecce
1699 633 1828 688 spes
1861 620 1989 687 eius
2012 618 2149 687 fru-

497 697 792 760 διναὸίίιιν
825 714 977 768 eum,
1005 706 1060 760 et
1105 703 1438 762 videntibus
1479 707 1707 762 cunctis
1749 705 2152 776 praecipitabiv

501 792 603 846 tur
647 788 800 856 (Job.
831 805 926 858 XL,
965 792 1096 862 28):
1145 809 1264 850 non
1322 795 1496 865 quasi
1541 796 1800 851 crudelis
1853 795 2151 852 suscitabo

497 891 631 938 eum
651 892 675 934 .'
702 879 833 950 quis
858 881 1013 936 enim
1044 883 1314 942 resistere
1339 885 1562 954 poterit
1593 885 1791 941 vultui
1817 899 1938 941 meo
1958 888 1986 942 ?
2012 884 2151 951 Quis

500 971 641 1026 ante
687 966 850 1024 dedit
899 971 1066 1040 mihi,
1101 977 1166 1027 ut
1205 972 1453 1028 reddam
1494 975 1586 1028 ei?
1631 975 1838 1030 Omnia
1883 989 2014 1043 quae
2044 974 2152 1028 sub

501 1058 647 1117 coelo
687 1064 828 1114 sunt
872 1075 1001 1118 mea
1045 1067 1218 1119 sunt:
1254 1079 1372 1118 non
1416 1079 1670 1132 parcam
1719 1065 1789 1129 ei,
1825 1064 2015 1120 verbis
2053 1080 2154 1133 po-

503 1147 781 1217 tentibus,
813 1153 866 1205 et
897 1150 976 1206 ad
1003 1151 1445 1220 deprecandum
1485 1155 1819 1222 compositis
1851 1155 2000 1221 (Job.
2034 1170 2153 1224 xm,

505 1239 554 1302 l,
586 1237 640 1305 2,
673 1235 773 1310 3).]

571 1325 1012 1394 tCassiodorus
1036 1327 1096 1383 in
1127 1329 1364 1388 Psalmo
1387 1347 1447 1386 ix
1471 1349 1483 1386 :
1511 1331 1939 1402 [Cognoscetur
1962 1331 2156 1388 Domi-

503 1429 615 1474 nus
631 1416 869 1484 judicia
895 1416 1163 1486 faciens:
1194 1420 1256 1476 in
1288 1421 1558 1489 operibus
1591 1436 1873 1477 manuum
1906 1435 2155 1478 suarum

503 1505 959 1572 comprehensus
985 1513 1067 1562 est
1087 1505 1387 1576 peccator.
1413 1511 1566 1564 Vera
1592 1509 1766 1564 nimis
1795 1514 1849 1565 et
1881 1509 2158 1566 absoluta

2258 342 2339 399 ad
2368 344 2782 401 comburenda
2806 345 3136 414 ligamenta
3166 345 3294 414 [al.,
3317 343 3629 415 ligamina]
3659 345 3920 404 vincula

2256 447 2423 488 rum:
2455 433 2537 490 ita
2567 433 2721 503 ignis
2753 435 3044 504 gehenna;
3072 437 3130 489 et
3155 432 3373 488 lucebit
3402 433 3640 489 miseris
3663 436 3745 491 ad
3777 452 3915 508 aug-

2258 526 2530 580 mentum
2559 539 2898 597 poenarum,
2921 527 2988 580 ut
3002 522 3243 580 videant
3259 521 3417 580 unde
3437 522 3706 593 doleant,
3725 528 3789 582 et
3801 540 3914 581 non

2258 612 2478 671 lucebit
2528 612 2608 670 ad
2642 612 3136 680 consolationem,
3177 627 3254 672 ne
3301 611 3541 669 videant
3582 613 3750 669 unde
3783 631 3920 684 gau-

2259 703 2471 772 deant;
2505 703 2657 761 inter
2681 704 2860 774 hujus
2882 703 3014 759 vita:
3041 706 3096 762 et
3126 703 3336 760 futurae
3365 701 3722 760 infelicitatis
3749 705 3924 760 mise-

2259 792 2411 850 riam
2443 793 2630 850 multa
2657 793 2934 850 discretio
2965 797 3090 851 est:
3135 791 3253 848 illic
3295 791 3456 848 enim
3484 796 3542 848 et
3567 792 3817 849 miseria
3841 799 3924 850 est

2259 887 2502 956 propter
2545 883 2979 942 cruciationum
3025 881 3294 938 dolorem
3331 881 3458 950 [al.,
3491 882 3925 939 cruciationem

2261 971 2584 1043 dolorum],
2617 978 2674 1030 et
2720 972 2979 1028 tenebris
3030 974 3273 1044 propter
3321 971 3472 1028 lucis
3520 973 3924 1043 eversionem,

2261 1077 2523 1134 quorum
2550 1079 2739 1118 unum
2769 1063 2830 1118 in
2858 1063 2971 1120 hac
2996 1062 3137 1128 vita,
3165 1061 3227 1118 id
3255 1066 3346 1117 est
3375 1061 3615 1118 miseria
3630 1067 3740 1128 est,
3759 1062 3926 1118 aliud

2262 1167 2387 1207 non
2413 1157 2534 1218 est;
2567 1151 2628 1214 in
2659 1150 2892 1210 inferno
2924 1155 3124 1208 autem
3151 1154 3476 1222 utrumque
3505 1152 3632 1222 est.)

2334 1239 2368 1306 1-
2395 1239 2749 1298 Ambrosius
2804 1239 2866 1294 in
2921 1237 3182 1310 Epistola
3226 1238 3424 1310 prima
3468 1238 3549 1297 ad
3592 1239 3923 1295 Corinthios

2265 1329 2385 1401 (xv,
2441 1331 2568 1402 22):
2623 1330 2792 1386 Sicut
2846 1329 3007 1386 enim
3059 1330 3123 1384 in
3171 1328 3362 1386 Adam
3410 1344 3610 1385 omnes
3661 1331 3930 1384 moriun-

2268 1422 2388 1484 tur,
2420 1418 2506 1476 ita
2541 1424 2593 1474 et
2633 1419 2697 1472 in
2746 1418 2988 1476 Christo
3038 1432 3235 1474 omnes
3288 1417 3776 1485 viviﬁcabuntur.
3813 1421 3930 1473 Hoc

2267 1505 2408 1562 dicit
2430 1507 2576 1578 quia
2606 1507 2755 1564 sicut
2786 1506 2984 1562 Adam
3013 1522 3276 1578 peccans
3307 1511 3566 1563 mortem
3598 1505 3842 1572 invenit,
3875 1513 3934 1562 et

504 1593 816 1664 sententia,
867 1597 1156 1668 quoniam
1211 1603 1354 1659 tunc
1401 1599 1715 1656 manifeste
1764 1603 2158 1669 cognoscatur
2199 1615 2238 1671 Β
2268 1612 2478 1656 omnes
2508 1612 2580 1653 ex
2605 1597 2736 1667 ejus
2785 1597 3016 1665 origine
3059 1596 3246 1652 tenuit
3291 1600 3356 1653 ut
3387 1595 3825 1666 dissolvantur,
3851 1596 3932 1654 ita

505 1681 792 1740 Dominus
816 1684 1046 1754 judicia
1069 1686 1316 1754 faciens,
1339 1688 1588 1760 quando
1612 1689 2029 1760 peccatoribus
2049 1689 2158 1746 da-

501 1769 591 1827 bit
605 1775 826 1830 aeterna
846 1775 1206 1833 cruciatione
1229 1779 1518 1850 torqueri:
1544 1778 1640 1833 hic
1661 1779 1841 1843 enim,
1857 1779 2002 1850 quia
2023 1783 2163 1836 sunt

504 1859 588 1916 eis
627 1860 816 1918 libera
846 1864 1090 1934 scelera,
1123 1867 1378 1938 relinqui
1419 1867 1742 1924 creduntur
1771 1866 2021 1924 forsitan
2051 1868 2160 1924 im-

498 1950 750 2022 punita;
785 1953 892 2008 sed
911 1953 1156 2010 ubidies
1179 1955 1274 2012 ille
1301 1956 1796 2016 manifestationis
1830 1957 2158 2022 advenerit,

505 2043 562 2098 Bt
592 2039 808 2098 throno
838 2042 1166 2111 maiestatis
1190 2059 1312 2098 suae
1341 2045 1629 2102 Dominus
1653 2045 1914 2104 salvator
1933 2046 2162 2104 insede-

503 2127 598 2195 rit,
647 2133 788 2184 tunc
843 2131 1195 2199 generaliter
1240 2139 1601 2202 agnoscatur
1653 2135 1887 2208 operari
1935 2135 2163 2206 judicia

506 2232 633 2278 sua.
669 2218 918 2290 quando
943 2218 1281 2278 humanum
1308 2238 1516 2294 genus,
1540 2223 1664 2282 sive
1683 2241 1722 2284 a
1742 2224 2010 2292 sinistris,
2037 2225 2160 2280 sive

503 2322 542 2364 a
571 2306 792 2364 dextris
821 2309 952 2379 ejus
981 2309 1156 2368 fuerit
1198 2312 1444 2370 arbitrio
1475 2319 1856 2387 segregatum
1881 2333 1894 2371 :
1929 2315 2046 2372 hoc
2074 2319 2164 2372 est

505 2395 668 2458 enim
704 2397 933 2468 judicia
982 2417 1115 2456 vere
1166 2401 1382 2470 facere,
1430 2404 1906 2477 uniuscujusque
1953 2405 2162 2462 merita

507 2485 636 2542 sine
681 2485 883 2560 aliqua
927 2489 1277 2551 confusione
1324 2492 1681 2552 discernere.
1719 2495 1998 2566 Sequitur
2030 2509 2162 2550 sen~

506 2576 702 2637 tentia:
753 2577 936 2649 hujus
979 2586 1189 2651 aperta
1232 2580 1577 2640 declaratio.
1615 2583 1762 2640 Dicit
1809 2583 1970 2639 enim
2001 2584 2162 2640 unde

505 2669 886 2740 cognoscitur
910 2670 1200 2728 Dominus
1245 2686 1383 2729 vere
1402 2673 1644 2741 judicia
1683 2673 1904 2740 facere,
1935 2671 2160 2730 scilicet

503 2757 752 2829 quando
781 2759 1064 2818 uexuosis
1091 2759 1374 2832 operibus
1403 2761 1529 2819 suis
1559 2765 1839 2835 peccator
1884 2761 2160 2832 astringi~

504 2849 618 2914 tur,
651 2852 707 2905 et
733 2847 1068 2906 secundum
1097 2854 1344 2906 actuum
1371 2850 1721 2923 qualitatem
1742 2851 1990 2921 dignam
2019 2851 2161 2907 reci.

2269 1691 2324 1741 et
2357 1685 2624 1742 Christus
2657 1701 2779 1746 non
2809 1701 3089 1758 peccans,
3123 1690 3180 1742 et
3219 1701 3326 1758 per
3361 1685 3478 1741 hoc
3507 1685 3756 1741 vincens
3779 1701 3935 1741 mor-

2269 1779 2387 1831 tem
2414 1775 2581 1850 (quia
2605 1775 2711 1847 qui
2731 1791 2855 1832 non
2882 1779 3090 1846 peccat
3105 1774 3286 1832 vincit
3307 1779 3586 1844 mortem,
3601 1775 3753 1846 quia
3772 1791 3932 1829 mon

2271 1883 2342 1922 ex
2379 1869 2673 1938 peccato),
2705 1866 2989 1926 omnibus
3040 1867 3147 1938 qui
3192 1870 3330 1925 sunt
3384 1881 3451 1922 ex
3499 1866 3631 1936 eius
3684 1882 3934 1938 corpore

2272 1955 2590 2028 acquisivit
2617 1956 2823 2023 vitam,
2859 1956 2919 2011 id
2965 1960 3054 2013 est
3085 1955 3604 2013 resurrectionem.
3649 1955 3932 2022 Quamvis

2269 2061 2412 2115 ergo
2444 2045 2782 2114 generalem
2825 2045 3092 2106 tribuerit
3138 2044 3661 2113 resurrectionem,
3698 2046 3931 2099 utsicut

2269 2134 2330 2190 in
2357 2134 2551 2190 Adam
2582 2150 2793 2190 omnes
2822 2134 2945 2192 sive
2970 2134 3116 2207 justi
3159 2134 3281 2190 sive
3311 2133 3516 2204 injusti
3544 2133 3925 2192 moriuntur:

2269 2223 2351 2279 ita
2380 2227 2436 2279 et
2461 2223 2522 2278 in
2552 2222 2779 2279 Christo
2819 2237 3031 2279 omnes
3063 2227 3186 2279 tam
3216 2221 3524 2280 credentes
3553 2239 3748 2298 quam
3780 2221 3928 2277 ditii-

2270 2312 2478 2369 dentes
2502 2316 2816 2384 resurgant
2838 2313 3020 2384 (Rom.
3055 2330 3110 2383 v,
3145 2315 3197 2383 9,
3233 2316 3316 2380 18,
3352 2313 3511 2384 etc.),
3545 2311 3684 2368 licet
3712 2311 3788 2368 ad
3811 2328 3929 2388 pcn-

2269 2418 2415 2458 nam
2464 2401 2775 2470 increduli,
2828 2406 3030 2458 tamen
3093 2401 3379 2458 viviticari
3433 2400 3731 2473 videntur,
3787 2401 3928 2474 quia

2270 2507 2524 2563 corpora
2587 2505 2697 2547 sua
2758 2490 3042 2564 recipient
3101 2490 3230 2561 jam
3293 2506 3417 2546 non
3477 2489 3762 2554 morituri,
3814 2486 3924 2543 sed

2269 2581 2504 2652 passuri
2533 2596 2780 2653 poenam
2822 2580 2882 2636 id
2909 2581 2992 2636 eis
3019 2580 3145 2635 sine
3175 2581 3316 2646 ﬁne,
3346 2579 3517 2652 quod
3545 2579 3772 2635 credere
3805 2593 3920 2632 no-

2267 2669 2529 2726 luerunt.

2339 2761 2381 2829 1-
2405 2758 2567 2814 [dem
2596 2758 2658 2814 in
2701 2759 2915 2815 eadem
2945 2758 3302 2820 Ambrosius
3331 2759 3451 2830 (xv,
3483 2760 3564 2814 31)
3591 2777 3606 2810 :
3637 2759 3745 2828 [Et
3764 2759 3934 2828 quod

2267 2849 2544 2914 seminus,
2561 2863 2682 2904 non
2713 2864 2930 2918 corpus
2955 2849 3116 2920 quod
3128 2850 3410 2919 futurum
3431 2854 3506 2904 est
3524 2847 3936 2911 seminas,sed

502 2935 925 3032 pit-ultionem.
944 2941 1093 2997 Nam
1124 2954 1338 2996 sensus
1361 2939 1458 2996 ille
1480 2941 1729 2998 omnino
1751 2940 2030 2998 vitandus
2046 2944 2155 3008 est,
2189 2975 2230 3032 ϐ
2269 2939 2499 2994 nudum
2515 2954 2797 3009 granum,
2820 2945 2886 2994 ut
2903 2945 3056 3008 puta
3075 2939 3265 2995 tritici
3281 2945 3389 2996 aut
3408 2939 3663 3007 alicujus
3687 2943 3936 3032 caetero-

502 3024 609 3097 qui
635 3029 806 3098 putat
835 3031 1210 3099 peccatorem
1243 3028 1371 3086 sola
1409 3029 1763 3086 delictorum
1789 3046 2037 3086 suorum
2067 3046 2158 3086 re.

502 3114 848 3173 cordatione
875 3118 1291 3176 cruciandum.
1323 3121 1474 3175 Nam
1501 3119 1548 3174 si
1585 3120 1699 3175 hoc
1726 3123 1964 3176 tantum
1995 3119 2159 3176 sufﬁ-

504 3210 679 3272 ceret,
710 3221 897 3278 quare
927 3207 1257 3263 diceretur:
1285 3208 1374 3264 Ite
1402 3209 1465 3264 in
1494 3209 1689 3279 ignem
1722 3215 2034 3279 aeternum,
2057 3211 2163 3280 qui

495 3300 756 3364 paratus
777 3302 859 3353 est
881 3296 1120 3353 diabolo
1141 3302 1196 3354 et
1215 3298 1447 3368 angelis
1469 3299 1596 3368 eius
1616 3298 1854 3368 (Matth.
1881 3315 2018 3368 xxv,
2042 3300 2155 3370 41).

503 3385 571 3438 Et
595 3384 778 3440 illud:
822 3386 1044 3440 Vermis
1074 3402 1278 3442 eorum
1309 3402 1429 3442 non
1457 3389 1767 3456 morietur,
1792 3394 1847 3444 et
1881 3390 2041 3458 ignis
2071 3404 2160 3445 eo-

501 3487 639 3527 rum
683 3487 801 3526 non
855 3475 1272 3542 exstinguetur
1309 3477 1448 3544 (Isa.
1493 3490 1642 3545 LXVI,
1675 3477 1790 3546 24).
1840 3480 1967 3532 Non
1998 3477 2160 3532 enim

501 3558 598 3614 hic
641 3557 775 3614 loca
829 3564 1262 3616 tormentorum
1313 3567 1496 3631 negat
1541 3565 1962 3635 peccatoribus
2005 3565 2157 3634 dari,

505 3647 612 3702 sed
640 3663 749 3720 per
777 3646 1096 3720 qualitates
1142 3665 1393 3722 operum
1437 3668 1685 3708 suorum
1731 3669 1833 3710 eos
1863 3654 2005 3710 dicit
2027 3669 2160 3711 esse

503 3736 893 3808 torquendos.
947 3737 1284 3794 Sentiamus
1329 3755 1470 3810 ergo
1525 3742 1726 3798 locum
1775 3748 2158 3815 peccatorum

501 3824 812 3898 suppliciis
843 3842 974 3882 esse
1002 3833 1425 3900 praeparatum,
1449 3830 1855 3901 intelligamus
1879 3833 2163 3888 extrinse-

500 3931 607 3971 cus
637 3915 873 3988 poenale
895 3916 1149 3984 malum,
1169 3918 1335 3991 quod
1357 3920 1658 3977 sceleratis
1691 3921 1946 3992 legimus
1967 3921 2162 3978 immi-

499 4020 674 4064 nere:
704 4021 848 4061 nam
879 4011 944 4061 ut
968 4021 1176 4064 revera
1202 4024 1642 4079 cognoscamus
1669 4010 2101 4068 beatitudinem
2125 4027 2162 4068 a

498 4093 911 4150 damnationis
965 4096 1333 4167 quibusdam
1391 4099 1660 4158 terminis
1711 4116 1843 4156 esse
1895 4101 2164 4157 dividen-

500 4183 666 4244 dam,
697 4183 1083 4242 recordemur
1107 4186 1352 4244 divitem
1390 4189 1598 4244 oculos
1621 4190 1992 4254 sublevasse,
2015 4207 2162 4262 pau-

500 4286 829 4344 peremque
857 4275 1142 4330 Lazarum
1173 4275 1234 4329 in
1259 4276 1395 4330 sinu
1421 4277 1676 4332 Abrahae
1700 4277 1882 4332 fuisse
1909 4293 2160 4351 conspe-

502 4366 688 4430 ctum,
722 4377 783 4417 se
839 4367 1042 4420 autem
1089 4362 1354 4419 ﬂammis
1412 4365 1722 4420 ultricibus
1779 4367 2156 4439 deputatum.

504 4451 670 4508 Unde
709 4451 858 4508 ordo
903 4453 1011 4509 iste
1060 4453 1320 4510 veritatis
1367 4453 1710 4510 nullatenus
1765 4455 2077 4526 diceretur,
2112 4463 2164 4519 si

501 4546 850 4615 peccatores
904 4542 1203 4598 malorum
1257 4542 1592 4602 recordatio
1641 4543 1768 4601 sola
1820 4550 2159 4618 torqueret:

501 4632 631 4688 haec
655 4637 796 4689 sunt
825 4633 1061 4690 occulta
1088 4634 1206 4702 ﬁlii
1225 4649 1361 4706 quas
1392 4633 1600 4689 titulus
1622 4634 1946 4706 praedixit]

575 4723 834 4782 Isidorus
854 4723 1140 4795 (Sentent.
1159 4723 1263 4779 lib.
1281 4739 1320 4786 ι,
1341 4739 1393 4778 c.
1415 4728 1507 4792 28)
1535 4742 1546 4780 :
1580 4724 1834 4797 [Duplex
1850 4725 2164 4782 damnato-

501 4827 640 4867 rum
670 4828 852 4885 poena
879 4817 968 4869 est
994 4813 1055 4868 in
1087 4813 1364 4883 gehenna
1388 4829 1650 4886 quorum
1671 4817 1728 4870 et
1751 4820 2016 4870 mentem
2047 4815 2164 4871 urit

502 4899 758 4967 tristitia,
789 4905 847 4956 et
870 4917 1089 4974 corpus
1121 4901 1390 4972 ﬂamma,
1405 4902 1578 4974 juxta
1595 4902 2166 4970 vicissitudinem,ut

505 4986 609 5060 qui
639 4992 834 5044 mente
860 4992 1279 5058 tractaverunt,
1310 4991 1477 5064 quod
1507 4991 1861 5064 perﬁcerent
1889 5008 2159 5064 corpore,

506 5075 686 5134 simul
697 5080 752 5133 et
763 5077 966 5134 animo
978 5079 1305 5150 puniantur
1316 5085 1373 5136 et
1387 5081 1865 5153 corpore,ignem
1878 5081 2163 5150 gehennae

506 5169 587 5227 ad
616 5167 843 5242 aliquid
867 5167 1070 5225 lumen
1105 5170 1350 5238 habere,
1381 5171 1460 5227 ad
1487 5171 1714 5245 aliquid
1745 5187 1868 5227 non
1898 5170 2118 5227 habere
2144 5189 2156 5227 :

504 5261 620 5317 hoc
650 5264 738 5318 est
766 5258 988 5316 habere
1008 5259 1213 5316 lumen
1239 5259 1318 5317 ad
1343 5260 1819 5328 damnationem,
1836 5264 1900 5314 ut
1920 5259 2164 5316 videant

503 5349 673 5422 impii
702 5349 864 5406 unde
893 5348 1154 5418 doleant,
1189 5354 1245 5407 et
1279 5366 1400 5406 non
1445 5351 1666 5407 habere
1697 5349 1773 5404 ad
1804 5347 2160 5405 consolatio-

506 5452 761 5502 nem,ne
792 5439 1030 5496 videant
1045 5439 1206 5497 unde
1237 5439 1561 5511 gaudeant.
1583 5441 1737 5510 Apta
1763 5436 1830 5492 ﬁt
1851 5452 2161 5511 compara-

507 5527 588 5586 tio
617 5527 691 5583 de
723 5529 961 5586 camino
990 5530 1171 5586 trium
1216 5543 1539 5602 puerorum
1581 5530 1759 5596 (Dan.
1791 5543 1872 5596 Ili,
1903 5533 1992 5598 23,
2025 5530 2160 5602 etc.)

511 5618 588 5676 ad
613 5618 951 5692 exemplum
988 5619 1144 5692 ignis
1173 5618 1492 5693 gehennae;
1533 5632 1679 5678 nam
1707 5619 1858 5678 sicut
1882 5619 1979 5678 ille
2004 5619 2160 5692 ignis

2269 3043 2438 3084 rum:
2471 3030 2629 3084 Deus
2655 3037 2852 3085 autem
2878 3030 2976 3084 illi
2991 3030 3103 3085 αυτ
3131 3043 3346 3098 corpus
3365 3034 3550 3098 prout
3577 3028 3774 3083 voluit
3808 3025 3930 3098 [al.,

2268 3117 2446 3192 vult],
2478 3124 2531 3174 et
2562 3119 2886 3190 unicuique
2925 3119 3213 3174 seminum
3251 3118 3566 3188 proprium
3608 3132 3851 3186 corpus.
3881 3117 3932 3172 Si

2267 3220 2356 3275 erg
2381 3221 2418 3262 o
2444 3207 2678 3262 nudum
2709 3221 2967 3278 granum
2991 3208 3337 3274 seminatur,
3357 3211 3413 3263 et
3432 3207 3563 3278 [al.,
3587 3207 3677 3279 ut]
3704 3206 3807 3262 Dei
3830 3221 3933 3261 nu-

2270 3300 2332 3352 tu
2355 3295 2817 3369 quodammodo
2844 3297 3276 3353 elementorum
3298 3294 3630 3352 ministerio
3653 3295 3930 3352 vestitum

2265 3394 2522 3456 resurgit
2567 3387 2698 3457 [al.,
2732 3387 3046 3457 resurgat],
3079 3385 3268 3442 multa
3311 3400 3519 3441 secum
3566 3384 3808 3440 habens
3853 3385 3934 3439 in—

2269 3479 2575 3532 crementa
2610 3475 2873 3531 utilitatis
2903 3476 3188 3531 humanm
3213 3491 3226 3531 :
3261 3491 3367 3531 cur
3396 3490 3520 3530 non
3551 3473 3839 3531 credibile
3863 3474 3932 3529 sit

2269 3565 2370 3620 Dei
2419 3565 2628 3621 virtute
2671 3569 2980 3623 mortuum
3029 3581 3207 3638 posse
3260 3579 3591 3633 resurgere,
3623 3564 3934 3620 melior-ate

2270 3656 2502 3710 tantum
2557 3653 2911 3718 substantia,
2943 3669 3067 3709 non
3122 3669 3374 3711 numero
3421 3652 3932 3725 multiplicatum?

2269 3745 2468 3811 (Joan.
2501 3760 2602 3809 xu,
2643 3743 2756 3815 25.)
2805 3744 2961 3810 Quid
3009 3759 3150 3815 ergo
3194 3743 3514 3816 requiritur
3562 3741 3930 3806 ab.infideli,

2267 3849 2391 3906 quo
2421 3848 2671 3906 corpore
2703 3837 3022 3904 resurgant
3047 3833 3286 3902 mortui,
3310 3847 3449 3888 cum
3479 3829 3757 3903 exempla
3774 3846 3932 3903 prae-

2270 3922 2485 3978 cedant
2533 3922 2612 3978 ad
2658 3922 2841 3977 ﬁdem
2895 3923 3051 3978 hanc
3109 3922 3433 3977 melioratse
3483 3920 3932 3976 resurrectionis

2269 4012 2396 4083 [al.,
2422 4011 2871 4068 resurrectionis
2915 4011 3246 4084 praedicant
3274 4010 3506 4081 ﬁdem],
3537 4024 3662 4065 non
3695 4010 3930 4064 amissa

2270 4101 2618 4158 substantite
2639 4102 2666 4158 ?
2695 4101 2838 4174 quia
2864 4101 3176 4174 proprium
3199 4115 3420 4173 corpus
3447 4099 3692 4172 recipiet
3721 4099 3782 4154 in
3814 4113 3930 4170 quo

2243 4181 2247 4184 λ
2271 4195 2504 4246 creatus
2533 4191 2728 4246 Adam
2753 4195 2859 4261 est,
2887 4191 3053 4262 justa
3081 4189 3360 4262 exempla
3397 4187 3770 4261 supradicta.
3795 4189 3928 4242 Non

2273 4281 2462 4335 omnis
2491 4293 2633 4335 caro
2660 4281 2862 4336 eadem
2894 4294 3055 4347 caro,
3089 4280 3192 4336 sed
3230 4280 3352 4334 alia
3382 4279 3619 4348 quidem
3658 4277 3925 4340 homines,

2273 4371 2399 4424 alia
2431 4375 2628 4424 autem
2651 4371 2902 4438 pecoris,
2927 4371 3053 4427 alia
3080 4384 3221 4425 caro
3253 4369 3612 4436 volatitium,
3641 4368 3768 4422 alia
3789 4379 3928 4420 caro

2265 4459 2521 4528 piscium
2574 4461 2629 4524 (Ι
2676 4457 2814 4513 Cor.
2864 4475 2923 4514 v.
2968 4459 3079 4530 20).
3130 4461 3278 4514 Cum
3335 4473 3406 4514 ex
3465 4458 3682 4513 eadem
3727 4470 3932 4511 massa

2271 4547 2468 4602 omnis
2502 4561 2641 4603 caro
2673 4547 2766 4617 sit,
2797 4546 2960 4602 unde
3011 4551 3067 4603 et
3095 4546 3405 4619 quomodo
3436 4546 3496 4602 in
3528 4546 3622 4601 his
3650 4549 3815 4601 tanta
3843 4543 3933 4598 di-

2269 4637 2519 4692 versitas
2547 4641 2658 4709 est,
2691 4640 2755 4692 ut
2783 4651 2906 4692 una
2935 4634 3210 4710 impensa
3241 4636 3458 4693 faceret
3489 4649 3704 4707 genere
3731 4632 3932 4686 diver-

2271 4741 2340 4782 sa
2358 4726 2386 4782 τ
2413 4725 2620 4782 Dicant
2641 4741 2801 4781 nunc
2827 4725 3113 4798 sophistae
3140 4725 3371 4789 mundi,
3399 4729 3455 4781 et
3480 4727 3840 4780 scrutatores
3863 4720 3936 4775 si-

2271 4814 2485 4871 derum
2516 4815 2565 4870 si
2587 4815 2787 4871 valent
2807 4814 3317 4887 comprehendere
3334 4827 3470 4886 quas
3497 4815 3664 4869 extra
3687 4827 3747 4866 se
3773 4813 3932 4877 sunt,

2271 4920 2410 4960 cum
2467 4905 2614 4977 quid
2651 4904 2805 4960 intra
2853 4919 2914 4960 se
2959 4904 3050 4975 sit,
3086 4903 3375 4960 nesciant.
3408 4902 3675 4974 Denique
3720 4913 3934 4956 omnes

2270 4993 2564 5049 mundani
2606 4993 2970 5066 philosophi,
3001 4993 3108 5066 qui
3148 4999 3413 5048 mentem
3462 5007 3635 5048 suam
3688 4989 3810 5060 legi
3843 4988 3937 5044 Dei

2269 5082 2606 5152 humiliare,
2638 5087 2703 5138 ut
2741 5083 2924 5139 ﬁdem
2973 5083 3102 5154 ejus
3154 5083 3544 5155 susciperent,
3588 5079 3934 5136 noluerunt.

2270 5171 2507 5228 diversa
2536 5186 2772 5244 semper
2819 5176 2876 5227 et
2925 5171 3226 5228 contraria
3265 5176 3621 5239 asserentes,
3655 5165 3937 5225 inanissi-

2271 5262 2384 5318 mis
2417 5262 2922 5338 disputationibus
2949 5261 3207 5317 invicem
3230 5277 3291 5317 se
3323 5259 3764 5329 confuderunt;
3796 5259 3938 5332 quia

2269 5351 2331 5407 in
2370 5351 2535 5407 nullo
2573 5351 2791 5407 horum
2831 5349 3157 5408 testiﬁcatus
3186 5351 3448 5407 veritatis
3483 5349 3727 5419 signum
3775 5347 3938 5416 agni-

2271 5445 2398 5498 tum
2429 5445 2535 5510 est,
2568 5441 2733 5514 quod
2777 5445 2913 5498 ante
2945 5441 3205 5514 positum
3252 5439 3450 5496 verbis
3481 5437 3936 5509 commendare:

2270 5528 2626 5601 doctrinam,
2653 5532 2803 5587 sicut
2824 5536 2882 5587 et
2899 5532 3050 5586 Deus
3063 5530 3324 5587 decrevit
3339 5527 3668 5602 disciplinae
3691 5534 3930 5590 nostra,

2271 5635 2405 5692 quae
2431 5635 2556 5680 non
2579 5620 2778 5680 verbis
2799 5618 3108 5694 probatur,
3134 5617 3242 5679 sed
3270 5618 3504 5692 virtute,
3531 5633 3629 5677 cm
3648 5631 3778 5678 non
3797 5631 3933 5692 pos-
