4158 6192
375 178 500 236 1341

1275 177 1365 230 DE
1400 169 2109 233 PRESDES‘I‘INA‘I'IONI
2148 167 2430 230 CONTRA
2467 171 2516 231 Ι.
2557 173 2857 233 SCOTUM.

3636 175 3782 238 1³61

365 303 506 358 sunt
530 298 719 357 verba
744 299 1038 358 resistere.
1073 298 1599 365 Quemadmodum
1628 314 1773 370 ergo
1802 302 1859 356 et
1895 309 2021 354 una
2053 297 2102 353 Α
2130 293 2490 368 principium
2505 312 2580 356 ea
2597 297 2939 358 conditione
2950 297 3197 358 minime
3209 294 3560 358 obsistimus
3575 297 3783 370 aestui,

362 388 642 460 impensa
696 386 936 447 diversa
994 385 1390 446 animantium
1448 401 1590 446 caro
1642 392 1769 445 est:
1824 386 1908 444 ita
1963 387 2023 441 et

363 477 545 533 unius
581 476 776 536 carnis
818 475 1094 535 homines
1137 475 1355 534 diversi
1398 480 1572 534 erunt
1612 477 1900 548 dignitate
1958 474 2020 532 in

362 566 817 637 resurrectione,
833 571 899 624 ut
915 565 1048 626 talis
1071 565 1486 639 unusquisque
1507 571 1798 643 appareat
1822 564 2019 638 qualis

365 657 541 714 fuerit
571 655 812 727 meriti.]

434 749 478 817 σί-
510 749 574 802 Et
598 751 732 818 post
760 745 1075 820 paululum
1098 744 1456 804 Ambrosius
1478 746 1599 818 (xv,
1625 747 1714 818 42)
1739 764 1752 802 :
1785 746 2018 802 Tetrieis

366 840 568 892 autem
595 835 796 906 stellis,
842 841 899 892 et
929 835 1201 894 omnium
1234 836 1596 903 novissimis,
1645 835 2017 910 perﬁdorum

364 925 719 982 resurrectio
748 925 953 982 similis
983 929 1111 994 est;
1142 925 1288 998 quia
1319 942 1580 982 errorem
1604 926 1810 993 secuti,
1834 925 2017 981 stellis

363 1017 426 1072 in
480 1032 744 1072 errorem
795 1015 1152 1088 ducentibus
1193 1017 1589 1090 comparandi
1638 1022 1794 1073 sunt.
1860 1017 2018 1072 Sicut

363 1105 506 1161 dicit
533 1105 718 1161 Judas
746 1105 1057 1178 apostolus
1107 1108 1166 1163 in
1207 1106 1468 1180 Epistola
1511 1123 1621 1162 sua
1671 1107 1836 1175 (Jud.
1868 1105 2014 1177 χιιι).

362 1194 686 1252 Inﬁdelitas
714 1195 876 1250 enim
904 1211 1028 1251 non
1057 1200 1254 1268 potest
1276 1195 1500 1252 claram
1520 1196 2011 1251 resurrectionem

360 1284 617 1353 habere;
647 1285 794 1357 quia
821 1285 974 1342 sicut
1002 1286 1184 1342 carbo
1207 1287 1402 1342 cinere
1433 1303 1542 1342 suo
1573 1291 1889 1359 coopertus
1911 1285 2015 1340 ob-

363 1378 636 1440 caecatur,
691 1375 772 1431 ita
819 1380 877 1431 et
920 1375 982 1430 bi
1030 1376 1282 1448 perﬁdia
1326 1392 1436 1433 sua
1484 1377 1699 1432 erroris
1752 1375 2010 1432 tenebris

362 1464 712 1523 circumdati
742 1464 874 1521 luce
905 1465 1211 1521 carebunt.

1014 1572 1371 1629 EPILOGUS.

729 1681 818 1737 De
846 1680 1051 1738 divina
1075 1681 1626 1752 prtedestinatione.

435 1786 709 1858 Epilogus
734 1804 913 1864 porro
936 1792 1072 1846 tuus
1102 1788 1404 1846 vicenario
1428 1788 1671 1846 tandem
1693 1787 2014 1846 conclusus

359 1891 613 1932 numero
644 1877 1084 1936 confessionem
1117 1882 1230 1933 tuze
1264 1877 1401 1935 fidei
1420 1878 1732 1934 continens
1748 1876 1826 1933 ab
1849 1877 2015 1933 omni

359 1979 512 2036 pene
542 1965 972 2023 catholicorum
1003 1966 1358 2038 sinceritate,
1387 1971 1443 2023 et
1472 1966 1729 2039 puritate
1761 1965 2014 2023 secludi-

362 2057 474 2110 tur.
508 2053 769 2114 Dicendo
798 2055 1022 2131 quippe
1047 2071 1060 2110 :

935 2177 1174 2221 JOANNES
1212 2177 1433 2218 SCOTUS.

431 2268 623 2339 (Num.
662 2273 711 2336 l,
735 2271 876 2326 sect.
916 2269 989 2341 l.)
1019 2274 1060 2322 Θ
1090 2269 1232 2337 Quae
1254 2285 1387 2325 cum
1413 2270 1499 2326 ita
1521 2271 1659 2337 sint,
1685 2284 1813 2326 ecce
1828 2285 2013 2328 unum

359 2359 548 2414 Deum
583 2359 732 2414 colo.

1024 2463 1344 2504 CORRECTIO.

417 2554 460 2626 -ι-
482 2554 634 2610 Satis
666 2557 988 2628 aperteque
1011 2555 1386 2612 demonstras
1412 2559 1464 2612 te
1486 2571 1608 2611 non
1636 2555 1803 2611 aliter
1825 2557 2011 2612 Deum

359 2642 571 2711 colere,
599 2643 716 2698 nisi
752 2648 834 2700 tot
865 2645 1162 2719 tantisque
1192 2644 1540 2712 mendaciis,
1574 2644 1695 2700 imo
1724 2645 2010 2718 blasphe-

353 2730 492 2787 miis
519 2747 657 2787 eum
683 2732 966 2802 incessus,
1001 2748 1037 2787 a
1063 2732 1284 2804 quibus
1305 2732 1401 2788 ille
1421 2733 1790 2788 omnimodis
1813 2734 2009 2789 nosci-

351 2823 448 2874 tur
477 2819 726 2887 alienus,
781 2834 851 2874 ao
894 2835 1002 2892 per
1040 2820 1155 2876 hoc
1185 2836 1294 2876 nec
1322 2821 1606 2878 veraciter
1637 2822 1833 2878 colore
1866 2839 2008 2879 con-

353 2907 632 2974 vinceris,
689 2923 874 2980 quem
941 2912 1025 2964 tot
1089 2909 1426 2981 phantasiis
1476 2910 1824 2966 insimulare
1884 2928 2009 2967 non

2129 398 2256 456 qua
2283 385 2363 443 ab
2388 386 2522 459 ipso
2541 403 2682 447 eum
2714 387 3039 464 procedere
3072 386 3394 454 credimus,
3425 389 3482 442 et
3501 387 3785 458 pradica-

2129 490 2268 532 mus
2287 497 2299 534 :
2321 480 2524 536 utrum
2545 495 2691 537 sane
2713 479 2805 536 sui
2823 479 3006 536 etiam
3023 476 3387 549 principium
3406 475 3526 535 dici
3544 475 3780 551 debeat,

2127 562 2343 623 viderit
2371 566 2717 640 quicunque
2748 567 2888 626 talia
2907 567 2982 624 de
3001 582 3075 624 eo
3097 565 3314 624 sentire
3333 563 3493 632 velit,
3513 581 3652 637 quae
3671 580 3783 626 nec

2128 651 2337 712 divina
2385 655 2624 729 eloquia
2667 655 2989 723 continent,
3040 670 3236 727 neque
3286 653 3438 713 ratio
3486 652 3783 718 ullatenus

2128 744 2468 813 persuadet.
2532 745 2696 802 Unde
2735 745 3031 818 quoniam
3059 743 3208 816 quid
3245 743 3434 801 omnis
3481 741 3782 813 signiﬁca.

2127 830 2285 886 tione
2312 833 2568 888 senseris
2612 835 2858 894 minime
2906 838 3086 906 patet,
3131 833 3534 902 incongruum
3581 831 3657 890 de
3708 823 3804 891 eo-

2127 919 2374 976 ulterius
2425 922 2710 978 duximus
2756 922 3215 989 disputandum,
3278 937 3353 976 ne
3413 921 3488 975 de
3545 921 3781 976 incertis

2126 1010 2300 1082 quasi
2321 1016 2548 1066 certum
2579 1012 2808 1086 aliquid
2840 1012 3088 1067 definire
3119 1009 3660 1082 reprehensibiliter
3684 1011 3780 1082 ju-

2124 1099 2484 1170 dicaremur,
2518 1103 2625 1160 sed
2654 1103 2821 1176 quod
2854 1101 3250 1160 continuatim
3278 1098 3600 1171 adjungis:

2692 1242 2930 1282 JOANNES
2982 1241 3205 1281 SCOTUS.

2196 1351 2359 1425 (Epil.
2394 1367 2452 1408 n.
2487 1356 2538 1411 3.
2572 1356 2712 1411 sect.
2751 1354 2800 1425 1)
2833 1357 2870 1406 Θ
2910 1353 2989 1410 Et
3031 1354 3159 1422 ejus
3211 1365 3418 1417 unam,
3473 1354 3526 1406 et
3567 1350 3778 1420 solam,

2124 1455 2324 1498 veram
2353 1443 2938 1512 praedestinalionem
2973 1442 3281 1512 proﬁteor,
3318 1454 3447 1511 quae
3495 1444 3577 1495 est
3622 1439 3782 1512 quod

2123 1529 2248 1600 ipse
2267 1535 2372 1600 est,
2395 1532 2536 1601 quia
2561 1531 2659 1589 lex
2679 1533 2806 1600 eius
2827 1535 3055 1588 aeterna
3075 1535 3129 1586 et
3147 1527 3650 1586 incommutabilis
3671 1533 3777 1588 est.

2785 1669 3029 1711 CORRECT
3035 1669 3087 1710 [Ο
3095 1695 3107 1709 .

2195 1766 2235 1839 -ι-
2261 1764 2688 1821 Detestabiliter
2718 1778 3122 1832 exsecramur,
3146 1761 3437 1834 quoniam
3461 1759 3779 1817 relativum

2125 1855 2255 1927 ejus
2299 1871 2613 1928 nunquam
2662 1853 2875 1927 poterit
2920 1851 3076 1906 illius
3108 1867 3235 1906 esse
3290 1849 3773 1906 substantivum:

2124 1943 2287 2000 aliud
2334 1944 2557 2018 quippe
2602 1947 2690 1998 est
2731 1941 3178 2016 prcedestinare,
3226 1938 3390 1994 aliud
3440 1955 3611 2008 esse;
3662 1938 3777 1994 hoc

2125 2032 2513 2101 substantive,
2541 2031 2687 2087 illud
2710 2031 2972 2087 relative.
3009 2035 3154 2086 ltem
3183 2027 3477 2084 dicendo:

2703 2173 2798 2216 JOA
2808 2173 2944 2216 NNES
2976 2172 3198 2214 SCOTUS.

2196 2263 2362 2336 (Epil.
2389 2279 2452 2319 n.
2482 2267 2537 2333 4,
2570 2267 2710 2320 sect.
2745 2265 2822 2335 l.)
2867 2269 2907 2318 Θ
2955 2264 3096 2332 Quae
3123 2263 3277 2320 sicut
3307 2260 3596 2319 neminem
3623 2270 3776 2327 pra-

2121 2355 2444 2410 destinavit
2464 2355 2546 2411 ad
2564 2355 2882 2420 malitiam,
2905 2355 3048 2425 quia
3077 2354 3228 2410 bona
3249 2358 3356 2418 est,
3377 2353 3464 2408 ita
3484 2350 3776 2406 neminem

2114 2445 2573 2514 praedestinavit
2604 2445 2685 2500 ad
2707 2445 3038 2511 interitum,
3087 2443 3232 2514 quia
3271 2443 3397 2498 vita
3439 2445 3543 2506 est,
3591 2443 3647 2495 et
3684 2451 3776 2495 re-

2119 2535 2323 2603 ﬂexim
2344 2549 2367 2590 .·
2413 2535 2566 2590 sicut
2594 2535 2759 2590 nulli
2782 2535 2944 2589 malo
2970 2531 3423 2602 praedestinavit
3453 2527 3773 2596 malitiam,

2121 2637 2252 2694 qua?
2292 2623 2572 2680 interitus
2617 2629 2721 2689 est,
2778 2623 2866 2679 ita
2909 2622 3074 2678 nulli
3118 2622 3278 2677 malo
3318 2615 3776 2689 prtedestinavit

2117 2713 2448 2775 interitum,
2473 2714 2610 2784 quia
2640 2713 2878 2769 malitia
2908 2717 3013 2768 est.
3071 2710 3247 2766 Nulli
3273 2723 3532 2780 namque
3561 2705 3774 2764 Catho-

2123 2804 2234 2859 lico
2269 2805 2405 2860 licet
2433 2805 2673 2861 credere
2695 2818 2989 2861 summam
3021 2802 3366 2867 bonitatem,
3409 2815 3484 2856 ea:
3526 2811 3648 2869 qua
3690 2800 3776 2854 est

2117 2907 2288 2948 omne
2314 2893 2550 2960 bonum,
2580 2893 3040 2961 praedestinasse
3067 2891 3258 2946 alicui
3294 2890 3564 2958 aliquam
3601 2886 3777 2941 mali—-

358 2995 592 3051 metuis.
643 2979 930 3068 Quodque
980 2979 1284 3072 adjungis,
1345 3014 1528 3070 quem
1585 3015 1772 3054 unum
1822 3001 2008 3057 Deum

2122 2983 2284 3049 tiam,
2317 2988 2371 3038 et
2401 2996 2690 3037 summam
2723 2983 2927 3047 vitam,
2960 2995 3036 3036 ea:
3063 2993 3204 3050 qua,
3237 2984 3293 3034 et
3324 2979 3386 3032 in
3409 2991 3548 3047 qua,
3593 2979 3648 3030 et
3666 2987 3776 3042 per

353 3087 410 3138 te
443 3083 632 3140 colere
662 3084 902 3142 fatearis
926 3103 939 3142 :

920 3209 1157 3250 JOANNES
1207 3210 1433 3250 SCOTUS.

424 3297 588 3371 (Epil.
614 3314 676 3358 n.
707 3302 762 3372 2,
794 3304 934 3370 sect,
968 3301 1041 3374 1.)
1072 3306 1110 3355 Θ
1146 3302 1360 3371 Unum,
1394 3301 1694 3380 inquiens,
1740 3305 2005 3362 omnium

341 3387 814 3461 principium,et
842 3392 1222 3464 sapientiam,
1266 3407 1386 3466 qua
1433 3393 1670 3464 sapiens
1715 3399 1797 3452 est
1847 3409 2006 3466 quee-

348 3491 582 3550 cunque
604 3479 808 3536 anima
851 3481 1088 3552 sapiens
1131 3485 1234 3548 est,
1279 3487 1334 3539 et
1371 3481 1566 3550 ipsum
1604 3497 1844 3551 munus,
1890 3498 2004 3557 quo

349 3564 520 3628 beata
547 3572 690 3625 sunt
719 3583 1087 3643 quaecunque
1118 3568 1290 3627 beata
1315 3575 1477 3629 sunt.

1011 3691 1334 3736 GORRBCTIO.

417 3781 460 3850 -ί-
481 3779 910 3854 Etnplectimur
943 3784 1427 3853 congratulantes
1469 3801 1623 3841 veras
1662 3785 2002 3842 catholicee-

350 3883 468 3940 que
487 3868 650 3939 ﬁdei,
667 3885 792 3942 qua
817 3876 1058 3937 sancite,
1076 3889 1329 3928 summas
1351 3878 1528 3946 atque
1549 3874 1874 3930 individua;
1894 3874 2006 3930 Trl-

354 3958 553 4015 nitatis
582 3960 912 4030 veritatem,
947 3965 1003 4018 et
1028 3961 1312 4017 unitatem
1342 3963 1654 4034 praedicari
1691 3963 2001 4032 cognosci-

347 4062 520 4116 mus;
553 4048 600 4104 si
627 4053 828 4105 tamen
859 4051 1102 4106 nomine
1133 4051 1409 4122 principii
1436 4067 1558 4106 non
1577 4051 1740 4106 aliud
1756 4051 2001 4108 latebrae

345 4136 431 4191 tui
458 4138 735 4209 pectoris,
763 4155 949 4212 quam
981 4140 1331 4196 orthodoxae
1372 4139 1511 4195 ﬁdei
1559 4139 1782 4196 sanitas
1811 4141 2000 4197 conti-

347 4230 517 4282 nent:
536 4242 658 4282 non
680 4228 840 4284 enim
860 4229 1050 4285 elucet
1065 4245 1324 4302 quorum
1337 4229 1610 4284 omnium
1629 4246 1816 4286 unum
1841 4231 2001 4302 prin-

348 4314 571 4387 cipium
598 4318 827 4373 Patrem
858 4318 1092 4374 Domini
1122 4319 1310 4374 nostri
1340 4320 1482 4375 Jesu
1511 4319 1721 4377 Christi
1751 4319 1994 4390 dixeris,

346 4409 695 4462 utrumnam
725 4413 1062 4465 creaturam
1090 4409 1386 4480 omnium,
1438 4426 1515 4466 an
1545 4415 1600 4467 et
1632 4409 1753 4466 Filii
1785 4414 1841 4465 et
1875 4411 2000 4482 Spi-

346 4493 495 4547 ritus
525 4496 732 4562 sancti,
762 4514 917 4569 quos
942 4499 1270 4570 sapientiae,
1290 4499 1674 4572 munerisque
1691 4499 2001 4556 vocabulis

347 4583 649 4656 appellare
678 4587 937 4655 voluisti,
968 4604 1046 4644 an
1076 4589 1255 4644 etiam
1301 4589 1393 4644 sui
1440 4589 1667 4660 ipsius:
1711 4589 1998 4660 quoniam

343 4673 574 4746 absque
602 4675 724 4732 ulla
753 4677 1099 4750 exceptione
1131 4678 1389 4733 dicendo
1417 4678 1712 4745 omnium,
1741 4678 1887 4733 nihil
1913 4695 2002 4734 se-

342 4768 718 4836 questratum
737 4766 957 4822 videris
977 4765 1222 4835 intelligi
1244 4765 1534 4822 voluisse:
1558 4781 1700 4820 nam
1722 4767 1994 4822 omnium

343 4857 754 4911 creaturarum
777 4872 898 4912 non
920 4856 1115 4912 solum
1137 4857 1517 4923 Patrem,nec
1539 4853 1735 4910 solum
1764 4853 1992 4918 Filium,

341 4958 540 5017 neque
572 4945 768 5002 solum
799 4946 1081 5019 Spiritum
1109 4950 1404 5013 sanctum,
1428 4943 1533 5002 sed
1563 4944 1741 5000 simul
1763 4948 1994 5000 Patrem

343 5036 400 5088 et
429 5034 638 5091 Filium
681 5039 736 5092 et
763 5035 1047 5108 Spiritum
1076 5041 1353 5092 sanctum
1381 5035 1442 5091 in
1476 5035 1666 5091 tribus
1698 5035 1992 5107 personis,

339 5137 584 5196 unaque
623 5126 903 5192 essentia,
946 5125 1277 5196 majestate,
1310 5129 1622 5197 potestate,
1664 5124 1989 5192 voluntate,

337 5211 956 5281 incommutabilitate,
986 5215 1307 5270 {eternitate
1338 5231 1527 5268 unum
1559 5213 1776 5279 solum,
1809 5218 1864 5269 et
1889 5229 1990 5268 ve-

338 5316 476 5358 rum
508 5306 694 5359 Deum
725 5308 1032 5360 auctorem
1059 5304 1568 5374 conditoremque,
1620 5317 1690 5357 ac
1732 5317 1840 5372 per
1876 5301 1991 5358 hoc

339 5407 532 5448 unum
562 5394 925 5468 principium
955 5393 1075 5449 ﬁde
1104 5392 1454 5464 infatigabili
1497 5395 1678 5464 atque
1707 5389 1989 5449 immuta-

341 5480 444 5536 bili
470 5483 843 5540 conﬂtemur.
875 5487 1108 5541 Patrem
1159 5499 1299 5539 vero
1349 5481 1470 5538 Filii
1516 5480 1880 5556 principium
1918 5498 1989 5541 eo

343 5571 525 5629 modo
551 5573 806 5631 dicimus
831 5591 954 5630 non
981 5573 1166 5630 abnui
1193 5587 1314 5645 quo
1346 5572 1466 5628 Filii
1495 5571 1846 5642 genitorem,
1868 5589 1987 5630 non

343 5665 624 5720 creatura!
645 5665 1017 5726 conditorem
1031 5662 1307 5723 fatemur.
1332 5661 1582 5737 Spiritus
1601 5662 1781 5723 etiam
1801 5663 1989 5722 sancti

2117 3087 2317 3144 quam,
2349 3072 2550 3127 omnia
2575 3071 2808 3138 vivunt,
2848 3070 3038 3126 alicui
3069 3067 3526 3138 praedestinasse
3562 3061 3772 3118 interi-

2118 3168 2265 3231 tum,
2295 3163 2389 3218 vel
2405 3175 2690 3230 panum:
2730 3159 2972 3232 quando
3001 3172 3076 3213 ne
3112 3158 3177 3212 id
3216 3156 3472 3227 quidem,
3525 3151 3684 3224 quod
3711 3165 3773 3206 se

2115 3252 2366 3308 invicem
2393 3251 2612 3323 perdit,
2638 3250 2841 3320 perire
2863 3246 3180 3318 permittit.

2776 3370 3098 3413 CORRECTIO.

2187 3469 2228 3540 -ι-
2258 3470 2635 3524 Venenorum
2665 3469 2905 3523 tuorum
2937 3461 3306 3538 purulentias
3331 3458 3520 3530 etﬂas,
3546 3455 3769 3533 quibus

2114 3555 2636 3629 impudentissime
2673 3552 2900 3610 veritati
2937 3555 3118 3627 atque
3149 3548 3481 3608 auctoritati
3513 3551 3635 3603 tam
3671 3560 3767 3601 sa-

2115 3661 2354 3703 crarum
2383 3645 2733 3709 litterarum,
2766 3659 2955 3716 quam
2985 3641 3339 3696 earumdem
3381 3640 3767 3693 tractatorum

2111 3735 2382 3795 ﬁdelium
2407 3735 2748 3807 obstrepere
2776 3733 3116 3789 nullatenus
3142 3727 3464 3786 erubescis.
3508 3726 3768 3782 Dicimus

2112 3824 2313 3896 itaque
2355 3839 2663 3878 summam
2710 3821 3058 3886 bonitatem,
3109 3831 3536 3887 summamque
3583 3816 3768 3870 vitam

2111 3915 2300 3969 Deum
2330 3912 2563 3969 nullum
2587 3911 2663 3968 ad
2694 3911 3006 3980 malitiam,
3049 3909 3109 3964 id
3158 3913 3244 3964 est
3274 3910 3589 3980 peccatum
3614 3919 3766 3977 pree-

2113 4001 2450 4060 destinasse
2477 4020 2488 4058 :
2541 4015 2737 4074 neque
2763 3999 2857 4055 vel
2882 3997 3277 4073 praesciendo,
3308 3993 3402 4051 vel
3432 3992 3766 4066 prteviden-

2112 4091 2212 4161 do,
2241 4090 2335 4147 vel
2365 4088 2854 4162 praedestinando
2885 4087 3268 4162 compulisse,
3318 4088 3422 4142 aut
3446 4081 3764 4140 necessita-

2110 4186 2232 4238 tem
2258 4180 2543 4253 cuiquam
2569 4178 2865 4236 ullatenus
2885 4176 3182 4234 intulisse:
3219 4175 3323 4232 sed
3350 4171 3766 4250 peccatoribus

2110 4285 2376 4344 poenam,
2426 4285 2615 4346 quam
2663 4272 2724 4323 tu
2773 4265 3041 4326 interitus
3088 4269 3143 4322 et
3191 4263 3429 4320 malitias
3455 4259 3764 4320 vocabulis

2110 4360 2364 4418 denotas
2397 4357 2880 4433 praedestinasse,
2913 4356 3057 4431 quia
3081 4356 3315 4428 justum
3346 4356 3468 4409 est:
3522 4355 3578 4408 et
3623 4365 3763 4422 pec-

2110 4455 2340 4507 catores
2371 4447 2591 4504 meritis
2622 4447 2948 4520 suppliciis,
2981 4445 3126 4519 quia
3147 4445 3347 4517 justus
3380 4445 3501 4498 est:
3550 4454 3764 4512 quam-

2107 4539 2200 4594 vis
2225 4537 2386 4594 enim
2407 4552 2589 4608 poena
2605 4535 2904 4608 quaelibet,
2925 4533 3021 4590 vel
3041 4529 3408 4604 temporalis,
3430 4529 3520 4585 vel
3541 4531 3763 4584 aeterna

2110 4626 2384 4700 aequitate
2417 4623 2980 4699 omnipotentissimi
3023 4621 3247 4679 Judicis
3285 4617 3652 4676 merentibus
3681 4616 3761 4672 ir-

2105 4720 2318 4784 rOgata
2345 4714 2592 4787 patienti
2621 4714 2837 4788 cuique
2869 4713 3049 4783 mala,
3083 4711 3174 4769 vel
3203 4709 3430 4767 malitia
3467 4705 3756 4774 videatur,

2105 4802 2250 4878 quia
2279 4807 2482 4860 tamen
2509 4819 2546 4861 a
2573 4819 2811 4861 summo
2835 4803 3022 4872 bono,
3063 4806 3120 4858 et
3161 4815 3397 4856 summe
3434 4798 3600 4872 justo
3650 4799 3756 4864 est,

2104 4892 2369 4966 profecto
2424 4896 2481 4950 et
2517 4893 2704 4966 justa,
2750 4897 2805 4950 et
2851 4893 3016 4950 bona
3062 4895 3185 4950 est:
3231 4905 3409 4967 porro
3457 4887 3622 4964 quod
3650 4885 3758 4946 ad-

2102 4980 2330 5040 necas:

2683 5104 2919 5147 ιοΑΝΝεε
2949 5104 3172 5146 SCOTUS.

2171 5216 2340 5289 (Epil.
2363 5231 2424 5272 n.
2473 5220 2525 5284 5,
2561 5231 2620 5272 n.
2645 5217 2724 5289 2.)
2745 5222 2790 5268 θ
2817 5217 3082 5274 Proinde
3109 5233 3241 5274 cum
3263 5216 3442 5273 audio
3459 5212 3753 5283 praedica-

2102 5312 2256 5362 tores
2287 5312 2436 5375 tuos,
2466 5323 2496 5361 ο
2522 5305 2858 5363 beatissima
2889 5308 3138 5377 Veritas,
3167 5309 3289 5364 vita
3320 5304 3580 5360 omnium
3603 5316 3754 5358 com-

2097 5397 2314 5465 munis,
2344 5397 2602 5453 dicentes
2636 5401 2690 5454 te
2709 5397 3164 5468 prwdestinasse
3190 5395 3400 5465 impios
3432 5393 3512 5450 ad
3546 5392 3752 5449 interi-

2100 5491 2246 5554 tum,
2263 5492 2366 5542 aut
2380 5487 2689 5544 interitum
2710 5489 2930 5558 impiis,
2943 5487 3219 5544 continuo
3239 5485 3404 5541 video
3421 5489 3478 5540 te
3493 5482 3753 5553 prcedes-

2101 5575 2338 5644 tinasse,
2356 5573 2419 5629 id
2436 5581 2542 5646 est,
2561 5581 2702 5631 ante
2722 5577 2946 5633 saecula
2966 5574 3240 5642 deﬁnisse
3260 5574 3426 5627 intra
3447 5572 3596 5640 leges
3616 5572 3751 5624 tuas

2056 5656 2061 5661 ’
2097 5663 2614 5724 incommutabile:
2633 5671 2858 5723 certum
2875 5679 3191 5723 numerum
3207 5676 3430 5731 eorum,
3449 5658 3555 5732 qui
3566 5657 3630 5712 in
3641 5671 3752 5715 sua
