4158 6192
426 135 567 203 134³

1523 136 1580 194 8.
1620 132 1998 193 PRUDENTII
2032 131 2402 191 TRECENSIS
2440 137 2750 196 EPISCOPI

3701 139 3841 196 13M

419 269 730 340 impietate
750 270 952 338 (quam
977 279 1310 336 nunquam,
1349 269 1406 321 et
1432 276 1730 334 nusquam
1752 258 2066 330 prmdesti-
2098 259 2149 312 Α
2182 258 2497 316 mittuntur
2522 261 2584 318 in
2615 263 2924 319 caminum
2951 263 3125 335 ignis,
3153 278 3275 337 quo
3304 267 3482 337 pacto
3510 262 3777 335 relinqui
3801 278 3838 319 a

424 360 610 429 nasti)
634 355 945 412 interituri
961 358 1171 418 essent,
1202 354 1363 425 quod
1382 354 1503 411 alio
1529 352 1704 409 modo
1723 351 1846 407 dici
1853 353 2072 421 potest.

423 444 900 515 Prcedestinasti,
935 443 1205 513 Domine,
1249 445 1314 500 in
1362 449 1469 500 tua
1514 440 1913 513 prwscientia,
1947 452 2076 512 qua

422 534 571 606 falli
596 533 940 604 mutarique
962 547 1085 588 non
1110 537 1326 605 potest,
1348 546 1665 588 numerum
1694 530 1943 586 illorum
1974 527 2079 600 qui

422 637 547 680 suae
564 622 887 692 impietatis
908 627 967 679 et
979 636 1244 691 ptenam,
1258 627 1315 677 et
1334 622 1643 677 interitum
1656 616 2082 691 prteparaturi

394 716 632 785 .essent,
664 725 786 766 non
804 712 870 766 in
900 712 983 767 eis
1002 711 1163 783 quod
1179 712 1381 781 fecisti
1393 712 1746 781 puniturus,
1767 708 1871 765 sed
1889 708 1953 764 in
1973 706 2074 769 eis,

424 799 585 873 quod
601 814 723 856 non
747 799 970 870 fecisti,
993 800 1211 870 puniri
1234 799 1578 857 relicturus.

1091 957 1421 999 CORREOTIO.

495 1069 541 1139 -ι-
564 1069 693 1123 Non
717 1066 918 1123 minus
945 1067 1201 1140 impium
1236 1082 1427 1141 quam
1458 1065 1692 1123 fatuum
1735 1063 2079 1137 judicatur:

424 1171 551 1215 non
572 1154 734 1212 enim
759 1155 1181 1228 praedicatores
1209 1155 1470 1212 veritatis
1512 1155 1741 1222 dicunt,
1781 1152 1945 1226 quod
1979 1167 2082 1208 eos

424 1244 623 1301 dicere
675 1243 993 1316 conﬁngis,
1036 1243 1141 1299 sed
1188 1244 1396 1300 dicunt
1419 1242 1700 1300 veraciter
1737 1246 1789 1298 et
1833 1240 2084 1297 ﬁdeliter

427 1335 637 1402 Deum,
684 1333 837 1389 sicut
867 1332 1229 1406 supplicium
1274 1331 1710 1405 peccatoribus,
1759 1331 1843 1387 ita
1876 1344 2083 1403 pecca-

426 1425 586 1479 tores
609 1420 916 1495 suppliciis
946 1420 1280 1477 destinasse
1304 1437 1317 1477 :
1346 1420 1635 1494 quoniam
1661 1419 1897 1491 justitiae
1926 1417 2083 1473 illius

425 1509 837 1567 indubitanter
883 1510 1187 1583 competit,
1239 1509 1407 1582 quod
1454 1513 1512 1565 et
1557 1524 1738 1564 verax
1780 1507 2084 1581 Scriptura

2181 363 2244 403 se
2270 348 2422 421 ipsis
2448 351 2648 423 puniri
2675 351 2915 409 dicendi
2942 357 3100 424 sunt,
3149 369 3288 409 cum
3331 352 3412 409 ad
3454 353 3586 409 haec
3634 351 3838 410 omnia

2180 437 2367 507 inviti,
2399 438 2788 514 nolentesque
2816 441 2895 499 ab
2920 441 3051 498 aliis
3080 442 3522 515 pertrahantur.

2255 528 2517 585 Dicimus
2538 530 2739 604 itaque
2763 548 2801 589 a
2824 535 2944 588 Deo
2973 532 3307 589 secundum
3335 531 3675 605 Scripturas
3708 532 3842 603 ejus

2184 617 2366 686 mala,
2383 618 2445 675 id
2472 624 2561 677 est
2581 636 2813 693 pcenas,
2845 626 3024 695 atque
3054 622 3366 696 supplicia,
3388 637 3464 678 ne
3488 638 3633 677 cum
3662 621 3841 677 Colu-

2185 706 2360 763 tianis
2378 707 2669 765 haereticis
2688 709 3071 782 damnemur,
3092 710 3195 783 qui
3217 709 3480 767 dicentes
3501 712 3695 766 Deum
3716 725 3841 766 non

2186 794 2380 851 facere
2408 796 2573 854 mala
2600 802 2806 855 contra
2834 799 2981 855 illud
3021 798 3189 873 quod
3226 799 3516 871 scriptum
3544 802 3673 855 est:
3721 803 3839 869 Ego

2187 885 2476 941 Dominus
2491 902 2703 944 creans
2717 889 2884 945 mala
2896 888 3033 960 (Isa.
3045 905 3178 956 va,
3192 892 3272 957 7),
3287 887 3368 945 ab
3388 886 3657 943 Ecclesia
3673 887 3842 944 dam-

2188 974 2315 1030 nati
2345 979 2526 1047 atque
2554 976 2784 1050 expulsi
2830 981 2989 1034 sunt.
3031 980 3290 1033 Rursum
3329 976 3588 1033 dicimus
3636 992 3676 1033 a
3718 979 3837 1034 Deo

2189 1063 2526 1120 secundum
2549 1065 2882 1138 Scripturas
2896 1070 2948 1138 ej
2956 1082 3025 1121 us
3043 1082 3164 1123 non
3185 1082 3304 1124 esse
3320 1067 3508 1136 mala,
3522 1065 3583 1121 id
3599 1071 3688 1122 est
3704 1081 3837 1138 pw

2189 1156 2325 1208 cata
2347 1152 2444 1209 vel
2473 1152 2665 1210 melas
2693 1158 2959 1225 naturas,
2989 1170 3066 1211 ne
3094 1171 3236 1211 cum
3267 1154 3613 1212 Florimanis
3639 1155 3830 1211 haere-

2189 1241 2319 1297 ticis
2347 1241 2425 1298 ab
2452 1242 2724 1300 Ecclesiae
2754 1244 2979 1301 unitate
3008 1244 3325 1318 pellamur.
3350 1245 3462 1307 Qui
3487 1261 3527 1301 a
3547 1244 3833 1301 contrario

2189 1329 2470 1387 dixerunt
2491 1334 2679 1387 Deum
2700 1348 2940 1389 creasse
2961 1332 3145 1393 mala.
3177 1336 3388 1390 contra
3414 1333 3479 1389 id
3506 1332 3678 1406 quod
3704 1332 3844 1388 scri-

2188 1423 2361 1492 ptum
2387 1424 2493 1488 est,
2515 1422 2681 1477 Fecit
2708 1424 2866 1478 Deus
2895 1423 3096 1479 omnia
3123 1422 3523 1494 bona(Gen.I,
3541 1424 3603 1479 3t
3638 1440 3653 1477 :
3676 1422 3846 1494 punit

2189 1507 2370 1579 igitur
2390 1510 2543 1563 Deus
2563 1510 2727 1582 quod
2751 1510 2904 1582 fecit,
2926 1510 2984 1565 id
3008 1514 3098 1566 est
3112 1514 3391 1567 naturam
3411 1510 3770 1580 angelicam,
3787 1514 3847 1565 et

429 1597 682 1654 clamat:
707 1599 860 1665 Quia
882 1603 945 1653 tu
962 1599 1191 1668 reddes,
1215 1598 1514 1671 inquiens,
1536 1598 1860 1668 unicuique
1878 1611 2086 1652 secun-
2112 1611 2157 1665 Β
2191 1597 2528 1654 humanam
2545 1614 2684 1670 quae
2710 1598 3002 1671 peccavit,
3018 1614 3139 1654 non
3159 1598 3439 1671 relinquit
3455 1598 3665 1672 puniri
3685 1598 3747 1653 in
3766 1597 3851 1653 eis

430 1688 575 1744 dum
595 1703 777 1758 opera
796 1703 909 1745 sua
932 1689 1169 1760 (Matth.
1195 1705 1319 1756 xvx,
1346 1688 1460 1761 27),
1492 1702 1617 1744 non
1638 1686 1807 1754 dixit,
1830 1691 1894 1743 tu
1912 1684 2085 1742 reddi

430 1776 756 1851 permittes,
788 1781 893 1832 aut
919 1776 1119 1848 puniri
1158 1793 1194 1832 a
1233 1777 1444 1850 seipsis
1490 1776 1719 1848 seipsos
1759 1774 2082 1847 relinques,

433 1865 542 1921 sed
564 1870 629 1920 tu
657 1865 864 1922 reddes
886 1866 1207 1937 unicuique
1229 1866 1553 1923 secundum
1585 1880 1767 1935 opera
1791 1879 1921 1921 sua.
1951 1865 2083 1936 Ipse

429 1954 632 2028 itaque
660 1955 887 2028 puniet,
936 1955 1041 2027 qui
1088 1955 1316 2026 reddet,
1362 1971 1484 2012 non
1527 1956 1631 2029 qui
1677 1954 1938 2027 recipiet,
1978 1952 2087 2026 qui

432 2045 612 2102 etiam
642 2060 707 2099 se
736 2044 797 2100 in
823 2044 1052 2115 judicio
1083 2043 1385 2101 dicturum
1414 2044 1617 2117 impiis
1647 2048 1928 2101 testatur:
1973 2043 2084 2109 Ite,

432 2134 757 2203 maledicti,
789 2135 853 2188 in
882 2134 1079 2203 ignem
1102 2139 1416 2202 aeternum,
1447 2135 1553 2205 qui
1568 2138 1829 2203 paratus
1848 2136 1933 2189 est
1957 2131 2088 2187 dia-

437 2222 568 2278 bolo
617 2227 669 2277 et
709 2222 942 2292 angelis
990 2236 1117 2291 ejus
1151 2222 1392 2289 (Matth.
1435 2238 1572 2292 xxv,
1603 2222 1735 2293 it):
1782 2235 1907 2277 non
1945 2218 2088 2274 dicit

432 2310 772 2382 relinquam
796 2325 934 2376 vos,
978 2315 1041 2365 ut
1071 2326 1107 2366 a
1136 2310 1309 2365 vobis
1345 2310 1490 2383 ipsis
1536 2309 1872 2383 patiamini,
1920 2307 2089 2381 quod

432 2398 837 2472 praeparastis,
866 2397 972 2454 sed
996 2398 1313 2469 judiciaria
1342 2398 1669 2467 severitate,
1701 2402 1758 2454 et
1798 2397 2090 2454 irrevoca-

432 2487 541 2544 bili
568 2492 890 2561 potestate:
928 2489 1016 2543 Ite
1061 2490 1123 2543 in
1160 2489 1357 2558 ignem
1387 2494 1678 2545 aeternum
1705 2503 1729 2545 .'
1770 2502 1881 2543 nec
1922 2485 2085 2554 dicit,

434 2592 619 2649 quem
648 2576 1025 2649 praeparavit,
1064 2577 1161 2633 vel
1199 2583 1481 2651 preparat
1528 2577 1644 2634 sibi
1688 2576 1987 2643 diabolus,
2033 2578 2092 2631 et

440 2664 638 2733 angeli
668 2665 798 2734 ejus
825 2682 838 2731 ;
871 2664 1000 2733 scd,
1037 2666 1152 2733 Qui
1170 2672 1430 2735 paratus
1457 2671 1542 2722 est
1567 2666 1836 2733 diabolo;
1878 2670 1935 2721 et
1977 2678 2088 2719 an-

435 2754 584 2824 gelis
612 2755 760 2823 ejus.
809 2753 866 2810 Si
911 2755 1126 2826 quaeris
1155 2770 1191 2810 a
1218 2770 1342 2827 quo
1366 2758 1636 2828 paratus,
1680 2754 1822 2811 audi
1872 2752 2088 2809 Isaiam

436 2842 795 2915 prophetam
852 2844 1186 2900 terribiliter
1240 2844 1659 2901 intonantem:
1716 2845 1952 2901 Parata
2003 2847 2089 2899 est

438 2932 594 3022 enim
624 2933 700 2989 ab
732 2932 862 2989 heri
900 2947 936 2989 a
967 2949 1103 3004 rege
1151 2934 1369 3004 Tophel
1391 2947 1415 3007 ,'
1461 2940 1685 3004 parata
1727 2939 1781 2990 et
1828 2932 2089 2988 dilatata
2119 2963 2163 3022 α

436 3019 579 3091 (Isa.
606 3037 739 3089 xxx,
774 3025 887 3089 33).
924 3023 1143 3091 Tophet
1176 3022 1474 3095 siquidem
1496 3022 1859 3092 gehennam,
1894 3036 2091 3091 regem

436 3124 576 3166 vero
623 3115 832 3179 Deum,
887 3110 981 3166 his
1035 3112 1234 3168 verbis
1289 3112 1652 3184 propheticis
1708 3110 2090 3180 designatum

437 3198 605 3254 nullo
662 3199 984 3255 obsistente
1040 3206 1283 3257 sanctus
1331 3201 1726 3272 Hieronymus
1771 3199 2091 3272 explanat:

437 3290 496 3344 et
521 3286 658 3343 licet
679 3293 834 3343 recte
861 3288 977 3343 dici
1008 3289 1193 3345 soleat
1214 3304 1517 3361 quemque
1540 3293 1917 3360 peccatorem
1939 3303 2091 3361 pras-

435 3390 653 3449 parare
683 3375 797 3430 sibi
826 3380 1102 3444 mortem,
1135 3376 1230 3432 vel
1261 3392 1530 3447 poenam,
1562 3392 1749 3448 quam
1778 3376 2090 3449 peccando

439 3477 793 3532 comparare
822 3464 1153 3533 consuevit,
1198 3468 1400 3518 tamen
1439 3464 1544 3536 qui
1567 3480 1884 3537 nunquam
1914 3465 2090 3531 mori,

438 3565 756 3621 nunquam
786 3555 1082 3605 tormenta
1105 3551 1228 3623 pati
1254 3551 1446 3622 vellet,
1468 3569 1860 3626 nequaquam
1885 3570 1959 3610 ea
1978 3554 2092 3610 sibi

438 3638 571 3710 ipse
598 3636 727 3692 vult
748 3636 964 3706 facere,
989 3637 1085 3693 vel
1107 3638 1375 3709 ingerere
1404 3644 1558 3696 recte
1588 3640 1822 3712 dicitur,
1850 3643 1929 3698 ad
1956 3657 2091 3715 quae

438 3724 725 3781 nimirum
754 3725 1010 3780 ducatur
1046 3742 1117 3783 ac
1146 3730 1524 3799 pertrahatur
1550 3730 1808 3788 invitus:
1860 3732 2093 3788 dicente

438 3815 738 3886 Propheta
759 3813 837 3870 ad
864 3815 1090 3872 Deum:
1143 3819 1228 3872 Tu
1270 3833 1429 3891 vero,
1478 3821 1658 3890 Deus,
1703 3822 1954 3879 deduces
2001 3839 2095 3880 eos

440 3905 504 3961 in
535 3909 785 3973 puteum
826 3906 1104 3962 interitus
1153 3906 1275 3977 (Ps.
1325 3923 1441 3981 LIV,
1494 3912 1605 3981 24).
1663 3911 1785 3967 Nisi
1836 3911 1985 3968 forte
2040 3917 2099 3969 et

439 3991 537 4047 hic
583 3990 799 4047 eadem
841 3991 1175 4050 insulsitate
1225 3995 1495 4053 dicturus
1541 4014 1629 4071 es,
1679 4000 1930 4058 deduces
1982 4016 2096 4074 pro

440 4077 659 4135 deduci
680 4079 988 4151 permittes
1018 4083 1303 4155 positum,
1330 4086 1498 4157 quod
1540 4102 1572 4143 e
1614 4088 1865 4159 vestigio
1908 4089 2097 4160 judex

440 4166 745 4223 districtus
775 4167 998 4237 evertit,
1031 4170 1137 4242 qui
1165 4171 1469 4229 dicturum
1495 4190 1557 4231 se
1588 4180 1856 4249 tempore
1882 4178 2094 4232 messis

443 4256 960 4360 suismessoribus
1001 4260 1312 4360 praedixit:
1363 4265 1472 4360 Ite,
1522 4266 1787 4360 colligite
1836 4268 2090 4337 zizania,
2121 4304 2171 4360 ι)

443 4351 497 4402 et
545 4346 728 4415 ligate
759 4360 829 4402 ea
883 4347 945 4402 in
988 4347 1314 4417 fasciculos
1366 4352 1449 4408 ad
1494 4353 1981 4425 comburendum,
2039 4363 2095 4412 et

442 4435 659 4491 mittite
709 4448 802 4490 eos
841 4436 904 4491 in
949 4439 1248 4496 caminum
1287 4441 1472 4512 ignis:
1522 4443 1608 4498 ibi
1660 4445 1773 4500 erit
1816 4446 1993 4514 ﬂetus
2041 4452 2097 4502 et

441 4523 670 4579 stridor
692 4523 959 4581 dentium
990 4526 1226 4597 (Matth.
1272 4546 1391 4597 xm,
1420 4534 1511 4595 29,
1545 4532 1682 4604 etc.)
1728 4533 2096 4603 Angelorum

442 4612 667 4686 quippe
697 4618 1045 4671 sanctorum
1076 4616 1137 4672 id
1166 4618 1273 4674 erit
1300 4619 1498 4690 ofﬁcii,
1545 4626 1606 4678 ut
1638 4638 1849 4680 omnes
1878 4623 2098 4696 impios

444 4701 735 4759 sententia
753 4702 974 4774 judicis
1004 4711 1254 4779 accepta
1296 4723 1405 4780 pro
1447 4711 1732 4783 qualitate
1760 4711 2099 4769 facinorum

444 4787 905 4861 discriminatos,
977 4796 1157 4868 atque
1210 4798 1563 4869 conjunctos
1618 4801 1883 4857 ﬂammis
1933 4801 2098 4857 ultri-

445 4877 617 4933 cibus
647 4878 905 4946 mittant,
933 4885 1057 4938 tam
1086 4883 1359 4943 videlicet
1386 4886 1684 4958 homines,
1735 4906 1923 4963 quam
1966 4892 2098 4948 dia-

444 4965 677 5029 bolum,
710 4971 768 5023 et
793 4970 1041 5039 angelos
1067 4972 1219 5044 ejus,
1258 4975 1333 5032 de
1376 4992 1499 5049 quo
1542 4980 1831 5035 Dominus
1873 4981 1954 5037 ad
1990 4981 2101 5037 Job

445 5053 711 5128 loquitur
730 5056 859 5128 (Job
878 5074 972 5130 xL,
1002 5061 1093 5133 28)
1123 5078 1135 5117 :
1167 5064 1247 5119 Et
1276 5066 1610 5124 videntibus
1631 5071 1861 5125 cunctis
1888 5072 2101 5139 prteci-

444 5144 764 5216 pitabitur,
793 5162 831 5204 a
870 5162 994 5220 quo
1023 5166 1254 5226 quaeso,
1305 5155 1419 5212 nisi
1471 5157 1842 5216 districtione
1892 5161 2101 5233 praeci-

448 5234 664 5307 pientis
682 5235 924 5309 judicis,
952 5242 1010 5295 et
1035 5240 1421 5303 obsecutione
1450 5247 1734 5320 angelicae
1762 5248 2102 5306 servitutis?

449 5338 575 5395 quo
604 5340 766 5395 vero,
798 5326 913 5383 nisi
934 5328 1008 5385 In
1037 5330 1234 5403 ignem
1264 5340 1555 5392 aeternum
1604 5337 1710 5408 qui
1751 5338 1807 5393 ei
1842 5343 2103 5406 paratus

453 5416 536 5469 est
566 5410 642 5466 ab
672 5414 904 5484 origine
931 5420 1163 5476 mundi.
1215 5422 1376 5479 Sicut
1426 5423 1587 5478 enim
1612 5424 1793 5494 justis
1823 5439 2100 5495 regnum,

454 5498 539 5556 ita
573 5497 812 5589 injustis
840 5510 899 5559 et
924 5505 1307 5580 impiisignis
1336 5515 1583 5582 paratus
1622 5515 1712 5568 est
1754 5511 1834 5570 ab
1873 5514 2102 5589 origine

2193 1686 2358 1760 quod
2389 1686 2515 1759 ipse
2536 1702 2659 1742 non
2680 1686 2833 1756 fecit,
2866 1687 2928 1743 id
2959 1691 3050 1744 est
3073 1688 3301 1744 malam
3331 1687 3725 1744 solummodo
3744 1702 3855 1743 vo-

2191 1775 2481 1831 luntatem
2509 1792 2642 1848 quae
2672 1776 2823 1832 sicut
2850 1781 3070 1834 natura
3094 1793 3219 1834 non
3245 1780 3351 1840 est,
3382 1776 3465 1833 ita
3487 1792 3601 1850 per
3630 1792 3698 1831 se
3730 1792 3858 1849 pce-

2190 1881 2336 1922 nam
2357 1864 2570 1921 sentire
2592 1880 2715 1921 non
2732 1870 2930 1938 potest
2952 1885 2965 1923 :
3001 1869 3106 1923 sed
3132 1866 3341 1923 merito
3361 1882 3613 1940 pcenam
3632 1870 3860 1922 natura

2195 1954 2425 2022 sentiet,
2466 1970 2603 2027 quae
2634 1970 2952 2027 perperam
2998 1955 3205 2024 voluit,
3260 1971 3331 2013 ac
3379 1955 3535 2012 fecit.
3593 1955 3861 2011 Accedat

2193 2045 2409 2099 Doctor
2439 2044 2707 2113 gentium
2739 2044 2801 2099 in
2829 2044 2949 2100 ﬁde
2975 2049 3033 2101 et
3062 2045 3329 2114 veritate,
3361 2049 3416 2102 et
3434 2045 3549 2101 has
3571 2049 3694 2100 tum
3719 2060 3856 2118 per-

2192 2132 2487 2188 versitatis
2506 2131 2761 2204 ineptias
2790 2133 3123 2206 apostolica
3145 2134 3492 2191 auctoritate
3516 2133 3857 2201 detruncet,

2194 2221 2459 2294 quicum
2484 2221 2558 2277 de
2587 2221 2701 2277 hac
2730 2220 3080 2279 difﬁcillima
3104 2222 3227 2279 imo
3257 2221 3666 2279 indissolubili
3694 2238 3858 2295 qua:-

2196 2310 2386 2366 stione
2415 2309 2722 2366 fortissimi
2749 2310 3102 2384 disputaret,
3136 2310 3452 2383 adjunxit:
3483 2311 3531 2366 0
3562 2313 3758 2378 homo,
3786 2317 3856 2366 tu

2196 2400 2327 2470 quis
2346 2415 2425 2466 es,
2450 2402 2553 2470 qui
2568 2399 2923 2469 respondeas
2944 2401 3063 2456 Deo
3084 2403 3113 2456 ?
3137 2399 3433 2471 Nunquid
3446 2400 3594 2456 dicit
3607 2401 3855 2471 ﬁgmen-

2198 2494 2322 2543 tum
2351 2489 2405 2543 ei
2422 2488 2528 2560 qui
2551 2503 2612 2544 se
2630 2490 2812 2557 ﬁnxit
2835 2506 2849 2544 :
2885 2489 3084 2556 Quare
3101 2504 3195 2545 me
3214 2490 3299 2545 sic
3315 2489 3564 2559 fecisti?
3605 2490 3698 2544 An
3721 2504 3843 2544 non

2200 2579 2373 2634 habet
2392 2582 2740 2646 potestatem
2758 2579 2985 2647 ﬁgulus
3009 2578 3126 2634 luti
3144 2592 3220 2635 ex
3238 2578 3440 2634 eadem
3460 2592 3654 2635 massa
3671 2576 3846 2633 aliud

2197 2683 2300 2723 vas
2318 2667 2523 2736 facere
2541 2666 2604 2721 in
2628 2666 2931 2735 honorem,
2955 2667 3130 2722 aliud
3150 2682 3284 2723 vero
3304 2668 3367 2722 in
3391 2668 3809 2723 contumeliam
3824 2669 3856 2721 ξ’

2200 2758 2388 2825 (Rom.
2411 2771 2492 2825 1x,
2515 2759 2604 2822 20,
2638 2754 2771 2822 etc.)
2816 2754 2969 2817 Quid
3014 2755 3127 2811 sibi
3169 2755 3295 2812 vult
3340 2756 3642 2829 proposita
3670 2754 3854 2825 ﬁguli

2198 2844 2524 2902 similitudo
2553 2843 2824 2901 facientis
2869 2860 2945 2901 ex
2973 2844 3177 2901 eadem
3213 2860 3413 2901 massa
3440 2843 3601 2900 aliud
3640 2858 3749 2899 vas
3780 2844 3856 2899 in

2198 2936 2504 3006 honorem,
2529 2934 2703 2991 aliud
2725 2934 2787 2990 in
2817 2935 3256 3002 contumeliam,
3274 2933 3391 2989 nisi
3411 2938 3474 2989 ut
3492 2932 3630 2989 hinc
3649 2938 3861 2987 osten-

2198 3024 2376 3080 datur
2403 3023 2638 3079 bonitas
2669 3022 2788 3090 Dei,
2816 3026 2994 3095 atque
3011 3023 3240 3094 justitia
3258 3021 3526 3079 facientis
3549 3021 3861 3094 quosdam

2199 3111 2456 3182 gratuito
2486 3110 2896 3167 misericordia
2923 3111 2985 3166 in
3016 3110 3290 3182 gloriam,
3333 3110 3480 3167 alios
3508 3109 3749 3185 justitia
3774 3110 3862 3165 in-

2199 3201 2442 3256 flexibili
2463 3201 2525 3256 in
2548 3200 2945 3271 ignominiam
2972 3200 3439 3273 sempiternam?
3492 3202 3572 3255 Ne
3637 3200 3862 3255 etenim

2198 3291 2316 3346 huc
2345 3289 2605 3362 illucque
2625 3304 2791 3345 more
2810 3289 3180 3362 lymphatico
3202 3288 3631 3356 distrahamur,
3664 3293 3723 3343 et
3744 3287 3865 3343 alia

2198 3379 2261 3434 in
2292 3378 2487 3434 verbis
2509 3377 2685 3443 illius,
2702 3394 2891 3451 quam
2911 3378 3040 3452 ipse
3061 3378 3293 3433 dixerat
3318 3376 3717 3447 efﬁngamus:
3737 3392 3861 3432 non

2199 3470 2281 3525 ait
2305 3468 2658 3541 relinquere,
2693 3467 2790 3524 vel
2818 3468 3030 3540 sinere,
3058 3468 3186 3532 sed,
3217 3467 3506 3541 propulso
3533 3467 3715 3523 totius
3736 3482 3863 3523 am-

2197 3558 2502 3628 biguitatis
2521 3558 2751 3630 nubilo,
2768 3560 2991 3629 facere.
3007 3557 3220 3613 Veniat
3238 3561 3295 3613 et
3314 3555 3707 3629 coapostolus
3730 3556 3863 3626 ejus

2201 3651 2424 3718 Petrus,
2453 3650 2512 3703 et
2538 3648 2668 3720 pari
2695 3647 2987 3704 sententia
3006 3651 3172 3703 tuam
3194 3646 3503 3719 proturbet
3527 3645 3856 3715 insaniam,

2201 3737 2304 3810 qui
2334 3753 2475 3793 cum
2504 3737 2754 3793 diceret:
2801 3738 2979 3793 Novit
3002 3737 3288 3792 Dominus
3307 3736 3440 3805 pios
3470 3740 3525 3791 et
3555 3735 3631 3790 de
3656 3741 3855 3790 tenta-

2203 3829 2362 3885 tione
2387 3829 2651 3897 eripere:
2680 3826 3024 3898 subjunxit:
3062 3826 3276 3897 Impias
3297 3840 3435 3881 vero
3457 3825 3671 3895 igniin
3694 3824 3858 3894 judi~

2205 3918 2295 3973 cio
2332 3932 2637 3975 reservare
2684 3917 2778 3988 (Il
2817 3917 2984 3973 Petr.
3033 3932 3095 3982 ιι,
3144 3912 3220 3983 9)‘.
3270 3917 3411 3970 Ecce
3440 3918 3863 3986 propugnator

2204 4006 2563 4064 fortissimus
2585 4005 2895 4078 victorque
2923 4004 3308 4061 ﬁdelissimus
3328 4018 3455 4059 non
3477 4002 3629 4058 dixit
3651 4021 3665 4057 :
3694 4002 3862 4057 novit

2206 4095 2425 4167 impios
2461 4093 2795 4166 relinquere
2841 4092 2967 4163 igni
3013 4095 3302 4165 perpetuo
3350 4091 3412 4147 in
3460 4089 3692 4161 judicio
3730 4105 3861 4145 cru-

2208 4183 2480 4254 ciandos,
2512 4181 2620 4238 sed
2647 4196 2973 4238 reservare.

2278 4275 2554 4345 Properet
2576 4286 2821 4343 quoque
2840 4270 3052 4326 beatus
3071 4271 3101 4324 J
3109 4269 3261 4327 udas
3280 4268 3614 4343 apostolus,
3630 4273 3691 4325 et
3708 4267 3858 4341 pari-

2205 4362 2325 4419 lem
2355 4360 2475 4415 suis
2505 4358 2865 4431 coapostolis
2890 4358 2951 4414 in
2981 4363 3037 4414 te
3066 4357 3217 4415 ferat
3244 4359 3620 4422 sententiam,
3666 4358 3773 4431 qui
3798 4355 3863 4411 in

2206 4448 2468 4523 Epistola
2505 4463 2619 4505 sua
2652 4448 2735 4504 ita
2778 4447 2853 4503 de
2902 4451 2955 4503 te
3002 4448 3237 4521 tuisque
3268 4447 3562 4504 similibus
3591 4447 3866 4520 profatur

2210 4540 2366 4612 (Jud.
2426 4541 2462 4596 3
2526 4539 2719 4611 seq.):
2806 4537 3052 4595 Necesse
3119 4538 3297 4594 habui
3359 4538 3619 4594 scribere
3678 4536 3862 4601 vobis,

2207 4631 2534 4692 deprecans
2557 4629 2967 4698 supercertari
2980 4628 3158 4701 semel
3177 4628 3419 4684 tradita
3436 4629 3664 4684 sanctis
3680 4625 3820 4694 ﬁdei
3833 4639 3859 4680 .'

2208 4719 2683 4775 subintroierunt
2725 4716 2880 4773 enim
2929 4716 3174 4789 quidam
3223 4716 3509 4783 homines,
3566 4716 3672 4787 qui
3720 4713 3866 4769 olim

2200 4809 2550 4879 praescripti
2575 4811 2714 4862 sunt
2745 4806 2809 4862 in
2842 4806 2952 4862 hoc
2968 4806 3271 4876 judicium
3305 4805 3491 4875 impii,
3531 4805 3649 4860 Dei
3675 4810 3873 4859 nostri

2207 4897 2471 4968 gratiam
2524 4897 2953 4967 transferentes
3013 4896 3079 4952 in
3124 4895 3459 4965 luxuriam,
3536 4898 3595 4950 et
3670 4894 3873 4948 solum

2209 4986 2641 5042 dominatorem
2694 4992 2748 5042 et
2804 4987 2993 5041 Deum
3049 4987 3317 5040 nostrum
3378 4984 3580 5039 Jesum
3655 4982 3875 5037 Chris-

2211 5081 2337 5130 tum
2360 5081 2660 5145 negantes.
2690 5074 3073 5130 Commonere
3110 5078 3308 5129 autem
3348 5088 3446 5129 vos
3490 5073 3645 5139 volo,
3676 5072 3878 5127 scien-

2211 5170 2294 5220 tes
2347 5164 2526 5220 semel
2583 5165 2803 5232 omnia,
2859 5163 3141 5234 quoniam
3208 5163 3378 5219 Jesus
3440 5161 3743 5232 populum
3801 5160 3880 5217 de

2212 5262 2378 5310 terra
2401 5254 2670 5323 Egypti
2698 5253 2961 5316 salvans,
3009 5251 3266 5309 secundo
3303 5266 3396 5308 eos
3442 5252 3551 5323 qui
3594 5265 3719 5306 non
3752 5266 3883 5307 cre-

2210 5342 2494 5399 diderunt
2517 5342 2783 5413 perdidit
2808 5359 2821 5409 ;
2853 5342 3097 5413 angelos
3127 5356 3284 5409 vero,
3317 5341 3422 5412 qui
3448 5355 3571 5396 non
3598 5354 3881 5396 servave-

2213 5436 2357 5487 runt
2381 5446 2553 5488 suum
2574 5432 3010 5502 principatum,
3054 5430 3159 5487 sed
3200 5430 3653 5500 dereliquerunt
3693 5444 3879 5484 suum

2213 5520 2601 5589 domicilium,
2616 5523 2676 5578 in
2688 5520 2990 5592 judicium
3009 5520 3217 5591 magni
3231 5520 3339 5575 Dei
3353 5519 3609 5575 vinculis
3627 5519 3877 5574 aeternis

457 5588 692 5648 mundi.
743 5591 904 5658 Quii
964 5594 1083 5655 itur
1108 5596 1495 5669 colliguntur,
1546 5599 1652 5674 qui
1704 5588 1986 5681 ligantur,
2029 5608 2140 5683 qui
2184 5610 2323 5678 .ub
2338 5588 3871 5683 caliginereservavit:sicutSodoma,etGomorrha.
