4158 6192
309 171 444 230 1345

1231 175 1323 230 DE
1359 170 2027 233 PREDESTINATIONB
2061 169 2342 229 CONTRA
2376 171 2431 227 3.
2468 171 2764 231 SCOTUM.

3572 177 3712 233 1346

307 301 364 353 et
386 294 664 364 ﬁnitimae
690 294 962 353 civitates
991 296 1177 352 simili
1221 298 1395 354 modo
1432 299 1851 369 exfornicatce,
1902 300 1957 352 et
1988 296 2037 350 Α
2066 294 2174 351 des
2193 300 2436 354 censeat
2479 296 2836 354 orthodoxa.
2889 295 2948 353 Si
3003 296 3206 369 itaque
3250 297 3598 355 eausandus
3626 300 3721 356 est

305 383 587 440 abeuntes
629 390 765 455 post
808 400 1047 441 carnem
1078 386 1332 441 alteram
1366 387 1554 455 factce
1596 392 1736 443 sunt
1768 400 1958 442 exem-

299 473 474 543 plum
511 488 533 528 :
570 473 725 543 ignis
771 474 984 531 aeterni
1037 489 1273 543 poenam
1347 477 1721 533 sustinentes.
1774 473 1958 529 Audis

296 564 686 633 prescriptos,
720 567 775 619 et
804 578 992 633 negas
1031 563 1507 636 prtedestiuatos.
1540 565 1726 621 Audis
1774 563 1958 620 Sodo-

304 654 482 709 mitas
540 649 884 723 exemplum
932 652 1088 721 ignis
1119 654 1353 723 aeterni,
1402 658 1459 709 et
1484 653 1631 709 dicis
1661 669 1696 707 a
1735 667 1797 707 se
1845 667 1958 722 pu-

302 740 559 797 niendos
607 739 866 812 relinqui
905 744 934 796 ?
971 743 1100 796 Non
1148 741 1305 796 enim
1361 742 1682 798 Sodomitze
1730 740 1959 811 scipsos

300 828 646 902 punierunt,
698 832 801 883 ant
847 832 884 883 ἡ
925 828 1138 899 seipsis
1168 828 1368 901 puniri
1398 828 1598 885 relecti
1644 832 1803 899 sunt,
1853 824 1960 882 sed

301 915 527 973 nefarie
577 915 839 971 vivendo
884 921 1230 972 merueront
1276 917 1572 973 ﬂammeis
1617 922 1798 988 atque
1838 914 1957 970 sul-

300 1004 483 1060 fureis
511 1002 808 1059 imbribus
851 1002 1081 1059 coalitus
1121 1003 1511 1061 inﬂuentibus
1550 1002 1956 1073 concremari:

301 1089 385 1144 sic
412 1104 556 1158 ergo
582 1092 638 1144 et
667 1092 890 1143 tartaro
919 1089 1063 1144 trusi
1089 1088 1227 1159 igne
1258 1089 1337 1145 ad
1365 1089 1481 1145 hoc
1508 1089 1664 1147 facto
1704 1094 1762 1145 et
1798 1104 1958 1161 prm-

298 1182 511 1250 parato
533 1178 659 1232 sine
685 1176 873 1232 dubio
896 1177 1347 1235 comburentur.

368 1265 691 1321 Videamus
711 1265 892 1322 etiam
916 1272 1148 1339 quanta
1188 1268 1445 1340 teipsum
1475 1268 1592 1324 tuis
1618 1265 1957 1324 assertioni-

296 1356 414 1413 bus
434 1355 851 1412 contrarietate
867 1357 1370 1428 impugnes.Nam
1392 1362 1451 1413 tu
1468 1358 1595 1430 ipse
1612 1357 1801 1413 multo
1822 1359 1958 1412 ante

297 1445 556 1508 dixeras,
578 1448 898 1517 propterea
917 1446 1413 1519 praedestinatum
1434 1446 1528 1502 vel
1553 1449 1957 1519 praeparatum

296 1533 466 1590 illum
494 1534 698 1603 ignem
723 1532 969 1589 diabolo
990 1534 1127 1602 dici,
1151 1535 1445 1607 quoniam
1466 1534 1527 1590 in
1554 1550 1625 1590 eo
1649 1534 1843 1589 fuerat
1867 1547 1959 1588 or-

2068 388 2222 446 Deus
2251 386 2586 443 secundum
2617 390 2693 455 te,
2726 386 2930 458 tuique
2974 385 3317 459 eomplices,
3348 387 3516 459 quod
3568 403 3720 460 prai-

2066 473 2450 531 destinaverit
2467 475 2686 548 impios
2709 474 2923 548 pomis,
2951 490 3286 548 pcenasque
3312 474 3515 549 impiis
3542 492 3556 531 :
3584 491 3721 532 con-

2068 569 2385 636 sequenter
2413 564 2758 621 causandus
2786 567 2898 632 est,
2920 580 3108 637 quare
3123 580 3248 620 non
3268 564 3577 620 credentes
3591 564 3721 636 jam

2063 650 2438 721 judicaverit,
2465 653 2717 725 jamque
2746 651 3155 709 damnaverit:
3184 651 3353 724 quod
3377 651 3426 707 si
3444 651 3722 725 blasphe-

2067 757 2237 797 mum
2268 746 2447 813 atque
2468 742 2723 814 impium
2748 746 2859 809 est,
2880 745 3063 798 restat
3089 746 3155 798 ut
3184 741 3491 797 sinceritas
3515 742 3723 799 Catho.

2065 827 2194 883 licas
2248 828 2389 884 ﬁdei
2450 834 2752 886 tantorum
2803 829 3171 901 judiciorum
3222 828 3723 902 imperscrutabili

2068 917 2292 989 abysso
2320 917 2676 989 humillime,
2730 918 3201 992 ﬁdelissimequc
3252 917 3573 987 substrata,
3614 934 3721 974 ne-

2067 1022 2380 1079 quaquam
2411 1007 2485 1063 de
2540 1008 2816 1081 supernis
2868 1006 3366 1080 dispositionibus
3420 1010 3718 1075 causetur,

2066 1111 2278 1151 verum
2308 1111 2447 1151 cum
2470 1095 2753 1167 Apostolo
2784 1094 3076 1152 exclamet
3107 1096 3189 1151 :0
3216 1095 3716 1151 altitudodivitia-

2067 1200 2203 1240 rum
2227 1186 2539 1254 sapientice
2559 1190 2614 1241 et
2638 1186 2901 1242 scientiae
2920 1187 3066 1242 Dei!
3095 1200 3277 1257 quam
3298 1184 3719 1241 incrustabilia
3746 1188 3753 1195 ‘

2065 1281 2205 1330 sunt
2225 1275 2465 1344 judicia
2503 1277 2652 1345 ejus,
2685 1281 2740 1333 et
2758 1276 3199 1346 investigabiles
3229 1276 3342 1331 vite
3374 1276 3535 1343 ejus!
3580 1274 3721 1342 Quis

2065 1368 2222 1420 enim
2247 1366 2523 1434 cognovit
2559 1380 2794 1421 sensum
2823 1366 3086 1430 Domini,
3114 1370 3219 1421 aut
3261 1364 3390 1435 quis
3440 1364 3718 1420 consilia-

2066 1468 2170 1507 rus
2200 1455 2327 1521 ejus
2351 1454 2497 1523 fuit,
2530 1459 2637 1509 aut
2667 1455 2798 1524 quis
2824 1455 2999 1522 prior
3026 1454 3189 1510 dedit
3218 1454 3317 1509 illi
3344 1458 3398 1509 et
3429 1454 3719 1509 retribue-

2067 1546 2169 1596 tur
2198 1542 2286 1596 ei:
2319 1542 2601 1612 quoniam
2632 1556 2711 1597 ea:
2738 1542 2887 1610 ipso,
2908 1548 2963 1597 et
2982 1557 3091 1610 per
3116 1543 3243 1610 ipso
3265 1548 3319 1597 et
3339 1542 3403 1596 in
3432 1542 3559 1610 ipso
3578 1547 3719 1597 sunt

297 1621 602 1678 dinandus
628 1638 767 1678 cum
799 1623 1085 1679 omnibus
1132 1640 1257 1679 suae
1289 1623 1530 1680 malitias
1578 1620 1956 1679 consortibus
1985 1642 2027 1697 Β
2064 1631 2285 1699 omnia,
2337 1631 2456 1700 ipsi
2500 1632 2700 1701 gloria
2747 1632 2812 1687 in
2853 1632 3057 1688 secula
3100 1632 3437 1687 εεσαιονωη
3471 1647 3493 1685 ,ι
3528 1631 3722 1687 Amen

297 1711 668 1785 puniendus,
716 1716 774 1768 et
813 1713 1316 1784 quemadmodun
1346 1712 1506 1768 idem
1560 1712 1715 1781 ignis
1757 1711 1956 1767 bonus

298 1800 588 1874 profecto,
630 1802 920 1873 quoniam
971 1818 1008 1858 a
1052 1801 1218 1858 bono
1259 1802 1453 1859 factus
1482 1818 1605 1859 non
1649 1801 1832 1858 aliam
1875 1799 1956 1856 ob

298 1905 545 1947 causam
578 1889 804 1946 malum
828 1890 1082 1959 dicatur,
1112 1890 1229 1947 nisi
1249 1891 1415 1964 quod
1438 1890 1499 1947 in
1529 1907 1600 1947 eo
1629 1889 1775 1946 mali
1795 1887 1955 1945 ordi-

297 1978 607 2035 natissime
652 1978 1053 2051 disponantur
1091 1997 1103 2034 :
1154 1980 1237 2036 ita
1275 1980 1458 2036 etiam
1496 1995 1679 2052 paena
1719 1994 1842 2034 non
1871 1978 1959 2032 in-

303 2083 567 2137 congrue
590 2068 895 2139 asseritur,
927 2068 1217 2140 quoniam
1276 2067 1438 2124 idem
1476 2068 1621 2123 mali
1650 2068 1712 2122 in
1743 2066 1956 2123 eodem

296 2155 650 2212 criminibus
708 2155 832 2211 suis
884 2155 1207 2212 libidinose
1252 2157 1610 2227 commissis,
1637 2155 1956 2223 laboriose,

304 2246 848 2318 miserabiliterque
879 2246 1238 2303 cruciantur.
1271 2250 1385 2302 Aut
1410 2246 1591 2317 igitur
1616 2244 1839 2302 falsum
1872 2248 1964 2300 est

301 2352 339 2394 a
382 2337 503 2392 Deo
532 2336 702 2391 illum
739 2336 966 2406 ignem,
1023 2336 1127 2409 qui
1173 2352 1355 2409 paena
1406 2340 1494 2392 est
1542 2334 1959 2407 reproborum,

295 2424 544 2493 factum,
577 2427 634 2480 et
661 2439 875 2481 verum
902 2424 1012 2480 erit
1039 2424 1207 2497 quod
1235 2424 1325 2481 ais
1365 2442 1379 2480 :
1425 2440 1462 2480 a
1493 2427 1612 2480 Deo
1640 2438 1752 2479 nec
1807 2437 1960 2494 pree-

294 2513 683 2584 destinatam,
750 2529 862 2570 nec
890 2517 1295 2586 praeparatam
1324 2529 1567 2587 paenam
1600 2531 1613 2581 ;
1655 2516 1758 2567 aut
1784 2515 1960 2586 certe,

315 2603 365 2659 si
383 2619 596 2659 verum
628 2606 718 2658 est
746 2618 783 2659 a
807 2606 929 2659 lleo
957 2602 1202 2672 factum,
1225 2607 1279 2658 te
1307 2617 1551 2675 quoque
1580 2601 1883 2658 adnitente
1907 2604 1964 2656 et

293 2708 423 2765 prae
440 2697 724 2766 paratum
752 2710 765 2748 :
816 2691 1026 2764 procul
1053 2691 1239 2747 dubio
1268 2691 1488 2747 falsum
1507 2691 1615 2747 erit
1646 2707 1683 2746 a
1708 2692 1827 2746 Deo
1852 2705 1964 2746 nec

291 2797 565 2855 poenam,
588 2797 698 2836 nec
723 2779 1091 2852 supplicium
1119 2779 1505 2852 destinatum,
1526 2778 1623 2835 vel
1648 2794 1961 2852 praepara-

302 2877 452 2928 tum.
502 2870 818 2926 Evidenter
859 2867 1085 2942 quippe
1118 2868 1247 2942 ipse
1282 2868 1441 2925 illius
1478 2868 1753 2925 conditor
1782 2872 1963 2940 atque

298 2960 590 3049 irrogator
622 2976 683 3015 se
706 2962 870 3016 tanto
907 2962 1043 3049 ante
1069 2958 1370 3015 dicturum
1398 2958 1677 3049 praedixit
1711 2976 1724 3013 :
1778 2959 1870 3014 Ite
1992 2992 2033 3049 Ο

300 3047 497 3118 ignem
522 3053 831 3114 wternum,
853 3048 961 3120 qui
985 3052 1242 3118 paratus
1278 3053 1360 3104 est
1382 3047 1621 3103 diabolo
1648 3052 1702 3103 et
1729 3046 1961 3117 angelis

300 3138 433 3206 ejus
458 3136 697 3208 (Matth.
720 3152 863 3206 xxv,
888 3138 977 3208 41)
1016 3154 1029 3204 ;
1063 3136 1165 3209 qui
1196 3135 1377 3208 igitur
1414 3134 1748 3192 secundum
1778 3150 1958 3206 apos-

296 3224 448 3282 tolos
469 3242 639 3281 suos:
666 3226 870 3283 Potest
888 3242 966 3282 ex
1002 3226 1206 3282 eadem
1227 3240 1425 3282 massa
1438 3224 1612 3282 aliud
1634 3238 1737 3281 vas
1758 3224 1964 3294 facere

299 3317 364 3373 in
391 3317 694 3385 honorem,
724 3318 900 3374 aliud
920 3332 1061 3374 vero
1091 3319 1157 3374 in
1188 3318 1614 3373 contumeliam
1664 3316 1850 3389 (Rom.
1878 3332 1955 3381 ιιι,

294 3405 413 3477 21),
465 3409 745 3479 novitque
785 3410 917 3477 pios
964 3408 1036 3463 de
1080 3407 1404 3464 tentatione
1440 3407 1689 3479 eripere,
1744 3407 1956 3476 impios

297 3510 437 3552 vero
458 3497 587 3566 igni
616 3498 979 3554 cruciandos
1007 3512 1315 3554 reservare
1355 3497 1414 3568 (Ι
1436 3497 1599 3553 Petr.
1623 3512 1685 3565 ιι,
1718 3496 1795 3569 9),
1827 3495 1956 3569 ipse

295 3585 584 3641 nimirum
648 3602 762 3643 sua
813 3585 1190 3643 irrevocabili
1237 3585 1528 3642 sententia
1574 3585 1767 3659 poenis
1811 3602 1848 3641 a
1895 3601 1958 3641 se

303 3673 474 3732 factis
489 3675 1763 3749 prtedestinatis,preeparatis,praeordinatis,
1777 3679 1957 3748 atque

303 3764 608 3837 dispositis
629 3764 997 3837 torquendos
1019 3764 1312 3837 reprobos
1332 3764 1707 3837 praescientia
1722 3764 1957 3820 inenar-

303 3852 479 3909 rabili
503 3852 944 3925 praedamnavit
973 3869 1044 3910 ac
1086 3852 1381 3924 judicavit
1408 3852 1588 3909 etiam
1631 3857 1958 3926 antequam

305 3940 620 4010 conderet;
644 3942 749 4015 qui
770 3942 931 3998 solus
949 3941 1223 4015 praescire
1245 3941 1457 4014 potuit,
1479 3940 1677 4013 qualis
1699 3941 1959 4014 quisque

304 4029 561 4099 futurus,
590 4035 647 4087 et
665 4046 788 4103 quo
808 4030 928 4086 ﬁne
949 4030 1135 4086 vitam
1161 4034 1319 4087 esset
1345 4029 1585 4085 teneam
1616 4030 1960 4085 terminatu-

303 4133 428 4175 rus.
450 4122 581 4191 lpse
606 4118 905 4191 siquidem
926 4118 1001 4175 de
1017 4118 1388 4192 quibusdam
1410 4133 1621 4174 eorum
1646 4116 1821 4173 dixit:
1849 4117 1963 4184 Qui

308 4208 462 4262 enim
483 4224 603 4263 non
622 4208 829 4276 credit,
844 4210 976 4278 jam
985 4208 1301 4278 judicatus
1321 4212 1402 4263 est
1424 4207 1616 4278 (Joan.
1632 4221 1712 4272 ιιι,
1730 4206 1835 4275 18),
1850 4221 1961 4261 nec

307 4293 455 4352 dixit
478 4295 867 4367 judicabitur,
900 4296 1068 4368 quod
1090 4300 1293 4352 tamen
1338 4295 1663 4352 certissime
1694 4294 1961 4351 futurum

308 4379 636 4449 credimus;
667 4380 852 4437 modo
877 4381 1156 4453 superius
1182 4380 1326 4438 satis
1344 4380 1650 4450 adnotato,
1674 4379 1780 4436 sed
1794 4379 1963 4450 judi-

309 4473 497 4524 catus
511 4475 616 4541 est,
637 4469 907 4543 quando,
937 4486 1168 4544 quaeso,
1213 4470 1327 4527 nisi
1352 4474 1679 4543 antequam
1722 4468 1914 4525 factus
1934 4466 1962 4522 ‘I

314 4556 375 4612 Si
393 4571 535 4627 ergo
551 4558 676 4629 jam
693 4559 999 4631 judicatus
1020 4563 1127 4627 est,
1142 4559 1248 4632 qui
1266 4574 1391 4615 non
1415 4558 1602 4615 credit
1621 4557 1684 4614 id
1699 4557 1965 4613 estdam—

311 4649 511 4717 natus,
552 4664 737 4721 quare
778 4665 904 4705 non
940 4648 1420 4721 praedestinatus,
1470 4647 1566 4703 vel
1590 4646 1964 4719 praeparatus

309 4734 525 4792 eadem
538 4736 756 4793 divinae
769 4736 1066 4811 aequitatis
1082 4735 1291 4806 regula
1303 4735 1383 4791 ad
1398 4750 1643 4808 poenam
1657 4751 1718 4791 ve
1726 4734 1806 4790 ris
1814 4736 1964 4793 sime

309 4823 577 4882 dicatur:
603 4827 901 4900 siquidem
921 4826 1026 4899 qui
1046 4828 1213 4882 tanto
1234 4828 1372 4882 ante
1391 4824 1453 4880 in
1478 4823 1835 4897 prescientia
1855 4842 1966 4885 sua

308 4913 505 4985 potuit
528 4913 801 4985 judicare
822 4918 1001 4987 atque
1031 4913 1342 4984 damnare,
1373 4913 1578 4985 utique
1604 4912 1799 4986 potuit
1815 4928 1966 4988 prte-

309 5000 611 5059 destinare
640 5003 836 5059 eidem
862 5002 1254 5071 damnationi,
1283 5018 1353 5059 ac
1377 5018 1749 5076 praeparare:

384 5096 563 5151 Porro
581 5094 633 5150 si
653 5109 1070 5168 proponamus
1114 5093 1301 5149 Deum
1318 5093 1653 5151 dicentum:
1677 5094 1751 5152 Se
1762 5096 1969 5168 facere

309 5184 479 5240 mata
499 5189 555 5241 et
577 5199 785 5241 creare
823 5184 1093 5241 tenebras
1122 5183 1259 5253 (Isa.
1285 5199 1404 5252 xm,
1434 5184 1484 5256 7)
1512 5202 1525 5253 ;
1574 5186 1748 5257 teque
1774 5184 1838 5240 id
1866 5200 1969 5242 ne-

310 5278 556 5344 gantem
586 5273 709 5329 imo
737 5272 1127 5342 inﬁciantem,
1158 5271 1506 5345 quicunque
1542 5287 1691 5328 sano
1722 5272 1969 5333 cerebro

309 5360 507 5429 fuerit,
530 5363 651 5420 Deo
671 5363 890 5436 potius,
926 5377 1114 5435 quam
1134 5360 1238 5417 tibi
1260 5359 1620 5417 credulitatis
1649 5375 1971 5420 assensum

308 5450 691 5509 humillimus
722 5450 1070 5509 adhibebit:
1101 5448 1432 5524 praesertim
1462 5465 1603 5505 cum
1629 5449 1779 5505 nihil
1809 5450 1974 5509 aliud

311 5540 393 5595 de
419 5541 521 5596 Dei
548 5539 1201 5615 praedestinationibus,
1240 5555 1428 5612 quam
1459 5538 1534 5595 de
1572 5538 1702 5610 ejus
1725 5540 1971 5612 judiciis

306 5628 657 5704 justissimis
676 5630 1046 5709 perindeque
1059 5627 1502 5689 inevitabilibus
1518 5628 1899 5691 sentiendum
1912 5629 1979 5689 ﬁ-

2064 1720 2251 1788 (Rom.
2283 1735 2372 1788 χι,
2404 1720 2596 1790 33-36)
2624 1737 2637 1787 ;
2670 1719 2996 1791 audiatque
3047 1718 3379 1776 terribiliter
3423 1720 3721 1777 intentan-

2065 1812 2223 1864 tem:
2256 1809 2399 1864 Noli
2427 1809 2620 1864 altum
2673 1824 2901 1878 sapere,
2961 1809 3064 1865 sed
3094 1809 3234 1864 time
3260 1810 3448 1876 (Rom.
3475 1826 3557 1878 x1,
3586 1812 3676 1878 20)
3703 1822 3717 1872 ;

2065 1901 2122 1952 et
2140 1896 2499 1970 prophetam
2521 1895 2836 1953 salubriter
2861 1896 3257 1953 monitantem
3280 1914 3293 1951 :
3313 1897 3555 1953 Altiora
3570 1903 3626 1953 te
3649 1913 3723 1954 ne

2065 1987 2389 2057 qucesieris,
2438 1991 2495 2041 et
2543 1986 2949 2056 profundiora
2979 1991 3035 2042 te
3061 2001 3138 2042 ne
3185 1990 3489 2042 scrutatus
3528 1986 3721 2055 fueris

2069 2076 2286 2145 (Eccle.
2319 2091 2399 2144 IlI,
2427 2078 2541 2142 22).
2589 2075 2754 2131 Unde
2784 2079 2842 2131 et
2869 2074 3184 2131 Psalmista
3210 2078 3484 2145 testatur,
3530 2075 3724 2130 Terri-

2072 2164 2205 2220 bilis
2233 2164 2297 2218 in
2319 2164 2583 2220 consiliis
2611 2179 2794 2234 super
2820 2165 2976 2233 ﬁlios
3018 2163 3324 2220 hominum
3367 2163 3552 2234 (Psal.
3584 2180 3719 2233 va,

2070 2256 2253 2320 5);et
2302 2252 2515 2309 iterum
2556 2253 2796 2322 judicia
2828 2258 2935 2309 tua
2980 2253 3228 2323 abyssus
3282 2254 3479 2309 multa
3528 2252 3717 2322 (Psal.

2070 2358 2242 2414 xxxv,
2266 2342 2340 2414 7).
2374 2345 2560 2399 Tanto
2582 2358 2747 2413 ergo,
2779 2346 2847 2399 ut
2875 2342 2957 2399 ait
2984 2342 3196 2398 beatus
3227 2341 3567 2413 Gregorius,
3623 2356 3724 2397 ne-

2070 2446 2233 2488 cesse
2252 2435 2431 2488 estut
2469 2431 2727 2504 quisque
2780 2430 2845 2488 in
2898 2431 3230 2487 humilitate
3284 2446 3347 2488 se
3401 2429 3721 2504 deprimat,

2070 2525 2297 2594 quanto
2326 2524 2384 2577 et
2412 2519 2463 2576 si
2492 2519 2567 2577 sit
2584 2520 2805 2578 electus
2833 2520 3089 2591 ignorat.

2143 2610 2298 2676 Quid
2326 2626 2471 2667 sane
2502 2609 2839 2682 adjumenti
2865 2610 3131 2667 conferat
3150 2609 3575 2667 assertionibus
3605 2609 3722 2665 tuis

2071 2699 2433 2773 explanatio,
2486 2716 2611 2774 qua
2651 2700 2802 2757 dicis
2862 2701 3124 2771 (Epilog.
3178 2715 3347 2756 num.
3385 2702 3437 2771 6,
3472 2701 3614 2755 sect.
3641 2698 3720 2770 2).

2071 2790 2257 2846 Deum
2286 2790 2759 2861 praedestinasse,
2786 2790 2852 2846 id
2879 2795 2982 2852 est,
3013 2795 3152 2846 ante
3197 2790 3423 2846 sarcula
3452 2789 3724 2858 deﬁnisse

2072 2883 2302 2934 certum
2330 2894 2646 2936 numerum
2661 2894 2886 2946 eorum,
2910 2879 3015 2948 qui
3036 2879 3100 2933 in
3135 2892 3246 2933 sua
3277 2877 3581 2945 impietate
3601 2878 3726 2933 inte

2071 2966 2258 3022 rituri
2280 2972 2487 3023 essent.
2511 2966 2748 3023 Minime
2777 2966 2971 3032 video,
3005 2981 3191 3037 quam
3219 2964 3621 3033 refragantem
3639 2964 3724 3020 eis

2068 3056 2288 3128 potius,
2320 3071 2443 3112 non
2467 3055 2698 3125 ignoro.
2733 3053 2886 3120 Quid
2915 3057 3005 3110 est
3032 3052 3513 3127 prtedestinasse,
3541 3051 3606 3108 id
3633 3056 3726 3110 est

2069 3144 2350 3201 deﬁnisse
2391 3159 2715 3200 numerum
2770 3144 3198 3216 periturorum,
3274 3141 3389 3199 nisi
3430 3142 3725 3215 perituros

2068 3232 2549 3306 praedestinasse,
2594 3231 2654 3287 id
2698 3235 2788 3288 est
2816 3231 3120 3288 deﬁnisse.
3156 3230 3213 3286 Si
3242 3245 3385 3300 ergo
3422 3227 3727 3302 praedesti-

2066 3321 2253 3388 navit,
2322 3320 2384 3377 id
2436 3324 2524 3377 est
2575 3319 2842 3376 deﬁnivit
2912 3334 3234 3375 numerum
3299 3316 3724 3391 periturorum,

2065 3410 2369 3484 praescivit
2395 3409 2602 3482 utique
2627 3408 2964 3481 perituros:
2997 3407 3147 3480 quid
3171 3410 3372 3463 autem
3410 3404 3585 3480 pejus
3623 3406 3728 3460 aut

2065 3498 2457 3573 perniciosius
2534 3497 2820 3555 creaturis
2874 3495 3269 3553 rationalibus
3323 3494 3442 3551 dici
3510 3496 3726 3567 potest,

2065 3605 2254 3662 quam
2283 3588 2473 3660 perire
2495 3587 2523 3643 ‘I
2553 3587 2664 3653 Qui
2689 3602 2831 3656 ergo
2852 3585 3150 3659 prtescivit
3173 3583 3468 3658 perituros
3496 3582 3727 3638 malum

2065 3676 2268 3750 utique
2297 3674 2593 3749 prtescivit
2629 3691 2643 3731 :
2677 3674 2906 3731 malum
2937 3678 3025 3731 est
3067 3673 3227 3729 enim
3259 3676 3316 3728 et
3344 3670 3511 3728 omni
3565 3668 3728 3726 malo

2067 3765 2324 3822 deterius
2356 3764 2567 3837 perire.
2603 3764 2681 3833 Si,
2709 3763 2983 3835 inquam,
3028 3760 3494 3834 praedestinavit,
3535 3757 3597 3814 id
3617 3761 3725 3827 est,

2068 3853 2337 3909 deﬁnivit
2360 3856 2510 3925 quot
2530 3854 2730 3906 essent
2759 3849 3023 3922 perituri,
3054 3848 3220 3904 nullo
3248 3846 3574 3902 reluctante
3602 3861 3731 3904 ma-

2066 3941 2158 3997 los
2173 3940 2524 4013 malumque
2539 3936 3009 4011 praedestinavit,
3023 3935 3088 3991 id
3109 3939 3197 3990 est
3220 3932 3514 3998 deﬁnivit,
3536 3936 3594 3987 et
3626 3931 3731 3988 ubi

2070 4034 2162 4087 est
2190 4029 2471 4086 astructio
2494 4032 2615 4095 tua,
2640 4042 2763 4100 qua
2792 4029 3101 4098 tantopere
3122 4023 3290 4080 nisus
3312 4039 3375 4080 es
3396 4020 3728 4089 afﬁrmare;

2069 4120 2259 4176 Deum
2290 4134 2401 4175 nec
2428 4116 2763 4192 prtescisse,
2818 4131 2929 4172 nec
2981 4113 3445 4189 praedestinasse
3474 4109 3727 4178 malum,

2070 4209 2239 4283 quod
2249 4213 2338 4266 est
2351 4224 2555 4282 pcena,
2577 4211 2758 4280 atque
2780 4204 3144 4279 supplicium
3168 4221 3181 4263 :
3214 4218 3548 4277 numquam
3568 4199 3732 4257 enim

1997 4347 2042 4400 Β
2072 4298 2521 4372 praedestinare,
2552 4296 2615 4353 id
2644 4300 2733 4353 est
2761 4293 3010 4395 deﬁnire
3036 4296 3243 4368 posset
3270 4296 3499 4400 certum
3512 4305 3734 4400 ‘nu‘me-

2072 4403 2211 4445 rum
2225 4387 2647 4461 periturorum,
2669 4385 2784 4442 nisi
2799 4384 3134 4458 praescisset
3158 4380 3477 4455 perituros.
3511 4378 3733 4437 Malum

2075 4476 2255 4549 igitur
2274 4475 2593 4550 prmscivit,
2612 4474 2716 4547 qui
2732 4473 2926 4546 perire
2947 4472 3360 4529 incunctanter
3374 4468 3606 4528 malum
3622 4471 3729 4524 est.

2148 4564 2441 4636 Quodque
2462 4561 2729 4618 adnectis
2746 4561 3010 4631 (Epilog.
3033 4563 3263 4622 num.7,
3289 4561 3432 4627 sect,
3448 4559 3504 4622 2)
3526 4553 3736 4611 identi-

2074 4652 2215 4709 dem
2241 4651 2358 4707 alio
2388 4648 2572 4706 modo
2589 4648 2707 4705 dici
2730 4664 2928 4722 posse,
2944 4646 3406 4721 praedestinasse
3428 4646 3615 4700 Deum
3628 4658 3736 4699 nu-

2075 4756 2314 4797 merum
2332 4738 2572 4795 illorum
2588 4737 2692 4811 qui
2715 4754 2839 4795 suae
2855 4734 3184 4809 impietatis
3197 4738 3255 4791 et
3274 4748 3541 4807 poenam,
3568 4735 3626 4788 et
3647 4731 3736 4788 in-

2076 4828 2316 4888 teritum
2367 4825 2745 4901 preparaturi
2784 4828 3003 4895 essent,
3036 4838 3162 4881 non
3190 4823 3253 4880 in
3284 4822 3369 4879 eis
3398 4819 3567 4896 quod
3604 4819 3734 4893 ipso

2074 4917 2295 4975 fecerat
2318 4916 2636 4990 puniturus
2663 4932 2677 4986 ;
2703 4913 2808 4971 sed
2832 4913 2896 4975 in
2921 4913 3005 4970 eis
3035 4912 3201 4986 quod
3228 4927 3352 4969 non
3380 4911 3601 4968 fecerat
3628 4924 3737 4983 pu-

2074 5005 2190 5064 niri
2216 5004 2525 5063 relicturus
2571 5020 2584 5063 :
2638 5018 2847 5063 verum
2891 5001 3139 5076 quidem
3177 5004 3267 5060 est
3292 4998 3512 5074 impios
3541 4997 3653 5055 sibi
3680 5002 3739 5055 et

2076 5111 2325 5169 poenam
2342 5097 2398 5152 et
2417 5091 2721 5153 interitum
2740 5090 3070 5166 peccando,
3092 5090 3156 5149 id
3176 5093 3266 5148 est
3278 5088 3462 5163 impie
3478 5086 3735 5146 vivendo

2076 5199 2420 5259 praeparare
2453 5199 2467 5254 ;
2513 5181 2619 5239 sed
2660 5196 2787 5239 non
2815 5179 3021 5237 minus
3064 5195 3276 5236 verum
3301 5182 3390 5235 est
3419 5192 3457 5234 a
3477 5179 3597 5233 Deo
3623 5173 3738 5230 illis

2080 5290 2211 5332 eam
2219 5274 2359 5331 dem
2378 5288 2623 5346 poenam
2630 5270 2653 5345 j
2660 5270 2963 5329 ustissime
2975 5268 3555 5344 praeparatam.Nam
3571 5261 3739 5336 quod

2080 5363 2165 5421 illi
2196 5363 2312 5420 sibi
2339 5364 2678 5437 praeparant
2705 5360 2980 5435 nequiter
3001 5357 3281 5426 vivendo,
3312 5357 3429 5412 hoc
3458 5352 3543 5410 eis
3582 5354 3742 5409 Deus

2080 5456 2383 5527 praeparat
2399 5450 2745 5525 mquissime
2762 5449 3177 5526 judicando,et
3187 5442 3519 5522 justissime
3534 5457 3744 5517 repen-

2081 5542 2303 5600 dendo.
2339 5542 2634 5613 Scriptum
2664 5544 2754 5597 est
2780 5540 2974 5598 enim:
3012 5538 3163 5606 Quia
3192 5542 3258 5592 tu
3277 5535 3487 5592 reddes
3515 5530 3746 5589 unicui-

2081 5645 2196 5706 que
2229 5632 2422 5704 juxta
2455 5642 2640 5705 opera
2666 5643 2779 5689 sua
2803 5629 2991 5699 (Rom.
3008 5639 3069 5696 ιι,
3091 5624 3167 5697 6).
3187 5626 3260 5685 At
3279 5636 3585 5697 nusquam
3604 5616 3744 5676 scri-
