4160 6186
498 154 631 218 1347

1603 149 1660 209 Β.
1701 149 2070 209 PRUDENTH
2108 147 2479 211 TRWBNSIB
2515 153 2835 211 EPISOOPI

3789 157 3906 212 i348

490 289 663 361 ptum
685 281 1030 340 estzreddet
1054 280 1166 337 sibi
1184 279 1605 353 unusquisque
1621 275 1795 349 juxta
1817 290 2004 350 opera
2017 291 2147 333 sua.
2179 276 2225 331 Α
2261 283 2604 351 utrumque,
2632 279 2693 334 id
2723 282 2812 334 est
2853 282 2910 334 et
2954 289 3176 349 corpus
3231 281 3290 333 et
3325 276 3615 343 animam,
3674 275 3911 348 perden~

493 377 638 432 Item
668 372 955 444 scriptum
982 374 1104 426 est:
1149 371 1358 426 Omnes
1403 370 1555 426 enim
1610 381 1715 424 nos
1766 365 2154 436 manifestari

492 465 718 534 Oportet
747 466 888 518 ante
916 461 1187 517 tribunal
1206 461 1333 528 Dei,
1368 464 1434 514 ut
1459 459 1716 528 recipiat
1739 453 2155 528 unusquisque

484 552 738 623 propria
764 552 1052 620 corporis,
1097 553 1283 619 prout
1326 551 1525 618 gessit,
1575 549 1698 603 sive
1737 545 1973 611 bonum,
2032 545 2155 599 sive

487 641 710 698 malum
737 639 827 712 (II
844 637 977 696 Cor.
1009 653 1064 695 v.
1103 638 1208 703 lO).
1241 637 1358 693 Sed
1380 648 1688 709 nusquam
1716 635 2002 706 scriptum
2026 635 2145 688 est:

487 729 661 787 Dabit
690 729 803 786 sibi
854 729 1272 803 unusquisque
1325 727 1574 800 propria
1623 724 1916 797 corporis,
1973 724 2152 794 prout

486 821 684 894 gessit,
717 820 826 876 sivi
865 819 1118 888 bonum,
1152 818 1260 874 sivi
1283 816 1512 873 malum
1540 833 1553 870 :
1585 815 1691 888 qui
1717 814 1876 869 enim
1917 811 2148 883 recipit,

486 911 696 986 procul
725 907 934 977 dubio,
969 909 1085 965 alio
1119 908 1480 965 retribuente
1518 905 1752 978 recipit,
1809 902 1976 975 quod
2029 908 2152 957 me-

483 1007 645 1059 retur
668 1015 791 1058 non
821 999 932 1055 sibi
962 997 1184 1068 tribuit,
1217 997 1383 1070 quod
1413 1011 1484 1052 ex
1526 1009 1588 1050 se
1617 994 1840 1050 habere
1867 1007 1992 1047 non
2046 1004 2152 1063 po-

485 1093 612 1150 tuit.
648 1091 790 1158 Quis
844 1101 985 1146 vero
1033 1089 1304 1162 seipsum
1347 1087 1563 1160 punire
1616 1084 1915 1139 ullatenus
1945 1080 2146 1142 vellet,

483 1182 629 1254 quin
658 1176 958 1254 punientis
987 1176 1394 1235 inevitabilem
1442 1175 1862 1231 necessitatem
1891 1171 2143 1241 fugeret,

484 1266 531 1325 si
560 1267 831 1325 valeret?
881 1267 1194 1323 Enimvero
1224 1265 1424 1321 nullus
1449 1268 1558 1331 est,
1591 1264 1694 1337 qui
1741 1262 2006 1333 seipsum
2036 1273 2149 1332 pu-

481 1357 608 1414 nire
634 1356 775 1412 velit
813 1353 994 1411 etiam
1024 1354 1339 1427 temporali
1378 1357 1589 1421 morte,
1645 1350 1872 1407 nedum
1924 1354 2148 1405 aeterna

480 1447 770 1518 gehennae
794 1445 1174 1502 cruciatione.
1209 1445 1359 1500 Nam
1390 1443 1497 1497 etsi
1528 1442 1805 1510 legamus
1840 1438 2144 1510 quosdam

479 1536 591 1592 sibi
621 1549 860 1601 manus,
894 1533 989 1590 vel
1017 1533 1255 1606 laqueo,
1288 1531 1382 1586 vel
1411 1530 1588 1596 ferro,
1642 1528 1733 1584 vel
1763 1541 2022 1595 veneno,
2050 1525 2145 1580 vel

2257 368 2407 423 dum
2437 369 2668 424 censuit
2695 369 2756 423 in
2785 368 3083 438 gehenna,
3107 366 3397 422 nimirum
3419 365 3587 438 quod
3606 364 3673 420 in
3693 365 3780 421 eis
3797 366 3911 435 ipse

2258 456 2395 512 fecit
2423 474 2550 513 sese
2575 457 2971 531 perditurum,
3004 456 3066 511 id
3096 461 3187 512 est
3205 455 3558 528 puniturum
3590 455 3738 510 satis
3761 471 3913 527 aper-

2258 552 2432 619 teque
2462 547 2806 604 declaravit.
2852 546 3124 618 Relinqui
3152 563 3188 603 a
3219 548 3360 610 Deo,
3421 545 3654 602 malum
3685 544 3913 601 indubi-

2257 640 2449 692 tanter
2486 642 2618 693 est:
2663 636 2712 691 si
2765 652 2908 706 ergo
2967 635 3305 692 secundum
3363 639 3419 691 te
3472 634 3915 707 praedestinavit

2257 729 2431 793 Deus,
2472 742 2626 799 quos
2667 724 3026 799 relinqueret
3050 726 3366 798 perituros,
3402 723 3640 780 malum
3669 724 3913 779 omnino

2256 816 2718 888 praedestinavit,
2773 831 2884 871 nec
2908 816 3037 886 jam
3082 815 3299 887 poterit
3328 817 3484 870 stare
3513 817 3620 869 tua
3649 813 3909 869 deﬁnitio

2256 904 2504 960 dicentis
2538 922 2549 960 :
2583 908 2769 962 Deum
2823 905 2990 961 mala
3011 905 3494 974 prmdestinasse.
3556 903 3713 968 Quid
3760 903 3910 958 enim

2255 994 2428 1067 pejus
2459 994 2585 1052 dici.
2608 998 2818 1067 potest,
2869 1007 3058 1066 quam
3104 993 3362 1066 relinqui
3394 1008 3430 1048 a
3464 996 3582 1048 Deo
3607 992 3637 1047 ?
3671 991 3838 1048 Unde
3860 995 3910 1047 et

2253 1082 2380 1154 ipse
2407 1099 2514 1155 per
2543 1083 2919 1139 Psalmistam
2949 1082 3125 1139 dicit:
3178 1083 3253 1138 Et
3294 1083 3520 1138 dimisit
3570 1095 3666 1137 eos
3718 1096 3912 1137 secun-

2253 1172 2395 1227 dum
2423 1173 2716 1228 desideria
2746 1172 2942 1228 cordis
2973 1187 3175 1227 eorum
3193 1182 3216 1243 ;
3244 1172 3424 1227 Ibunt
3453 1173 3519 1225 in
3549 1170 3908 1225 adtuventio-

2253 1260 2426 1316 nibus
2451 1261 2572 1316 suis
2599 1261 2768 1331 (Psal
2796 1277 2965 1326 Lxxx,
3009 1259 3114 1331 l3).
3152 1260 3301 1315 Hinc
3331 1259 3516 1316 etiam
3573 1262 3701 1313 orat
3745 1257 3904 1328 quis-

2252 1366 2369 1424 que
2401 1351 2654 1408 devotus
2688 1367 2826 1408 cum
2859 1349 3168 1407 Psalmista
3197 1350 3403 1405 dicens
3453 1346 3531 1404 ad
3562 1349 3747 1403 Deum
3779 1363 3795 1401 :
3827 1346 3908 1402 Ne

2252 1433 2632 1513 derelinquas
2659 1457 2767 1510 me,
2798 1442 3047 1496 Domine
3077 1441 3236 1495 Deus
3256 1451 3440 1500 meus,
3475 1451 3552 1494 ne
3579 1435 3909 1492 discesseris

2252 1542 2288 1584 a
2317 1545 2408 1585 me
2437 1529 2626 1600 (Psai.
2657 1541 2743 1599 ιιι,
2775 1532 2886 1597 22).
2923 1529 2978 1583 Si
3002 1528 3181 1597 igitur
3201 1527 3539 1600 relinquere
3563 1525 3666 1582 Dei
3687 1524 3908 1580 malum

479 1622 828 1697 praecipitio,
854 1620 949 1678 vel
978 1619 1435 1676 submersionne
1461 1621 1714 1673 mortem
1747 1615 2144 1670 conciscendo
2173 1628 2216 1685 Β
2250 1621 2356 1685 est,
2388 1620 2444 1674 et
2487 1618 2747 1674 deterius
2805 1617 2971 1673 omni
3021 1617 3204 1683 malo,
3248 1621 3304 1672 et
3350 1618 3465 1673 hoc
3511 1616 3716 1689 ipsum
3762 1616 3909 1669 Deus

482 1711 778 1785 injecisse,
812 1711 1014 1783 plures
1074 1709 1253 1765 etiam
1303 1707 1801 1779 phiIOSOphorum
1849 1704 1909 1758 id
1955 1718 2142 1777 appe-

482 1802 622 1858 tisse
649 1819 661 1857 :
695 1798 857 1856 unde
884 1804 941 1855 et
961 1797 1229 1871 epistolae
1254 1795 1615 1852 nobilissimi
1635 1793 1970 1850 secundum
1992 1807 2138 1848 suos

478 1889 714 1946 Senecae
746 1889 807 1945 in
836 1887 1087 1960 hujusce
1103 1885 1314 1942 laudes
1343 1884 1830 1958 eloquentissime
1859 1895 2140 1955 perorare

479 1979 849 2036 noscuntur:
882 1974 1032 2033 ﬁdes
1064 1979 1285 2043 tamen,
1310 1979 1366 2031 et
1383 1974 1591 2045 religio
1619 1973 1953 2031 Christiana
1977 1987 2138 2027 sum-

479 2084 594 2125 mae
625 2063 946 2140 impietatis
975 2065 1242 2138 deputat,
1278 2064 1326 2120 si
1357 2065 1492 2136 quis
1521 2075 1740 2119 manus
1766 2062 1882 2118 sibi
1910 2060 2136 2118 violenn

479 2163 566 2215 ter
588 2157 1171 2228 inferat,magnaque
1198 2153 1273 2210 sit
1300 2153 1500 2224 gloria
1532 2157 1773 2208 sanctos
1787 2151 1912 2224 pati
1932 2150 2136 2206 hilari-

477 2251 584 2317 ter,
619 2250 871 2302 mortem
902 2245 1016 2301 sibi
1054 2257 1165 2318 pro
1195 2243 1441 2301 nomine
1473 2243 1710 2300 Domini
1757 2242 1943 2298 nostri
1999 2244 2138 2297 Jesu

478 2331 690 2392 Christi
721 2331 990 2407 allatam,
1021 2349 1146 2390 non
1183 2338 1395 2407 sponte
1426 2333 1624 2389 subire
1655 2331 1923 2388 dilatam.
1971 2331 2136 2387 Unde

477 2425 533 2482 et
558 2428 927 2498 praeceptum
957 2421 1145 2496 ipsius
1179 2424 1535 2496 acceperant
1563 2421 1827 2478 dicentes
1870 2431 1882 2475 ε
1929 2420 1999 2476 Si
2037 2433 2136 2476 vos

468 2517 771 2584 persecuti
788 2515 1020 2584 fuerint
1050 2513 1112 2568 in
1143 2511 1385 2569 civitate
1412 2512 1548 2579 ista,
1577 2511 1844 2582 f‘ugitale
1861 2509 1925 2564 in
1943 2510 2129 2565 aliam

475 2599 715 2672 (Matth.
745 2613 806 2676 x,
835 2601 930 2674 ‘23)
961 2613 976 2657 ξ
1007 2612 1204 2673 neque
1231 2599 1395 2656 enim
1441 2599 1569 2673 ipse
1619 2598 1905 2654 Dominus
1955 2599 2129 2653 Jesus

474 2692 742 2768 seipsum
771 2689 1024 2765 punivit,
1076 2695 1258 2763 atque
1305 2689 1615 2756 interfecit,
1670 2689 1776 2759 qui
1813 2693 2129 2758 peccatum

474 2796 595 2838 non
618 2777 784 2852 fecit,
823 2785 877 2837 et
901 2780 963 2836 in
991 2780 1166 2849 cujus
1196 2790 1296 2834 ore
1329 2773 1503 2834 dotus
1545 2777 1823 2833 inventus
1875 2787 1994 2831 non
2045 2781 2128 2830 est

472 2867 531 2944 (Ι
553 2867 718 2928 Petr.
753 2883 815 2938 ιι,
846 2870 974 2940 22):
1008 2868 1112 2924 sed
1149 2868 1353 2940 utique
1383 2871 1594 2940 sponte
1625 2865 1831 2935 subiit,
1871 2875 1945 2921 ac
1997 2877 2130 2937 per-

471 2955 600 3017 tuiit
628 2954 856 3016 illatam
912 2956 990 3016 ab
1040 2957 1318 3015 hostibus
1375 2956 1740 3030 passionem.
1799 2955 1910 3044 Qui
1961 2957 2127 3010 tanta
2161 2985 2205 3044 ο

467 3049 782 3106 beatorum
822 3047 1203 3122 martyrum?
1246 3045 1563 3102 multitudo
1613 3043 1934 3100 Dicendine
1989 3047 2128 3099 sunt

467 3135 821 3210 semetipsos
846 3137 1115 3210 punisse,
1139 3135 1242 3208 qui
1268 3132 1752 3207 persecutoribus
1783 3136 1868 3188 tot
1893 3131 1979 3185 eis
2009 3133 2124 3186 tor-

464 3231 806 3283 mentorum
838 3240 1059 3296 genera
1099 3223 1517 3280 invehentibus
1555 3235 1676 3277 non
1709 3221 1906 3276 solum
1936 3220 2123 3276 reluc-

464 3317 566 3373 tati
590 3328 714 3372 non
741 3319 898 3383 sunt,
927 3327 1137 3371 verum
1158 3314 1336 3370 etiam
1367 3313 1486 3368 fide
1531 3311 1794 3368 interrita
1848 3325 2122 3366 succum-

461 3405 602 3461 bere
645 3400 1040 3461 maluerunt?
1071 3401 1236 3474 quod
1277 3401 1327 3456 si
1372 3401 1432 3455 in
1461 3401 1574 3455 hac
1603 3400 1726 3455 vita
1757 3398 2121 3454 absurdissi-

461 3503 611 3549 mun
641 3491 839 3566 putari
860 3496 1086 3547 certum
1117 3493 1226 3555 est,
1259 3493 1488 3562 quanto
1513 3489 1712 3544 minus
1747 3487 2115 3544 credendum

460 3586 550 3638 est
605 3581 818 3653 punire
863 3593 924 3634 se
978 3593 1370 3651 quemquam,
1421 3577 1525 3632 ubi
1576 3577 1745 3633 locus
1793 3577 2119 3646 effugiendi

459 3667 658 3725 nullus
690 3663 866 3723 datur
887 3667 914 3723 ?
949 3667 1275 3722 Fatendum
1305 3670 1392 3722 est
1428 3665 1607 3736 igitur
1637 3667 1823 3722 Deum
1853 3666 1968 3720 illic
1989 3664 2118 3721 nul-

457 3758 546 3813 los
580 3775 613 3814 a
641 3773 701 3814 se
733 3756 879 3830 ipsis
908 3754 1249 3830 puniendos
1280 3755 1637 3828 relinquere,
1671 3756 1775 3812 sed
1799 3756 1997 3829 ipsum
2031 3757 2115 3812 eis

455 3846 806 3920 ineii‘ugibili
840 3846 1066 3919 justitia
1103 3846 1450 3919 retribuere,
1481 3846 1646 3919 quod
1672 3852 1993 3916 merentur,
2010 3847 2115 3920 qui

455 3935 601 3994 dixit
627 3955 638 3993 :
667 3935 872 3996 Nolite
902 3935 1108 3993 timere
1136 3951 1228 3993 eos
1258 3935 1364 4009 qui
1411 3935 1691 3992 occidunt
1739 3949 1955 4007 corpus
1985 3939 2114 3993 ani-

2251 1707 2694 1779 praedestinavit
2725 1711 2787 1762 ut
2819 1707 3199 1780 relinqueret,
3229 1711 3287 1763 et
3313 1707 3546 1764 malum
3575 1711 3633 1762 et
3672 1716 3907 1777 pinnam

2247 1797 2582 1870 pessimam
2637 1798 2842 1872 utique
2898 1797 3348 1870 praedestinavit
3415 1797 3512 1854 vel
3568 1793 3903 1868 praeﬁnivit.

2248 1887 2389 1942 Vide
2420 1885 2631 1944 saltem
2661 1901 2822 1943 nunc
2851 1886 3000 1959 quid
3024 1887 3316 1943 hactenus
3346 1889 3450 1944 tua
3476 1883 3746 1942 eﬂ‘ecerit
3789 1882 3904 1938 dis-

2247 1975 2474 2048 putatio
2493 1976 2840 2050 versipellis.
2876 1975 3097 2032 Deinde
3125 1976 3308 2032 infers
3334 1991 3348 2032 :

2812 2079 3059 2122 JOANNES
3099 2080 3328 2123 SCOTUS.

2319 2154 2562 2230 (Epilog.
2600 2169 2766 2214 num.
2802 2162 2854 2224 9,
2888 2161 3030 2212 sect.
3063 2158 3118 2228 2)
3148 2161 3187 2210 Θ
3221 2158 3369 2215 Ηωσ
3399 2160 3485 2214 est
3511 2157 3662 2228 ﬁdes
3689 2173 3841 2232 mea,
3872 2175 3903 2216 ο

2244 2251 2472 2303 aeterna
2504 2245 2611 2302 tua:
2643 2247 2950 2314 mentium,
2971 2245 3042 2302 de
3079 2251 3183 2304 tua
3205 2246 3749 2317 prcedestinatione
3775 2253 3901 2322 qua

2245 2342 2309 2392 tu
2341 2349 2416 2392 es.

2910 2422 3235 2465 CORREC‘I’IO.

2311 2511 2354 2582 +
2385 2512 2509 2568 Imo
2532 2517 2619 2568 est
2648 2511 2970 2568 inﬁdelitas
3002 2517 3108 2568 tua
3131 2513 3206 2569 de
3229 2513 3330 2570 Dei
3352 2515 3895 2586 praedestinatione,

2239 2613 2376 2673 quae
2397 2616 2518 2656 non
2531 2599 2660 2672 ipse
2675 2603 2764 2656 est
2789 2617 2802 2656 :
2827 2600 3017 2656 multa
3031 2603 3249 2657 etenim
3269 2601 3343 2657 de
3358 2604 3477 2658 Deo
3494 2603 3730 2661 relative
3749 2620 3898 2677 prae-

2239 2689 2535 2757 dicantur,
2564 2703 2698 2762 quae
2717 2694 2946 2746 certum
2969 2694 3056 2746 est
3085 2692 3272 2747 Deum
3291 2691 3506 2758 facere,
3528 2709 3666 2766 qum
3694 2698 3900 2750 tamen

2237 2779 2365 2852 ipse
2389 2793 2510 2835 non
2541 2782 2647 2834 est.
2681 2779 2978 2852 Scriptum
3009 2784 3097 2836 est
3122 2781 3352 2854 quippe
3385 2796 3399 2837 :
3436 2783 3707 2839 Tentavit
3743 2786 3903 2840 Deus

2238 2867 2549 2925 Abraham
2575 2868 2744 2941 (Gen.
2777 2883 2921 2932 mi,
2957 2868 3025 2941 l),
3047 2873 3108 2926 et
3129 2883 3373 2926 rursum
3402 2873 3756 2928 Tcntaturus
3777 2874 3899 2928 Do.

2235 2960 2433 3016 minus
2454 2965 2598 3015 Deus
2615 2965 2806 3016 vester
2823 2973 2843 3014 .°
2859 2964 2931 3016 'et
2955 2960 3082 3032 ipse
3115 2960 3405 3017 Dominus
3433 2960 3733 3035 loquitur:
3767 2963 3902 3034 Ego

2234 3048 2520 3104 Dominus
2550 3048 2767 3105 seduxi
2785 3049 3140 3119 praphetam
3158 3049 3335 3108 illum
3357 3052 3780 3124 (Ezech.xrv,9)
3807 3069 3821 3120 ;
3841 3056 3900 3108 et

2232 3137 2543 3194 Psalmista
2553 3137 2628 3193 de
2649 3137 2776 3194 illo:
2802 3137 3023 3195 Perdes
3045 3154 3244 3198 omnes
3262 3141 3368 3213 qui
3383 3141 3721 3213 loquuntur
3742 3156 3903 3199 men-

2231 3227 2469 3284 dacium
2494 3227 2780 3300 (Psal.v,i
2798 3232 2814 3283 i
2831 3229 2866 3298 ).
2891 3228 3035 3284 Item
3065 3247 3077 3290 :
3109 3229 3417 3287 Convertit
3445 3245 3547 3287 cor
3569 3244 3802 3302 eorum,
3830 3235 3896 3287 ut

2229 3317 2462 3372 adirent
2483 3315 2770 3386 populum
2800 3317 2948 3387 ejus,
2982 3323 3046 3372 ut
3077 3318 3280 3374 dolum
3305 3319 3581 3389 facerent
3603 3323 3667 3376 in
3699 3333 3896 3377 emtas

2228 3407 2357 3476 ejus
2373 3405 2951 3477 (Psal.c1v,25).ltem
2976 3423 2989 3461 :
3013 3407 3091 3462 Et
3111 3421 3321 3464 errare
3336 3409 3483 3479 fecit
3505 3422 3600 3466 eos
3620 3411 3684 3466 in
3707 3411 3889 3479 invio,

2226 3499 2281 3566 et
2311 3510 2431 3551 non
2459 3495 2520 3550 in
2547 3495 2644 3550 via
2675 3494 2863 3566 (Psal.
2897 3499 3145 3563 cv1,iO).
3180 3499 3247 3552 Et
3278 3497 3429 3553 alius
3475 3500 3778 3571 propheta
3819 3499 3896 3555 ad

2227 3598 2399 3639 eum:
2432 3584 2694 3640 Excmca
2721 3599 2826 3640 cor
2850 3583 3066 3654 populi
3104 3585 3306 3658 hujus,
3339 3593 3394 3643 et
3425 3601 3601 3644 aures
3634 3592 3766 3659 ejus
3791 3603 3893 3659 ag-

2224 3687 2414 3744 grava
2443 3675 2691 3741 (lsa.vr,
2732 3679 2749 3728 i
2764 3678 2839 3739 0).
2897 3677 2963 3730 Et
3008 3675 3376 3746 Apostolus:
3423 3678 3702 3734 Tradidit
3755 3679 3893 3733 illos

2224 3764 2379 3818 Deus
2398 3766 2461 3818 in
2484 3763 2799 3833 reprobum
2825 3778 3083 3833 sensum,
3100 3753 3166 3820 'et
3199 3765 3454 3822 tradidit
3481 3767 3618 3822 illos
3640 3769 3802 3823 Deus
3828 3767 3892 3822 in

2215 3853 2524 3922 passiones
2583 3855 2926 3923 ignominia?
2995 3855 3180 3920 (Rom.
3246 3867 3288 3922 ι,
3341 3858 3410 3911 28
3462 3857 3611 3928 seq),
3671 3861 3811 3926 etc.,
3855 3872 3891 3912 θ

2221 3940 2413 3997 multa
2441 3942 2578 4012 alia,
2611 3959 2746 4015 quae
2775 3959 2938 3999 nunc
2980 3943 3283 4016 persequi,
3334 3948 3391 4000 et
3417 3944 3673 4016 longum
3703 3952 3799 4002 est
3836 3961 3895 4014 et

453 4040 612 4082 mam
634 4031 832 4082 autem
864 4040 983 4080 non
1014 4030 1265 4094 possunt
1295 4023 1596 4081 occidere:
1630 4025 1732 4080 sed
1746 4027 1949 4094 potius
1981 4040 2109 4082 eum
2220 4046 2344 4086 non
2363 4031 2767 4088 necessarium
2792 4031 3115 4103 judicatur.
3142 4033 3360 4089 Ideone
3394 4039 3569 4091 erunt
3588 4036 3720 4092 haec
3753 4051 3893 4093 om-

455 4112 671 4184 timete,
704 4114 811 4185 qui
829 4118 1023 4183 potest
1050 4115 1337 4185 animam,
1383 4119 1436 4170 et
1477 4127 1692 4183 corpus
1739 4115 1993 4183 perdere
2046 4116 2110 4170 in
2221 4120 2342 4188 nia,
2375 4137 2511 4193 quas
2552 4121 2973 4193 praemisimus,
3020 4127 3076 4178 et
3111 4122 3326 4179 similia
3375 4124 3476 4180 Dei
3520 4124 3887 4196 substantia,

452 4203 784 4275 gehennam
809 4201 1045 4275 (Matth.
1076 4214 1136 4262 Χ.
1160 4203 1272 4274 28).
1308 4203 1436 4258 Non
1468 4201 1616 4257 dixit
1645 4201 2001 4274 relinquere,
2047 4218 2116 4274 ut
2221 4215 2287 4266 ut
2315 4211 2546 4267 dicatur
2573 4213 2728 4267 Deus
2759 4228 2887 4268 esse
2942 4212 3206 4281 tentatio,
3260 4214 3546 4282 seductio,
3603 4216 3886 4288 perditio,

453 4307 517 4350 se
533 4291 776 4367 perdat:
807 4291 912 4350 sed
935 4293 1040 4365 qui
1051 4297 1243 4362 potest
1261 4294 1590 4358 animan,et
1608 4303 1823 4361 corpus
1838 4294 2109 4363 perdere,
2143 4348 2184 4376 η
2224 4300 2534 4356 conversio
2563 4300 2625 4356 in
2654 4300 2904 4370 malum,
2928 4317 3111 4365 error,
3136 4304 3472 4376 exceecatio,
3506 4308 3886 4376 aggravatio,

449 4384 554 4458 qui
584 4383 760 4441 etiam
787 4381 934 4441 dixit
966 4402 979 4439 :
1012 4384 1142 4454 Ego
1173 4381 1439 4439 occidam
1471 4396 1492 4437 .·
1519 4384 1648 4437 Non
1673 4381 1863 4437 occidi
1893 4396 1928 4437 a
1954 4383 2109 4456 seip-
2140 4381 2183 4404 ”
2223 4390 2478 4457 traditio,
2513 4390 2752 4452 occisio,
2787 4395 2842 4446 et
2871 4391 2987 4447 alia
3017 4393 3353 4465 innumera,
3378 4408 3514 4467 qua:
3545 4396 3777 4468 passim
3823 4397 3886 4452 in

449 4473 529 4530 sis
556 4473 916 4548 permittam.
945 4471 1027 4530 Et
1058 4486 1161 4544 ego
1194 4474 1390 4529 vivere
1408 4471 1638 4542 Γαείανη
1667 4486 1681 4526 2
1714 4483 1840 4526 non
1871 4483 1907 4527 θ.
1957 4473 2112 4545 Scip-
2222 4478 2438 4534 divinis
2465 4479 2714 4552 eloquiis
2740 4479 2814 4535 de
2844 4481 2944 4535 Dei
2969 4482 3200 4552 justitia
3227 4483 3515 4539 veraciter
3543 4491 3600 4541 et
3626 4482 3890 4543 ﬁdeliter

449 4562 530 4620 sis
567 4564 766 4622 vivere
796 4561 1559 4637 relinquamzpercutiam,
1617 4573 1741 4618 non
1787 4560 2018 4635 percuti
2073 4580 2110 4620 a
2219 4568 2678 4642 przedicantur?
2736 4567 2961 4632 Quibus
3010 4571 3293 4628 omnibus
3347 4570 3692 4630 nullatenus
3745 4576 3884 4647 ejus

448 4652 660 4727 seipsis
689 4655 1048 4727 relinquam.
1080 4651 1162 4708 Et
1193 4667 1296 4724 ego
1326 4649 1573 4720 sonabo,
1623 4664 1750 4707 non
1803 4667 1840 4708 a
1898 4652 2108 4725 seipsis
2217 4658 2616 4716 substantiam
2643 4655 3040 4716 demonstrari
3064 4660 3265 4717 nullus
3293 4660 3406 4718 nisi
3432 4668 3632 4720 mente
3661 4669 3884 4736 captus

449 4743 646 4799 sanari
676 4741 1035 4815 relinquam.
1078 4743 1144 4797 Et
1187 4739 1301 4796 hoc
1341 4737 1568 4812 quare?
1607 4738 1750 4795 audi
1770 4741 2000 4813 quare?
2027 4741 2109 4796 Et
2212 4748 2466 4819 ignorat.
2501 4746 2736 4803 Falsum
2768 4751 2858 4804 est
2905 4749 3084 4818 igitur
3131 4749 3234 4805 Dei
3292 4748 3690 4808 substantiam
3737 4766 3883 4808 esse

444 4847 563 4887 non
595 4835 810 4906 est,qui
827 4832 901 4889 de
927 4845 1113 4890 manu
1141 4843 1271 4889 mea
1284 4831 1472 4901 possit
1495 4843 1702 4887 eruere
1721 4829 2103 4902 (Deutxxxu,
2212 4837 2340 4909 ejus
2362 4837 2970 4911 praedestinationem,
3005 4834 3115 4894 sed
3137 4838 3221 4894 ita
3246 4851 3381 4896 eam
3399 4839 3475 4896 de
3500 4840 3602 4897 illo
3627 4841 3884 4899 relative

445 4915 552 4992 39).
580 4924 644 4976 Et
666 4921 808 4977 item
828 4939 840 4978 :
864 4921 998 4980 Mea
1019 4927 1104 4980 est
1123 4921 1299 4993 ultio,
1314 4927 1367 4977 et
1393 4935 1497 4992 ego
1516 4919 1848 4978 retribuam
1872 4922 1934 4978 in
1959 4924 2104 4978 tem-

437 5025 589 5081 pore
620 5010 816 5080 (Deut.
846 5027 1018 5079 xxxu,
1052 5011 1164 5083 35).
1194 5010 1262 5067 Et
1286 5010 1502 5067 iterum
1544 5028 1556 5067 :
1609 5011 1765 5068 Mihi
1809 5009 2096 5083 vindicta,

442 5109 547 5167 ego
573 5095 926 5166 retribuam,
957 5094 1100 5152 dicit
1122 5095 1413 5152 Dominus
1439 5097 1629 5164 (Rom.
1661 5110 1761 5166 χιι,
1793 5097 1907 5160 29).

510 5187 643 5243 tam
671 5182 990 5256 veroquod
1010 5181 1096 5240 ais
1118 5184 1374 5257 (Epilog.
1398 5200 1566 5242 num.
1594 5187 1648 5252 8,
1665 5188 1864 5253 sect.2)
1884 5197 2002 5240 non
2027 5185 2094 5242 in

437 5273 517 5330 eis
542 5274 905 5344 puniturum
925 5268 1114 5328 Deum
1135 5270 1296 5344 quod
1341 5274 1468 5342 ipse
1493 5273 1727 5344 fecerit,
1763 5272 1867 5330 sed
1910 5272 1975 5328 in
2013 5276 2094 5330 eis

428 5363 648 5434 puniri
667 5363 1022 5420 relictqu
1044 5362 1202 5434 quod
1219 5361 1346 5432 ipse
1363 5373 1484 5418 non
1509 5361 1742 5434 fecerit,
1758 5376 1867 5436 per
1885 5363 2094 5420 omnia

435 5448 655 5508 falsum
683 5463 811 5509 esse
842 5449 1232 5508 convincitur.
1289 5449 1518 5523 Corpus
1545 5449 1705 5507 enim
1735 5455 1793 5508 et
1821 5450 2092 5510 animam

433 5538 561 5617 ipse
573 5539 726 5600 fecit:
751 5553 1011 5616 quorum
1027 5537 1174 5598 dum
1186 5553 1404 5614 corpus
1422 5539 1501 5597 ab
1511 5539 1861 5599 hominibus
1877 5541 2089 5616 perimi

432 5643 634 5706 posse,
675 5641 806 5692 non
835 5634 1037 5691 autem
1092 5633 1150 5690 et
1201 5628 1472 5691 animum
1519 5627 1686 5702 dixit,
1739 5648 1778 5692 ε.
1821 5647 1887 5690 se
1941 5646 2088 5690 vero

2209 4925 2543 5000 praedicari,
2585 4923 3107 4999 quemadmodum
3151 4928 3538 5000 creationem,
3569 4931 3884 5004 Operatio-

2207 5030 2369 5086 nem,
2400 5014 2644 5070 factum.
2691 5014 3150 5083 ordinationem,
3207 5012 3685 5089 dispositionem,
3749 5018 3880 5075 dis-

2204 5102 2642 5176 pensationem,
2674 5102 3192 5172 gubernationem,
3218 5107 3275 5160 et
3294 5105 3470 5178 plura
3496 5106 3723 5164 similia
3743 5109 3885 5181 qui-

2202 5191 2318 5247 bus
2348 5189 2503 5246 illius
2527 5191 2983 5264 omnipotentis,
3034 5190 3130 5247 vel
3157 5191 3418 5267 bonitas,
3465 5193 3563 5251 vel
3592 5195 3877 5269 aequitas,

2201 5277 2293 5335 vel
2317 5275 2544 5351 judicia
2571 5278 2990 5352 perdocentur.
3019 5278 3287 5338 Tandem
3303 5283 3480 5356 quasi
3505 5282 3698 5341 victor
3723 5284 3881 5341 sub—

2201 5364 2462 5424 ditorum
2492 5366 2928 5425 contributione
2967 5366 3451 5439 gratulabundus
3491 5371 3669 5431 eﬂlas
3698 5372 3879 5431 virus

2197 5453 2490 5527 pestiferae
2511 5454 2927 5525 exhalationis,
2957 5455 3165 5514 dicens
3188 5471 3207 5514 :

2762 5561 3000 5603 JOANNES
3042 5559 3269 5605 ποῖος.

2261 5630 2523 5707 (Epilog.
2548 5647 2719 5693 num.
2752 5638 2838 5708 i0,
2867 5639 3012 5695 sect.
3047 5637 3124 5707 3.)
3157 5641 3204 5691 θ
3249 5638 3342 5696 Ac
3389 5653 3502 5711 per
3549 5638 3666 5700 hoc
3721 5655 3874 5701 cum
