4158 6192
244 128 387 189 ηρ

1195 126 1285 180 DE
1322 107 1999 180 purissimum
2029 108 2311 176 Coms
2347 110 2396 175 t.
2436 114 2732 181 Quorum.

3484 112 3673 186 mc

246 252 517 312 omnibus
542 248 893 307 orthodozis
919 249 1196 319 ﬁdelibus
1225 244 1667 305 anathematizo
1693 252 1786 303 eos
1798 244 1906 314 qui
1932 244 1978 300 Α
2008 244 2113 318 qui
2138 242 2367 317 judicia
2393 256 2503 305 sua
2530 254 2660 305 sese
2688 242 3023 323 prmstituto
3045 246 3314 323 tempore
3342 258 3486 323 erga
3529 260 3671 326 pro-

246 343 455 400 dicunt
482 340 634 396 duas
653 338 1213 409 prwdestinationes
1237 353 1375 406 esse,
1402 344 1507 395 aut
1525 346 1707 394 unum
1724 334 1908 407 genii-

246 447 411 500 nam,
439 435 547 488 aut
568 429 936 499 bipartitam,
966 432 1073 484 aut
1097 428 1347 498 duplam
1403 439 1427 483 .‘
1469 428 1523 483 si
1572 427 1728 484 enim
1770 418 1906 479 dua:

247 526 411 589 sunt,
444 535 564 578 non
593 525 679 577 est
704 533 828 575 una
852 518 1061 574 divina
1102 517 1442 574 substantia
1496 529 1509 573 :
1564 516 1620 572 si
1645 514 1904 587 gemina,

249 627 371 669 non
404 615 487 667 est
518 608 856 677 individua,
887 607 938 663 si
970 607 1283 677 bipartito,
1313 620 1436 663 non
1488 611 1572 662 est
1630 604 1906 673 simplea',

250 701 354 757 sed
369 699 653 770 partibus
678 697 1004 766 composita
1029 710 1055 767 ,'
1101 697 1156 752 si
1182 695 1371 766 dupla
1409 700 1517 765 est,
1550 692 1910 763 complicata

252 795 381 859 est;
408 787 570 860 quod
596 787 650 842 si
668 786 1062 855 prohibemur
1085 786 1355 842 divinam
1392 785 1685 841 unitatem
1715 782 1913 837 dicere

254 878 524 948 triptam,
554 890 675 947 qua
705 875 999 932 dementia
1024 873 1202 931 audet
1236 874 1552 931 haereticus
1591 886 1719 929 eam
1754 878 1912 927 asses

255 966 721 1045 rereﬂuplam?
750 964 885 1019 Tali
924 964 1115 1034 igitur
1160 970 1555 1035 monstruoso,
1603 972 1911 1025 venenosa,

254 1054 569 1124 mortifero
597 1051 875 1122 dogmate
900 1067 941 1108 α
969 1051 1246 1109 cordibus
1266 1051 1486 1108 nostris
1498 1050 1791 1107 radicitus
1820 1054 1919 1102 ear

253 1144 443 1214 ploso,
469 1140 782 1199 credamus
802 1154 987 1196 unam
1010 1145 1291 1197 aeternam
1335 1136 1917 1209 praedestinationem

255 1234 368 1290 Dei
387 1234 571 1289 Deum
588 1244 729 1299 esse,
753 1235 948 1286 etnon
968 1231 1088 1286 nisi
1107 1231 1171 1286 in
1194 1231 1286 1286 his
1306 1242 1439 1302 qua:
1466 1233 1608 1283 sunt
1655 1236 1794 1295 esse,
1839 1219 1920 1280 ad

256 1337 329 1380 ea
349 1336 489 1379 vero
512 1334 646 1392 quas
661 1333 784 1375 non
812 1324 951 1375 sunt
984 1320 1159 1375 nullo
1180 1318 1355 1375 modo
1382 1316 1706 1388 pertinere.

926 1423 1067 1464 CORR
1074 1422 1233 1464 ECTIO
1242 1449 1255 1462 .

330 1502 374 1571 -ι-
404 1500 545 1568 Quis
575 1498 763 1566 dabit,
782 1496 979 1569 inquit
999 1497 1316 1570 propheta,
1336 1496 1526 1565 capiti
1540 1506 1666 1551 meo
1679 1502 1921 1565 aquarii,

258 1596 317 1647 et
341 1590 529 1646 oculis
550 1588 691 1645 meis
708 1587 938 1658 fontem
973 1586 1406 1656 lacrymarum,
1435 1589 1490 1640 et
1512 1581 1769 1653 plorabo
1797 1581 1925 1637 vul.
1960 1594 2005 1659 Β

260 1684 501 1737 neratos
516 1678 675 1746 ﬁlios
689 1676 906 1747 populi
930 1676 1047 1732 mei
1067 1678 1095 1730 5’
1123 1670 1268 1742 (Jer.
1292 1686 1367 1740 ιι,
1397 1673 1473 1745 ί.)
1495 1675 1559 1727 Et
1574 1672 1701 1744 ipse
1724 1669 1925 1726 Domi-

261 1784 383 1823 nus
412 1767 741 1836 perituram
766 1765 972 1822 videns
996 1764 1251 1837 impiam
1281 1762 1605 1829 civitatem,
1660 1760 1927 1830 ﬂensque

263 1872 445 1926 super
465 1870 595 1912 eam
612 1855 819 1923 dixit:
850 1854 1003 1921 Quia
1031 1854 1084 1908 si
1120 1852 1489 1923 cognovisses
1545 1853 1600 1905 et
1658 1853 1723 1903 tu
1756 1848 1923 1920 (Luc.

263 1960 383 2013 XIX,
414 1944 545 2015 4i):
581 1941 941 2000 subauditur
978 1939 1175 1997 ﬂeres.
1209 1941 1352 2005 Quae
1406 1938 1534 1994 duo
1590 1934 1931 1993 testimonia

262 2033 411 2090 mihi
438 2032 665 2105 tibique
696 2029 1035 2092 convenire,
1068 2029 1119 2084 si
1149 2028 1251 2101 pia
1305 2031 1506 2083 mente
1564 2026 1928 2106 advel-teres,

259 2134 658 2197 praecaveres,
686 2120 983 2194 quoniam
1008 2132 1119 2175 nec
1142 2118 1289 2173 mihi
1312 2117 1455 2173 satis
1477 2120 1645 2172 tuam
1666 2114 1933 2172 deﬂendi

260 2212 573 2269 miseriam
593 2210 772 2283 copia
797 2209 974 2272 inest,
994 2222 1108 2264 nec
1126 2207 1231 2264 tibi
1248 2203 1573 2277 effugiendi
1597 2203 1930 2275 ingruentis

265 2300 542 2357 interitus
567 2297 968 2372 praecipitium
997 2295 1232 2352 cautela
1259 2290 1485 2350 subest.
1511 2290 1615 2351 Cui
1636 2304 1777 2349 cum
1825 2290 1933 2347 mia

265 2387 434 2445 nime
460 2386 759 2444 suffecerit
785 2386 965 2443 tantis
992 2384 1056 2441 in
1074 2387 1263 2441 Deum
1292 2382 1687 2457 blasphemiis
1724 2390 1933 2454 proru-

267 2477 457 2551 pisse,
482 2475 968 2534 snathemandos
990 2482 1016 2516 ι
1071 2474 1204 2546 ejus
1269 2473 1489 2529 electos
1538 2481 1677 2528 cum
1706 2471 1841 2544 ipso
1866 2470 1930 2526 in

268 2572 495 2624 eterna
522 2564 894 2623 beatitudine
926 2563 1270 2634 gloriantes,
1292 2562 1416 2618 imo
1438 2562 1637 2634 ipsum
1654 2560 1930 2616 omnium

268 2658 462 2712 Deum
486 2658 544 2711 et
574 2654 893 2710 Dominum
918 2650 1443 2725 impudentissima
1454 2649 1789 2722 pervicacia
1800 2659 1934 2721 per-

297 2742 806 2815 vicacissimaque
831 2738 1230 2813 impudentia,
1262 2739 1618 2795 cum'bestia
1669 2748 1806 2810 qum
1857 2737 1932 2792 de

274 2833 500 2905 abysso
529 2831 854 2889 ascendere
899 2829 1197 2897 scribitur,
1231 2840 1300 2885 os
1350 2828 1583 2902 aperire
1653 2826 1933 2898 blasphe-

278 2922 618 2978 mlssimum
639 2920 980 2976 nullatenus
1004 2918 1361 2974 formidasti.
1383 2910 1602 2973 Verum
1628 2921 1694 2973 ut
1719 2921 1935 2973 caetera
1976 2962 1985 2978 λ

278 3010 513 3067 facilius
537 3008 819 3066 omnibus
844 3007 1076 3065 viribus
1101 3007 1437 3078 eﬂ'etentur,
1459 3007 1655 3080 prima
1684 3004 1933 3061 insanias

276 3097 511 3154 falsitas
533 3097 868 3154 denotatur.
901 3097 1163 3170 ideoque
1196 3094 1590 3151 falsissimum
1632 3104 1760 3149 esse
1808 3104 1935 3150 non

275 3186 613 3258 dubitatur,
642 3186 811 3260 quod
830 3192 1031 3243 tecum
1056 3185 1343 3243 omnibus
1367 3183 1717 3241 orthodoxis
1741 3182 1936 3238 ﬁdeli-

275 3275 397 3333 bus
427 3276 934 3332 anathematizare
974 3275 1387 3348 blasphemas.
1442 3273 1648 3329 Nullus
1710 3272 1939 3345 quippe

277 3365 755 3423 orthodoxomm
784 3364 1051 3421 ﬁdelium
1081 3364 1145 3419 in
1174 3367 1277 3420 tua
1307 3363 1454 3420 scita
1490 3361 1784 3431 concedit,
1808 3356 1942 3417 nul-

275 3455 377 3511 lus
401 3453 517 3511 tuis
535 3454 944 3528 impietatibus
965 3452 1257 3525 indulget,
1287 3448 1493 3509 nullus
1522 3452 1640 3510 tuis
1691 3450 1943 3508 insaniis

279 3544 626 3617 acquiescit.

357 3633 472 3690 Sed
490 3633 714 3689 mirum
742 3632 919 3689 valde
944 3637 1033 3690 est
1075 3633 1244 3706 quod
1281 3633 1467 3689 homo
1521 3633 1941 3690 anathematus

281 3726 615 3796 antequam
653 3727 837 3780 natus
890 3722 954 3779 in
1003 3733 1377 3796 quemquam
1431 3725 1755 3779 anathema
1787 3722 1941 3778 ferre

281 3815 734 3887 praesumpserit
790 3830 804 3869 :
853 3812 1140 3869 nimirum
1168 3813 1243 3868 de
1288 3813 1529 3869 illorum
1580 3816 1635 3869 te
1686 3827 1949 3869 numero

283 3919 418 3959 esse
446 3903 848 3972 demonstras,
874 3904 982 3976 qui
990 3908 1324 3973 posuerunt
1346 3904 1410 3959 in
1442 3902 1728 3974 cwlo[al.,
1750 3903 1813 3957 in
1835 3916 1947 3958 cte-

287 3994 437 4065 lum]
464 4009 745 4066 ossuum,
770 4000 826 4050 et
856 4008 1110 4066 quorum
1143 3994 1355 4064 lingua
1385 3993 1664 4048 transivit
1712 3993 1774 4047 in
1830 3997 1947 4047 ter.

284 4098 422 4140 ram
455 4085 643 4152 (Psal.
666 4098 845 4150 ιω,
866 4085 939 4157 9).
963 4083 1427 4156 Necessarioque
1447 4079 1946 4156 perpendendum

287 4189 528 4243 censeo,
559 4175 620 4231 in
645 4188 801 4248 quos
831 4176 1155 4232 anathema
1182 4176 1350 4231 tanta
1392 4173 1695 4247 impietate
1748 4177 1949 4246 protu-

286 4265 426 4322 leris
456 4285 470 4323 :
501 4258 722 4341 nempe
742 4266 804 4323 in
852 4278 1079 4339 papam
1131 4266 1565 4338 Innocentium,
1620 4264 1943 4333 Zosimnm,

2009 333 2122 390 bus
2148 339 2207 391 et
2226 331 2516 410 reprobos
2544 336 2874 394 inevitabili
2923 337 3316 411 dispOsitione
3369 334 3675 414 praedesti-

2011 424 2177 480 navit
2205 434 2219 479 ε
2249 425 2372 481 imo
2406 420 2567 499 quod
2595 422 2771 483 nobis
2797 427 2891 484 vel
2918 438 3026 500 per
3046 431 3340 501 tempora,
3365 429 3454 485 vel
3478 430 3540 485 in
3556 426 3675 487 ﬁne

2015 515 2356 585 temporum
2384 510 2651 572 futurum
2681 510 3058 590 praeviderat,
3095 526 3423 591 antequam
3455 514 3676 575 conde-

2014 603 2121 668 ret,
2154 602 2377 673 statuit,
2400 602 2870 678 intemperanter
2894 605 3185 678 judicavit
3233 612 3414 680 atque
3472 602 3677 665 defini-

2013 689 2118 745 vit».
2143 690 2447 765 Quidquid
2479 694 2638 750 enim
2668 690 2742 751 de
2778 688 2872 751 Dei
2900 694 3140 768 judiciis
3175 695 3486 770 prophetm
3537 712 3681 771 apo-

2015 778 2426 854 stolorumque
2446 794 2841 847 successores,
2898 777 2994 840 vel
3050 793 3197 841 voce
3254 784 3682 857 pronuntiave-

2018 871 2176 936 runt,
2205 864 2296 925 vel
2320 866 2523 927 litteris
2554 871 3021 945 mandaverunt,
3043 868 3287 930 nonnisi
3325 868 3459 948 ipso
3488 870 3681 948 inspi-

2021 960 2212 1028 rante,
2245 958 2497 1015 docente
2519 969 2589 1016 ac
2617 958 2867 1033 jubente
2896 960 3077 1018 locuti
3110 966 3268 1019 sunt.
3303 962 3386 1019 Ac
3418 975 3527 1037 per
3566 963 3683 1019 hoc

2023 1046 2322 1122 quidquid
2348 1049 2407 1106 in
2439 1062 2541 1106 eos
2578 1048 2978 1109 anathematis
3004 1053 3310 1127 ingeritur,
3342 1051 3690 1110 indubitan-

2025 1142 2111 1194 ter
2136 1137 2196 1195 in
2218 1138 2501 1211 injuriam
2524 1140 2589 1196 in
2620 1140 2705 1197 eis
2734 1138 2791 1197 et
2820 1154 2930 1215 per
2957 1156 3059 1198 eos
3076 1140 3377 1215 loquentis
3393 1141 3681 1199 refertur:

2025 1226 2131 1301 qui
2156 1236 2343 1302 quam
2364 1224 2438 1287 de
2468 1231 2567 1287 Dei
2593 1231 3117 1304 praedestinatione
3143 1228 3519 1289 concorditer
3548 1244 3685 1288 sen-

2030 1319 2231 1389 serint,
2260 1323 2624 1382 unanimiter
2643 1318 3043 1396 praedicarim,
3070 1325 3362 1396 quoniam
3385 1323 3511 1394 jam
3544 1322 3687 1380 satis

2031 1418 2330 1481 superque
2387 1413 2683 1481 quantum
2737 1411 2926 1465 visum
2980 1415 3069 1466 est
3097 1410 3685 1481 demonstravimus,

2032 1506 2194 1553 nunc
2223 1501 2489 1571 repetere
2520 1498 2989 1573 supersedimus.

2105 1580 2291 1656 (Epit.
2325 1585 2378 1657 3,
2406 1594 2575 1644 num.
2612 1584 2699 1657 il,
2734 1589 2875 1644 sect.
2904 1584 3147 1660 3.)Cum
3168 1584 3391 1661 quibus
3409 1580 3692 1644 omnibus

2034 1688 2424 1749 nequaquam
2466 1677 2790 1734 metuimus
2847 1674 3042 1733 dicere
3103 1675 3693 1750 praedestinationem

2036 1764 2363 1836 geminam,
2392 1774 2501 1823 nec
2531 1778 2664 1823 eam
2694 1762 3000 1840 pluraliter
3046 1767 3357 1837 enuntiare
3415 1762 3695 1822 formida-

2036 1870 2192 1926 mus,
2221 1856 2627 1931 approbantes
2649 1857 3233 1928 argumentationem
3255 1860 3423 1913 tuam
3452 1864 3577 1929 qua
3605 1852 3694 1910 di-

2038 1944 2122 2001 cis
2153 1962 2166 2001 :
2202 1946 2258 2003 Si
2287 1947 2447 2003 enim
2478 1944 2614 2002 duas
2646 1950 2804 2013 sunt,
2835 1954 2959 2003 non
2985 1949 3071 2002 est
3119 1960 3243 2002 una
3290 1945 3496 2001 divina
3555 1934 3695 2000 subd

2040 2030 2257 2091 stantia
2290 2052 2303 2090 :
2336 2044 2547 2092 verum
2569 2038 2655 2092 est
2683 2036 2908 2110 quippe
2926 2042 3049 2092 non
3079 2050 3208 2091 esse
3229 2026 3699 2108 praedestinatioa-

2038 2134 2177 2181 nem
2196 2118 2463 2181 divinam
2485 2118 2880 2182 substantiam
2886 2110 3033 2198 ,‘sed
3061 2125 3190 2198 ejus
3210 2120 3694 2197 dispositionem,

2040 2210 2479 2272 ordinationem
2512 2220 2691 2289 atque
2713 2215 2955 2288 judicia.
3007 2213 3286 2272 Similiter
3317 2232 3330 2269 :
3366 2213 3424 2271 Si
3455 2212 3698 2284 gemina

2039 2306 2147 2372 est,
2179 2298 2398 2378 inquis,
2427 2312 2550 2361 non
2581 2308 2667 2361 est
2696 2300 3006 2361 individua
3031 2322 3044 2374 ;
3069 2305 3118 2360 si
3141 2302 3444 2377 bipartila,
3464 2312 3589 2358 non
3609 2298 3699 2359 est

2039 2393 2293 2467 simplex
2318 2413 2331 2463 ;
2365 2394 2416 2451 si
2436 2388 2624 2466 dupla
2652 2398 2759 2465 est,
2781 2393 3141 2467 complicata
3164 2388 3274 2449 est.
3304 2390 3479 2459 Quod
3497 2391 3546 2446 si
3562 2400 3698 2465 pro-

2036 2483 2317 2540 hibemur
2364 2482 2635 2541 divinam
2680 2483 2970 2540 unitatem
3028 2476 3224 2540 dicere
3282 2476 3544 2555 triplsm,
3576 2489 3699 2553 qua

2038 2573 2344 2630 dementia
2372 2573 2554 2629 audet
2572 2572 2887 2629 hiereticus
2917 2588 3053 2629 eam
3098 2587 3363 2629 asserere
3390 2568 3641 2642 duplam
3662 2567 3692 2624 ?

2042 2660 2194 2721 Licet
2226 2656 2325 2719 Dei
2350 2660 2937 2737 prmdeStinationOn
2958 2661 3251 2734 signiﬁcet
3274 2661 3405 2733 ejus
3427 2659 3704 2716 substan-

2039 2753 2184 2810 tiam
2218 2772 2231 2822 ;
2260 2765 2386 2810 non
2409 2753 2569 2809 enim
2596 2770 2745 2821 esse,
2779 2750 2885 2808 sed
2914 2748 3234 2825 disponere
3256 2752 3586 2806 monstrat:
3618 2747 3703 2805 di-

2042 2856 2293 2916 sponere
2324 2844 2547 2910 autem,
2583 2838 2737 2897 sicut
2761 2836 3209 2913 praedestinare,
3269 2837 3348 2895 ad
3394 2839 3702 2895 creaturas

2041 2933 2169 3004 ejus
2190 2930 2431 2987 relative
2483 2928 2737 2997 dicitur;
2789 2922 3311 3003 quemadmodum
3382 2929 3589 2983 tamen
3639 2926 3702 2981 in

2042 3019 2251 3094 primis
2279 3014 2462 3091 hujus
2484 3018 2681 3091 cperis
2736 3017 3030 3090 partibus,
3083 3015 3371 3086 largiente
3424 3012 3701 3085 Domino,

2043 3104 2269 3167 dictum
2301 3114 2427 3178 est;
2458 3109 2648 3165 multa
2673 3098 2747 3165 de
2779 3108 2898 3164 Deo
2929 3104 3320 3164 essentialiter
3364 3103 3699 3179 praedican-

2044 3205 2159 3271 tur,
2181 3208 2319 3273 qum
2340 3196 2646 3272 pluraliter
2671 3198 2865 3256 efferri
2886 3197 3084 3254 unitas
3110 3196 3270 3252 illius
3293 3194 3563 3251 essentiae
3578 3206 3706 3251 non

2043 3286 2417 3364 prtejudicat.
2451 3288 2703 3357 Quibus,
2731 3302 2807 3344 ne
2836 3284 3057 3344 fastidii
3083 3286 3273 3359 gratia
3334 3288 3705 3359 repetantur,

2046 3374 2310 3452 omissis,
2334 3391 2525 3436 unum
2547 3376 2653 3435 tibi
2682 3394 2754 3434 ex
2778 3370 3098 3448 Evangelio
3125 3372 3510 3450 proferimus,
3534 3366 3707 3448 quod

2048 3474 2400 3526 caeterorum
2432 3465 2873 3525 conﬁrmationi
2898 3480 3021 3522 non
3051 3464 3224 3522 obsit.
3251 3463 3541 3521 Dominus
3573 3460 3707 3519 con-

2049 3556 2205 3614 ditor
2232 3554 2634 3613 universitatis
2668 3559 2847 3627 atque
2870 3553 3192 3627 dispositor
3217 3551 3359 3609 dicit
3393 3569 3405 3607 :
3430 3551 3556 3624 Ego
3576 3564 3707 3607 sum

2048 3648 2406 3704 resurrectio
2439 3651 2493 3703 et
2524 3646 2649 3701 vita
2679 3645 2877 3715 (Joan.
2911 3654 2985 3711 χι,
3016 3642 3130 3715 25),
3191 3654 3454 3714 eumque
3508 3652 3710 3697 resur-

2046 3737 2372 3793 rectionem
2396 3739 2563 3791 tanta
2588 3733 2887 3789 evidentia
2916 3731 3302 3801 intimaveril,
3334 3726 3477 3786 alibi
3506 3734 3712 3786 tamen

2048 3825 2111 3880 in
2132 3822 2345 3880 eodem
2376 3821 2695 3891 Evangelia
2714 3820 2796 3876 ait
2854 3839 2867 3876 :
2918 3821 3121 3875 Nolite
3153 3819 3373 3874 mirari
3396 3815 3527 3885 hoc,
3570 3818 3713 3888 quia

2050 3914 2210 3970 venit
2241 3913 2391 3968 hora
2416 3923 2537 3982 qua
2557 3922 2756 3966 omnes
2786 3908 2972 3981 quiin
3000 3907 3397 3964 monumentis
3417 3910 3580 3974 sunt,
3607 3918 3714 3962 au-

2052 4000 2214 4059 dient
2248 4016 2440 4058 vocem
2458 4000 2625 4071 ejus;
2667 4004 2721 4055 et
2734 3996 3083 4069 procedenl,
3108 3996 3213 4068 qui
3233 3995 3383 4052 bona
3409 3994 3712 4066 fecerunt,

2054 4092 2118 4147 in
2142 4088 2632 4147 resurrectionem
2647 4088 2812 4161 vitae;
2843 4086 2951 4160 qui
2966 4101 3107 4143 vero
3120 4087 3305 4154 mala,
3332 4086 3396 4141 in
3411 4092 3714 4141 resurrec-

2058 4183 2274 4238 tionem
2283 4176 2511 4251 judicii
2524 4176 2703 4236 Joan.
2735 4195 2794 4248 v,
2816 4177 2929 4251 28).
2958 4174 3297 4234 Secundum
3331 4172 3461 4231 haec
3479 4170 3718 4231 Domini

2056 4268 2415 4340 testimonia,
2447 4272 2503 4325 et
2520 4270 2719 4325 Patres
2751 4270 3086 4341 exponunt,
3118 4269 3175 4322 et
3231 4263 3449 4320 veritas
3480 4263 3709 4332 edocet,

289 4355 686 4429 Bonifacium,
700 4357 951 4423 Sixtum,
978 4358 1256 4425 Leonem,
1279 4355 1684 4427 Caelestinum,
1730 4357 1946 4426 Grego-
1983 4344 2030 4399 Ῑ)
2057 4356 2212 4416 duas
2232 4374 2363 4415 esse
2378 4359 2859 4426 resurrectiones,
2877 4371 3063 4413 unam
3086 4358 3452 4422 sanctorum,
3468 4352 3717 4410 alteram

284 4444 472 4511 rium,
522 4458 853 4521 omnesque
897 4450 1023 4504 tam
1070 4449 1358 4502 Romanae
1410 4444 1577 4502 urbis
1626 4445 1939 4518 pontiﬁces

286 4549 485 4609 quam
508 4538 883 4610 sequentium
912 4535 1195 4593 ordinum
1223 4535 1447 4606 gradus
1474 4540 1532 4591 et
1551 4536 1811 4607 populos
1843 4534 1943 4590 :in

289 4624 682 4683 Ambrosium
706 4627 1064 4701 episcopum
1086 4638 1227 4682 cum
1283 4618 1569 4681 omnibus
1628 4621 1783 4680 Italis
1817 4641 1833 4693 ;
1880 4623 1945 4679 in

290 4714 724 4786 Augustinum,
756 4716 1135 4785 Primasium,
1172 4712 1666 4785 Fulgentiumque
1721 4712 1946 4785 episco-

292 4820 411 4877 pos
435 4822 576 4862 cum
602 4806 889 4863 omnibus
919 4804 1247 4873 Africanis;
1278 4804 1341 4859 in
1367 4803 1801 4875 Hieronymum
1820 4814 1955 4876 pre-

296 4894 611 4967 sbyterum
640 4912 780 4952 cum
805 4894 1089 4953 omnibus
1141 4892 1539 4950 Orientalibus
1587 4896 1644 4949 et
1694 4892 1952 4962 Graecis;

292 4983 362 5040 in
388 4987 747 5059 Prosperum
774 4989 836 5042 et
861 4984 1149 5041 Hilarium
1173 4999 1315 5040 cum
1332 4982 1619 5040 omnibus
1644 4981 1860 5052 Gallis;
1890 4982 1954 5039 in

295 5072 621 5147 Isidorum,
672 5090 812 5131 cum
862 5072 1145 5130 omnibus
1194 5072 1476 5129 ﬁdelibus
1524 5072 1836 5146 Hispanis;
1891 5072 1959 5128 in

298 5160 732 5219 Cassiodorum
761 5177 1004 5236 quoque
1026 5176 1164 5217 cum
1184 5157 1277 5216 his
1297 5158 1582 5217 omnibus
1614 5159 1707 5228 ;in
1729 5158 1954 5216 Bedam

294 5251 724 5325 presbyterum
741 5268 880 5308 cum
900 5250 1182 5308 omnibus
1202 5249 1410 5320 Anglis
1429 5254 1608 5323 atque
1624 5247 1950 5319 Britannis;

296 5341 364 5398 in
388 5342 760 5400 Bonifacinm
777 5341 1129 5416 episcopum
1152 5346 1291 5396 eum
1308 5337 1591 5396 omnibus
1607 5338 1916 5395 Germanis
1937 5357 1951 5408 ;

296 5430 364 5488 in
394 5431 559 5505 ipsos
586 5433 834 5507 insuper
859 5430 1162 5505 apostolos
1189 5426 1671 5503 prophetasque:
1705 5430 1763 5486 et
1789 5425 1957 5503 quod

298 5520 399 5579 his
423 5523 706 5581 omnibus
734 5523 936 5595 majus
961 5520 1068 5591 est,
1099 5520 1161 5576 in
1183 5519 1384 5592 ipsum
1430 5518 1619 5575 Deum
1676 5516 1949 5591 deorum,

2057 4450 2403 4521 impiorum,
2427 4464 2581 4521 quas
2598 4447 2885 4504 Dominus
2910 4447 3045 4503 vitm
3068 4449 3247 4518 atque
3259 4442 3468 4516 judicii
3485 4453 3716 4498 nuncu-

2056 4537 2222 4611 pavit
2250 4554 2263 4593 :
2292 4535 2587 4609 judicium
2615 4539 2817 4592 autem
2843 4534 2958 4591 hoc
2982 4532 3117 4591 loco
3160 4546 3271 4606 pro
3329 4527 3720 4588 damnatione

2056 4626 2321 4701 positum
2350 4622 2548 4682 Patres
2567 4622 2919 4695 intelligunt.
2950 4618 3017 4680 Et
3037 4621 3223 4679 veluti
3247 4618 3368 4679 alia
3392 4622 3481 4677 est
3521 4628 3719 4675 resur-

2056 4714 2239 4773 rectio
2261 4715 2498 4786 animae,
2523 4731 2647 4789 qua
2674 4710 2891 4771 relictis
2933 4712 3092 4770 vitiis
3140 4729 3251 4787 per
3304 4706 3408 4768 Dei
3464 4704 3720 4782 gratiam

2058 4803 2378 4863 virtutibus
2398 4804 2593 4862 vivere
2622 4802 2850 4877 incipit,
2882 4802 2958 4860 de
2988 4810 3112 4876 qua
3130 4798 3292 4859 idem
3323 4801 3613 4858 Dominus
3636 4798 3724 4856 di-

2059 4892 2167 4951 cit:
2198 4890 2413 4968 Amen,
2440 4906 2613 4952 amen
2641 4890 2775 4951 dico
2804 4886 2990 4962 vobis,
3028 4892 3175 4965 quia
3219 4891 3379 4950 venit
3432 4890 3604 4960 hora,
3664 4892 3725 4946 et

2054 4994 2222 5042 nunc
2245 4989 2351 5057 est,
2376 4985 2615 5058 quando
2635 4983 2862 5041 mortui
2880 4982 3129 5040 audient
3168 4998 3368 5040 vocem
3394 4981 3546 5039 Filii
3590 4980 3718 5048 Dei,

2058 5080 2116 5132 et
2142 5075 2249 5147 qui
2264 5075 2569 5132 audierint
2590 5074 2791 5131 vivam
2818 5072 3024 5145 (Ibid,
3052 5088 3214 5129 vers.
3246 5072 3335 5146 25)
3370 5089 3383 5142 ;
3445 5070 3719 5133 audient,

2058 5161 2121 5221 id
2146 5168 2237 5223 est
2267 5163 2600 5222 obaudient
2627 5168 2809 5236 atque
2838 5160 3250 5237 obsequantur
3305 5180 3320 5220 :
3380 5164 3438 5217 et
3465 5159 3585 5216 alia
3630 5160 3718 5215 est

2056 5253 2410 5311 resurrectio
2439 5268 2788 5326 corporum,
2812 5250 2888 5309 de
2918 5267 3047 5326 qua
3096 5250 3267 5326 quod
3319 5243 3723 5323 praemisimus

2057 5341 2264 5400 itidem
2292 5342 2579 5419 loquitur,
2610 5343 2756 5416 quia
2775 5341 2936 5400 venit
2967 5340 3142 5413 hora,
3176 5337 3419 5415 quando
3449 5336 3516 5394 hi
3539 5336 3721 5410 quiin

2059 5435 2452 5490 monumentis
2471 5436 2634 5502 sunt,
2651 5431 2897 5490 audient
2916 5446 3111 5489 vocem
3128 5432 3256 5501 ejus
3268 5420 3723 5500 ,‘dprocedent,

2065 5522 2170 5593 qui
2190 5523 2341 5578 bona
2367 5529 2632 5594 egerant,
2663 5524 2728 5580 in
2745 5521 3238 5581 resurrectionem
3254 5518 3429 5592 vita;
3451 5518 3558 5591 qui
3584 5528 3722 5574 vero

376 5624 402 5653 ι
439 5614 560 5672 Hoc
584 5614 770 5674 verbo
798 5612 1022 5687 saepius
1045 5625 1193 5668 usus
1220 5612 1313 5668 est
1334 5609 1401 5669 D.
1429 5608 1826 5681 Augustinus,
1857 5609 2112 5684 epistola
2129 5614 2199 5670 95
2225 5601 2307 5669 ad
2324 5602 2766 5685 InnOcentium,
2795 5607 2873 5667 de
2901 5604 3120 5675 Gratia,
3148 5622 3200 5665 c.
3218 5604 3275 5665 2.
