4160 6186
494 180 622 240 1351

1578 167 1636 224 8.
1675 163 2039 222 PRUDEN’I‘II
2076 161 2454 219 TRECENSIS
2492 162 2803 219 EHSCOPI

3772 163 3913 223 1352

490 305 678 371 mala,
709 302 771 356 in
802 294 1293 354 resurrectionem
1309 289 1548 361 judicii.
1582 291 1666 344 Ita
1694 287 1812 344 aha
1839 289 1928 342 est
1947 301 2142 341 resur-
2171 289 2218 341 Α
2249 301 2310 341 se
2341 285 2472 354 ipso
2491 287 2520 342 ?
2549 287 2679 352 Quo
2705 284 2907 356 judice
2937 284 3052 340 illis
3083 298 3363 355 regnum,
3395 283 3522 341 istis
3563 285 3916 344 retribuitur

493 392 671 449 rcctio
713 403 836 460 qua
877 383 1026 455 justi
1073 379 1504 436 beatitudinem
1549 376 1786 448 capient
1839 374 2147 446 sempiter-

493 496 658 541 nam,
683 482 739 532 et
765 474 883 532 alia
911 488 1036 544 qua
1071 468 1276 541 injusti
1324 469 1629 524 mittentur
1671 465 1734 520 in
1781 463 2143 537 supplicium

493 567 956 640 sempiternum:
989 576 1112 616 non
1136 574 1260 630 quo
1281 557 1522 613 diverso
1553 560 1822 626 tempore
1847 553 2014 620 ﬁant,
2039 551 2144 606 sed

492 676 614 734 quo
643 657 880 714 diverso
927 651 1132 708 fomite
1179 648 1454 720 gestiant.
1491 647 1655 734 Hanc
1699 641 2144 734 resurrectionis

493 731 895 806 diversitatem
927 740 1176 810 angelus
1203 753 1445 812 quoque
1463 733 1687 792 Danieli
1717 733 2023 805 prophetas
2040 731 2143 785 de-

493 839 798 901 nuntians,
842 833 922 889 ita
967 828 1384 886 commendat:
1438 827 1516 880 Et
1564 824 1743 879 multi
1783 823 1856 878 de
1905 821 1997 877 his
2042 819 2149 891 qui

494 928 798 986 dormiunt
830 924 892 979 in
919 927 1093 977 terrm
1109 918 1381 987 pulvere,
1404 913 1795 984 evigilabunt,
1828 911 1942 966 alii
1970 909 2033 964 in
2065 908 2148 964 vi-

498 1026 618 1075 tam
673 1021 977 1077 :elernam,
1008 1014 1059 1064 et
1113 1008 1221 1063 alii
1262 1007 1323 1060 in
1368 1002 1774 1073 opprobrium,
1808 1005 1872 1054 ut
1905 997 2147 1054 videant

497 1120 724 1176 semper
749 1103 924 1174 (Dan.
958 1114 1059 1166 xu,
1089 1096 1166 1161 2).
1201 1093 1352 1160 Quid
1385 1107 1524 1147 vero
1566 1089 1881 1156 sacratius,
1913 1085 2148 1176 dulcius

497 1173 1071 1259 desiderabiliusque
1096 1186 1158 1240 in
1186 1183 1468 1254 religione
1499 1179 1829 1235 Christiana
1848 1173 2148 1232 vocabulo

497 1288 694 1359 potest
721 1281 838 1337 dici
865 1271 1332 1333 resurrectionis.
1362 1273 1429 1326 Et
1461 1274 1660 1326 tamen
1704 1263 2149 1361 tantadiversi-

499 1354 614 1431 tate
639 1369 952 1444 profertur,
984 1369 1049 1419 ut
1095 1362 1169 1418 de
1219 1377 1289 1416 ea
1331 1358 1603 1414 dubitare
1636 1356 1817 1411 solius
1856 1354 2150 1444 dementis

501 1465 594 1519 sit.
631 1441 758 1533 l—pse
790 1457 966 1527 igitur
989 1453 1091 1525 qui
1139 1467 1200 1506 se
1231 1446 1678 1504 resurrectionis
1708 1444 1950 1499 nomine
1994 1441 2150 1497 desi-

501 1551 726 1622 gnavit,
758 1558 1015 1614 eamque
1043 1540 1274 1612 primus
1295 1536 1354 1590 in
1385 1539 1674 1590 aeternum
1703 1533 1987 1597 victurus,
2011 1545 2149 1602 pro-

500 1619 632 1715 pria
673 1629 1042 1701 resurgendo
1067 1627 1283 1682 virtute
1310 1624 1370 1678 in
1422 1638 1484 1677 se
1516 1622 1704 1676 victor
1746 1619 1953 1675 mortis
1994 1619 2155 1674 exhi-

502 1708 650 1795 buit,
677 1725 792 1780 hoc
836 1723 973 1776 ante
1005 1715 1224 1772 saecula
1273 1730 1332 1768 se
1363 1713 1659 1768 facturum
1685 1708 2153 1782 prmdestinavit,

499 1819 563 1875 id
589 1821 675 1872 est
717 1809 1029 1883 disposuit,
1061 1803 1224 1877 quod
1254 1804 1316 1858 in
1353 1799 1800 1858 resurrectionis
1828 1798 2071 1854 veritate
2096 1802 2153 1852 et

501 1897 842 1964 diversitate
872 1903 928 1953 et
949 1913 1013 1952 se
1033 1893 1375 1950 faciendum
1398 1889 1695 1964 praescivit
1719 1894 1774 1944 et
1801 1893 1937 1961 post
1962 1887 2150 1943 factu-

500 2012 636 2053 rum
662 1990 884 2048 eduxit.
920 1986 1068 2052 Quia
1103 1982 1373 2039 videlicet
1412 1981 1546 2053 ipso
1589 1982 1830 2035 auctore
1860 1994 1930 2033 ac
1949 1977 2152 2048 judice

503 2086 833 2154 resurgent,
865 2078 969 2150 qui
1013 2076 1164 2130 bona
1206 2073 1499 2142 fecerunt,
1549 2070 1611 2126 in
1660 2068 2153 2124 resurrectionem

504 2180 679 2243 vitae;
727 2171 831 2242 qui
878 2181 1013 2223 vero
1056 2163 1242 2227 mala,
1273 2162 1336 2215 in
1381 2159 1870 2215 resurrectionem
1908 2155 2150 2225 judicii.

504 2265 627 2319 Hoc
660 2278 722 2316 se
754 2259 1049 2313 facturum
1077 2247 1540 2324 praedestii'iavit,
1571 2247 1674 2318 qui
1715 2246 1828 2300 hoc
1864 2261 1925 2300 se
1969 2244 2156 2299 factu-

501 2369 638 2410 rum
676 2345 984 2422 prienovit,
1011 2337 1487 2396 miscricordiam
1531 2334 1805 2389 videlicet
1843 2338 2023 2404 atque
2065 2332 2158 2422 ju-

503 2420 752 2506 dicium,
783 2433 1006 2508 quibus
1038 2428 1236 2484 omnis
1260 2424 1567 2481 rationalis
1597 2427 1880 2478 creaturae
1907 2420 2158 2493 disposi-

506 2531 585 2588 tio
615 2520 1161 2598 comprehenditur,
1195 2533 1304 2571 nec
1349 2519 1516 2569 extra
1545 2511 1702 2568 valet
1727 2510 2041 2583 quippiam
2071 2524 2157 2563 re-

504 2615 702 2691 periri.

576 2707 644 2760 Et
686 2693 1204 2774 quemadmodum
1249 2689 1698 2762 dispositiones,
1726 2685 2152 2752 ordinationes,

505 2789 998 2866 dispensationes,
1008 2779 1470 2854 gubernationes
1485 2774 2155 2846 administrationesque

504 2885 722 2943 divinae
748 2891 1136 2952 nequaquam
1168 2874 1297 2943 ejus
1345 2868 1686 2938 essentiam,
1720 2866 1826 2922 sed
1878 2866 2154 2921 effectum

385 3033 394 3038 _
505 2973 895 3032 clamitantes.
922 2963 1230 3038 pluraliter
1257 2961 1581 3016 etl’eruntur
1605 2974 1618 3012 :
1644 2957 1725 3012 sic
1747 2956 2157 3011 incunctanter
2192 2985 2231 3038 ρ

502 3058 1057 3141 praedestinationes
1103 3053 1294 3126 ipsius
1325 3048 1630 3105 liberrima
1657 3046 1994 3120 pluralitate
2022 3061 2155 3101 cen-

503 3136 742 3213 sentur:
776 3165 928 3223 quas
959 3145 1109 3202 sicut
1137 3143 1225 3198 ais
1255 3141 1314 3196 in
1345 3139 1456 3205 his,
1490 3142 1546 3193 et
1573 3153 1683 3192 nos
1711 3136 1992 3203 dicimus,
2022 3152 2154 3207 quae

504 3250 661 3314 sunt,
689 3241 752 3298 id
803 3243 894 3295 est
952 3236 1014 3292 in
1056 3228 1468 3289 misericordia
1519 3232 1574 3282 et
1600 3225 1846 3301 judicio,
1874 3225 1935 3280 in
1968 3223 2157 3294 gloria

501 3339 560 3392 et
600 3328 952 3404 ignominia,
982 3325 1046 3381 id
1078 3328 1165 3379 est
1203 3322 1321 3377 vita
1365 3323 1604 3385 aeterna,
1649 3322 1706 3371 et
1740 3316 1878 3385 igne
1909 3319 2152 3404 aeterno,

501 3401 650 3497 quae
669 3438 706 3478 a
733 3421 852 3474 Deo
889 3430 1018 3472 esse
1049 3409 1478 3468 catholicorum
1522 3405 1771 3474 ambigit
1817 3420 2034 3497 nemo:
2077 3401 2156 3497 ad

502 3491 574 3568 ea
601 3524 744 3565 vero
765 3521 898 3577 quae
924 3518 1045 3558 non
1078 3503 1219 3554 sunt
1243 3496 1534 3568 pertinere
1569 3493 1664 3548 Dei
1691 3491 2157 3564 przedestinatio-

503 3615 632 3668 nes,
663 3593 799 3667 quis
849 3590 964 3644 nisi
1011 3587 1117 3659 qui
1157 3601 1280 3640 non
1309 3588 1414 3642 est.
1450 3579 1813 3636 arbitretur?
1838 3585 1964 3636 Non
1994 3581 2153 3636 enim

501 3681 964 3761 praedestinatur
991 3680 1167 3747 atque
1196 3671 1552 3744 disponitur,
1570 3668 1736 3761 quod
1767 3684 2155 3761 nequaquam

503 3758 631 3833 est:
664 3776 751 3829 est
773 3773 975 3826 autem
1002 3765 1121 3820 vita
1151 3767 1392 3824 aeterna,
1425 3763 1513 3816 est
1557 3763 1613 3815 et
1658 3758 1814 3829 ignis
1857 3763 2147 3827 aeternus;

503 3863 607 3922 illa
634 3861 714 3920 ad
741 3857 1016 3931 gloriam,
1049 3855 1155 3909 iste
1206 3851 1282 3907 ad
1310 3865 1556 3923 poenam
1582 3865 1596 3916 ;
1646 3847 1745 3904 illa
1769 3847 1849 3903 ad
1877 3862 2154 3916 regnum,

501 3953 610 4010 iste
639 3949 718 4008 ad
745 3948 1128 4006 tormentum.
1158 3939 1248 3996 Ad
1288 3939 1415 3995 haec
1459 3935 2007 4011 praedestinationes
2054 3934 2157 3992 Dei

503 4040 795 4115 pertinere
818 4034 1094 4102 dicimus,
1125 4029 1271 4104 quia
1300 4044 1431 4084 esse
1479 4043 1550 4083 ea
1597 4025 1940 4081 nullatenus
1979 4023 2156 4080 dubi-

503 4114 723 4188 tamus.
756 4119 1195 4182 Praadestinavit
1244 4118 1420 4189 igitur
1463 4117 1618 4171 Deus
1650 4114 1836 4171 vitam
1870 4117 2156 4169 aeternam

502 4216 704 4283 bonis,
733 4209 1181 4288 praedestinavit
1206 4209 1410 4278 ignem
1440 4209 1729 4260 aeternum
1780 4202 1975 4271 malis,
2011 4217 2159 4274 prie-

2247 375 2404 446 ignis
2439 374 2824 447 supplicium.

2321 465 2454 520 Haec
2484 469 2572 519 est
2596 468 2799 520 nostra
2827 463 3014 519 ﬁdes:
3043 464 3188 536 quia
3216 464 3345 520 haec
3375 467 3466 521 est
3493 481 3639 521 vera
3659 467 3918 538 prophe-

2249 553 2384 621 tica,
2418 552 2769 626 apostolica,
2796 553 3134 610 orthodoxa
3180 558 3362 626 atque
3408 553 3711 611 catholica
3739 553 3913 610 ﬁdes.

2250 645 2522 698 Poteram
2552 641 2796 714 quidem
2825 647 2883 697 et
2911 641 3039 713 ipse
3063 641 3167 696 tibi
3198 641 3396 698 dicere
3427 643 3780 711 anathema,
3805 644 3919 698 nisi

2252 736 2680 804 exspectarem,
2713 735 2771 786 et
2799 730 3063 801 mallem,
3087 737 3143 787 et
3173 736 3452 804 optarem
3483 732 3571 788 tui
3603 733 3922 789 correctio-

2251 837 2392 876 nem
2435 836 2622 892 quam
2667 819 3082 892 perditionem.
3118 819 3371 877 Proinde
3420 821 3702 877 nondum
3752 823 3816 877 in
3868 828 3922 878 te

2254 909 2627 966 severitatem
2679 908 3080 965 anathematis
3132 909 3391 980 jaculor,
3438 910 3736 984 quoniam
3785 911 3924 967 bor-

2257 1003 2364 1064 tor,
2399 1014 2638 1068 moneo,
2672 1003 2728 1054 et
2773 998 2905 1054 totis
2953 998 3149 1054 cordis
3189 998 3504 1055 affectibus
3538 1016 3708 1070 rogo,
3743 1005 3806 1056 ut
3834 1017 3923 1056 re-

2256 1091 2463 1160 spectu
2488 1102 2763 1159 supernae
2790 1086 2994 1157 gratiae
3038 1087 3377 1160 resipiscas,
3410 1093 3468 1143 et
3496 1104 3533 1144 a
3559 1091 3685 1144 tam
3713 1088 3920 1144 lethali

2256 1180 2494 1232 veterno
2520 1175 2766 1231 tandem
2792 1175 3070 1245 evigiles;
3105 1181 3160 1230 et
3188 1176 3338 1248 quid
3377 1176 3707 1233 Christiana
3745 1178 3918 1250 puri-

2259 1271 2349 1322 tas
2388 1265 2618 1331 sentiat,
2677 1265 2956 1337 exquiras
3007 1263 3354 1335 benevolus,
3402 1265 3641 1321 humilis
3697 1282 3923 1339 appre-

2256 1354 2508 1418 hendas,
2544 1353 2700 1408 mitis
2731 1353 3099 1425 acquiescas,
3131 1358 3488 1409 mansuetus
3522 1354 3786 1422 secteris,
3819 1355 3926 1410 de-

2256 1448 2428 1500 votus
2459 1448 2682 1510 teneas,
2710 1446 2765 1497 et
2794 1441 2986 1497 ﬁdelis
3023 1442 3086 1497 in
3117 1442 3402 1498 omnibus
3434 1444 3812 1516 exsequaris.

2331 1532 2614 1604 Relinque
2662 1531 3066 1604 quadruvium
3107 1531 3406 1600 vanitatis,
3436 1532 3605 1604 quod
3655 1549 3924 1606 sequens

2192 1637 2230 1690 Β
2260 1621 2508 1678 extorris
2556 1621 2667 1676 vias
2719 1620 2909 1676 factus
2956 1637 3019 1676 es
3071 1621 3360 1678 veritatis.
3407 1623 3644 1686 Quanto
3681 1621 3923 1690 melius,

2259 1716 2607 1783 quantoque
2637 1709 2937 1766 salubrius
2963 1711 3191 1779 ageres,
3226 1709 3274 1764 si
3305 1709 3409 1764 uni
3434 1725 3587 1765 vera-
3616 1713 3928 1783 sempiter-

2259 1816 2474 1872 nzeque
2501 1799 2606 1854 viae
2637 1799 2917 1866 innitens,
2946 1799 3242 1870 quadriga
3291 1798 3450 1854 illius
3481 1799 3734 1854 humilis
3766 1801 3923 1864 vehi,

2259 1907 2445 1963 quam
2474 1888 2793 1961 quadruvii
2824 1888 2908 1943 tui
2935 1888 3179 1944 inﬂatus
3218 1888 3409 1960 typho
3451 1893 3699 1961 raptum
3747 1889 3833 1945 ire
3864 1890 3922 1945 in

2259 1979 2497 2034 diversa
2524 1976 2826 2046 diligeres!
2861 1977 3164 2047 Quadriga
3205 1977 3386 2048 hujus
3435 1977 3542 2032 viae
3587 1983 3735 2033 sunt
3783 1995 3924 2052 qua-

2261 2072 2397 2124 tuor
2412 2065 2877 2136 Evangelia,uno
2897 2065 3161 2137 paradisi
3175 2065 3336 2122 fonte
3348 2067 3685 2135 manantia,
3700 2067 3926 2138 quibus

2262 2155 2437 2215 nobis
2467 2155 2566 2212 via
2595 2153 2880 2227 panditur
2921 2153 3220 2210 salutaris.
3256 2154 3560 2224 Quadnga
3599 2155 3790 2227 hujus
3819 2157 3928 2212 vite

2262 2250 2520 2318 quatuor
2536 2249 2674 2298 sunt
2693 2243 2958 2312 virtutes,
2974 2244 3744 2318 prudentia,temperantia,
3773 2245 3930 2302 forti-

2263 2335 2426 2400 tudo,
2466 2333 2711 2404 justitia,
2743 2331 2963 2404 quibus
2993 2333 3189 2388 omnis
3232 2349 3472 2389 morum
3524 2333 3805 2406 probitas
3834 2350 3928 2389 ve-

2260 2427 2553 2481 nustatur.
2587 2421 2888 2492 Quadriga
2917 2422 3098 2492 hujus
3143 2422 3255 2478 viae
3301 2429 3439 2479 sunt
3483 2428 3751 2496 quatuor
3781 2424 3929 2480 divi-

2260 2529 2476 2569 norum
2505 2511 2880 2583 eloquiorum
2925 2511 3152 2583 species
3200 2511 3503 2580 historica,
3538 2513 3750 2582 ethica,
3785 2513 3930 2569 alle-

2262 2601 2483 2671 gorica,
2530 2599 2884 2670 anagogica,
2923 2599 3148 2670 quibus
3192 2599 3272 2656 ad
3314 2617 3559 2657 omnem
3609 2618 3920 2658 sacrarum

2260 2690 2588 2746 litterarum
2617 2687 2996 2756 intellectum,
3029 2687 3404 2746 illuminante
3433 2691 3625 2761 gratia
3650 2691 3810 2762 ejus,
3837 2691 3926 2747 in-

2262 2778 2576 2833 ducimur:
2605 2792 2741 2848 quas
2765 2776 2815 2830 si
2844 2776 3146 2832 humiliter
3169 2777 3539 2851 ﬁdeliterque
3561 2781 3776 2835 sectari
3801 2785 3930 2836 stu-

2261 2867 2517 2933 duisses,
2550 2881 2866 2938 nunquam
2887 2866 2950 2921 in
2979 2871 3145 2922 tanta
3173 2883 3445 2924 errorum
3475 2873 3649 2940 atque
3679 2868 3934 2924 abomi-

2261 2957 2593 3022 nationum,
2652 2955 2774 3011 imo
2823 2955 3342 3030 blasphemariuui
3402 2957 3728 3031 praecipitia
3778 2958 3931 3015 inci-

2262 3046 2474 3102 disses.
2538 3047 2749 3100 Verum
2803 3045 2952 3102 dum
3007 3047 3345 3118 quadruvio
3410 3048 3684 3105 varicoso
3753 3052 3930 3105 tanta

2262 3135 2588 3208 pertinacia
2616 3134 2920 3204 inhaesisti,
2956 3151 3346 3208 nequaquam
3377 3137 3638 3208 elogium
3665 3137 3809 3194 libri
3831 3141 3928 3194 Ec-

2263 3222 2570 3280 clesiastici
2599 3222 2854 3279 evadere
2869 3222 3130 3291 valuisti,
3153 3240 3278 3296 quo
3307 3224 3556 3281 dicitur:
3587 3227 3707 3294 Qui
3717 3226 3926 3298 sophi-

2261 3316 2406 3370 stice
2437 3313 2725 3384 loquitur,
2756 3313 2993 3370 obidilis
3023 3319 3128 3383 est,
3151 3315 3313 3370 omni
3329 3331 3396 3372 re
3425 3315 3922 3386 defraudabztur.

2261 3404 2395 3459 Non
2439 3403 2595 3459 enim
2637 3403 2782 3458 data
2825 3408 2909 3458 es:
2958 3403 3055 3458 illi
3090 3418 3127 3458 a
3179 3404 3432 3460 Domino
3473 3407 3700 3476 gratia.
3749 3406 3933 3462 Omni

2261 3493 2418 3548 enim
2447 3491 2743 3560 sapientia
2773 3490 3172 3559 defraudatus
3209 3496 3294 3547 est
3321 3491 3533 3563 (Eecli.
3558 3509 3785 3561 xxxvu,
3809 3496 3926 3566 23).

2263 3583 2330 3636 Et
2355 3579 2539 3635 illud:
2595 3581 2664 3634 In
2721 3579 3100 3650 multiloquio
3148 3596 3266 3636 non
3315 3581 3560 3652 effugies
3600 3589 3927 3652 peccatum

2262 3670 2466 3736 (Prov.
2495 3684 2557 3738 x,
2589 3669 2694 3739 19).
2727 3667 2954 3733 Quibus
2987 3667 3034 3722 si
3063 3667 3327 3740 expediri
3355 3669 3685 3738 desideras,
3718 3671 3927 3728 humic

2261 3756 2408 3814 litati
2421 3757 2866 3814 sublimissimze
2879 3757 3154 3813 Cruciﬁxi
3171 3758 3424 3832 supplex
3438 3765 3845 3832 prosternere,
3865 3767 3928 3818 ut

2261 3863 2404 3904 cum
2454 3845 2738 3919 Apostolo
2781 3847 2974 3902 dicere
3005 3847 3240 3903 valeas:
3295 3849 3470 3905 Nihil
3511 3850 3782 3906 iudicavi
3833 3867 3928 3908 me

2261 3938 2414 3993 scire
2433 3937 2591 3992 inter
2614 3951 2712 3992 vos
2743 3938 2861 3992 nisi
2881 3936 3187 3993 Christum
3208 3939 3434 4009 Jesum,
3459 3943 3515 3995 et
3539 3940 3702 3996 hunc
3720 3941 3925 3997 cruei-

2260 4027 2453 4096 ﬁarum
2482 4026 2529 4097 (1
2563 4025 2698 4082 Cor.
2731 4040 2791 4094 ιι,
2819 4025 2898 4097 2).
2930 4027 2997 4080 Et
3026 4024 3203 4081 item:
3231 4026 3389 4083 Mihi
3405 4033 3604 4084 autem
3625 4027 3786 4085 absit
3798 4031 3925 4102 glo-

2262 4117 2421 4172 riari
2439 4115 2558 4170 nisi
2583 4116 2644 4170 in
2670 4129 2845 4170 cruce
2868 4115 3110 4170 Domini
3134 4117 3328 4172 nostri
3363 4118 3506 4174 Jesu
3535 4117 3790 4187 Christi,
3812 4135 3926 4189 per

2263 4221 2435 4277 quem
2478 4205 2628 4260 mihi
2671 4204 2926 4261 mandas
2968 4206 3293 4274 cruciﬁxus
3322 4211 3428 4276 est,
3459 4213 3513 4263 et
3542 4223 3648 4279 ego
3695 4209 3922 4265 mundo

504 4303 829 4363 destinavit
857 4303 1036 4358 vitam
1083 4303 1370 4355 aeternam
1394 4294 1533 4367 piis,
1564 4291 2006 4391 praedestinavit
2034 4307 2159 4391 ρῳ·
2189 4335 2236 4391 D
2264 4293 2425 4366 (Gal.
2457 4309 2537 4362 vi,
2575 4293 2811 4391 14).}lis
2857 4293 2919 4350 in
2959 4293 3291 4391 nominest
3327 4295 3628 4368 adjutorio
3655 4297 3778 4360 Dei,
3810 4313 3921 4370 pro

505 4412 649 4453 nam
679 4393 833 4465 ignis
873 4389 1077 4448 interni
1106 4385 1329 4459 impiis.
1366 4382 1531 4439 Unde
1561 4385 1618 4438 et
1660 4397 1724 4438 se
1766 4380 2066 4436 dicturum
2097 4381 2158 4436 in

505 4484 782 4544 examine
811 4482 1020 4539 ultimo
1048 4475 1324 4552 praedixit
1351 4472 1511 4529 istis:
1546 4473 1635 4528 Ite
1664 4472 1726 4526 in
1759 4471 1954 4542 ignem
1985 4476 2156 4528 aster-

504 4593 669 4641 num,
701 4575 807 4647 qui
827 4577 1084 4644 paratus
1113 4573 1197 4624 est
1240 4564 1477 4622 diabolo
1512 4567 1566 4618 et
1610 4561 1843 4633 angelis
1873 4562 2038 4632 ejus;
2088 4559 2158 4616 il-

504 4665 579 4722 lis
604 4683 618 4722 :
661 4664 880 4731 Venite,
906 4660 1196 4718 benedicti
1221 4655 1428 4712 Patris
1451 4651 1886 4722 mei,percipite
1903 4665 2156 4720 regnum

509 4755 666 4828 quod
691 4754 852 4811 vobis
895 4755 1179 4821 parat-um
1209 4751 1294 4801 est
1317 4743 1393 4800 ab
1419 4741 1651 4812 origine
1681 4740 1893 4796 mundi
1911 4739 2152 4810 (Matth.

506 4861 623 4908 xu,
657 4844 766 4914 34).
796 4842 870 4897 Et
919 4854 1168 4910 regnum
1208 4838 1499 4905 paratum
1543 4829 1692 4885 dixit
1733 4833 1790 4884 et
1820 4830 2013 4900 ignem
2043 4843 2157 4898 pa-

509 4938 710 4988 ratum
750 4929 1000 5002 adusque
1040 4942 1165 4984 non
1195 4922 1398 4981 tacuit.
1439 4922 1489 4974 A
1530 4935 1674 4994 quo,
1702 4934 1931 4992 quaeso,
1963 4917 2081 4974 nisi
2122 4933 2160 4974 a

2263 4386 2444 4455 captu
2491 4386 2549 4438 et
2603 4381 2831 4437 viribus
2887 4398 3038 4439 meas
3074 4383 3433 4457 pusillitatis,
3474 4385 3675 4456 magis
3704 4385 3920 4443 devote

2263 4488 2451 4544 quam
2473 4470 2664 4536 docte,
2688 4475 2803 4526 tute
2833 4487 3078 4546 quoque
3109 4474 3510 4544 correctionis,
3531 4474 3713 4534 frater
3735 4475 3920 4533 Joan-
3961 4487 4016 4516 κ’

2263 4577 2391 4632 nes,
2423 4562 2614 4632 gratia
2641 4561 2918 4632 exaratis,
2947 4562 3091 4620 libet
3115 4581 3298 4636 quam
3325 4565 3583 4622 breviter
3609 4581 3921 4640 quamque

2265 4651 2562 4708 succincte
2619 4650 2986 4724 capitulatim
3040 4653 3278 4724 singula
3325 4653 3639 4725 adnotare,
3680 4670 3800 4727 quo
3838 4653 3923 4709 le-

2266 4739 2458 4811 gentis
2490 4739 2860 4801 audientisve
2882 4739 3126 4798 intentio
3154 4741 3307 4800 lecta
3336 4742 3433 4799 vel
3461 4743 3668 4801 audita
3691 4757 3922 4800 memo-

2263 4828 2368 4884 riae
2401 4829 2668 4887 tenacius
2692 4829 2886 4887 valeat
2914 4831 3358 4890 commendare.

1302 5139 2176 5234 BECAPITULATIO
2257 5140 2645 5232 TOTIUS
2728 5144 3131 5234 OTEBIS

2001 5272 2424 5289 ψ

891 5371 1012 5414 nar.
1041 5369 1081 5422 ῐ,
1113 5369 1237 5409 CAP.
1274 5357 1294 5408 l
1327 5367 1379 5408 τ.
1412 5366 1477 5406 ετ
1507 5364 1656 5406 secr.
1690 5352 1768 5403 1⁸.

584 5455 624 5506 Θ
650 5449 842 5506 Dicis:
889 5444 1234 5516 Quadruvio
1286 5441 1636 5512 regularum
1675 5440 1934 5509 quatuor
1979 5439 2158 5495 totius

507 5537 903 5614 philosophiae
925 5549 1154 5593 omnem
1182 5530 1562 5606 quaestionem
1591 5525 1762 5584 solvi.

585 5646 610 5676 ι
637 5634 780 5695 Vide
807 5632 1116 5696 Cellotium
1143 5630 1207 5692 in
1235 5625 1667 5702 Gottescalcho,
1694 5641 1834 5702 pag.
1870 5628 1989 5686 133.

2332 5351 2374 5421 -ι-
2395 5349 2876 5423 Respondemus:
2900 5355 3016 5408 Nec
3035 5348 3184 5408 illud
3198 5351 3748 5426 quadruvium,nec
3764 5352 3918 5409 ullas

2263 5439 2591 5496 mundanae
2613 5441 2917 5513 sapientia}
2934 5442 3162 5515 species
3173 5442 3252 5500 ad
3262 5458 3507 5500 omnem
3520 5443 3916 5516 quaestionem

2261 5527 2716 5588 dissolvendam
2731 5529 3000 5589 sufﬁcere
3013 5530 3244 5606 absque
3255 5531 3446 5604 gratia
3459 5532 3644 5604 Dei,et
3651 5532 3772 5602 ﬁde
3785 5543 3917 5604 qua!
