4160 6186
531 162 667 222 1385

1644 141 1702 196 8.
1727 133 2099 194 PBUDENTII
2125 131 2498 190 TRECENSIS
2527 129 2846 190 EPISCOPI

3820 133 3950 189 1356

532 285 841 350 mansisse,
864 279 1126 361 vigorem
1169 287 1309 330 vero
1339 274 1396 327 et
1408 269 1761 339 potestatem
1798 263 1926 333 ejus
1983 257 2183 329 perdi-
2218 257 2266 312 Α
2295 259 2424 327 ejus
2458 256 2752 326 libertate,
2782 256 2907 312 sive
2934 256 2999 312 in
3020 259 3186 311 motu
3218 253 3424 310 liberm
3449 253 3829 311 naturaliter
3855 271 3950 314 vo.

528 378 1175 534 dfeRespondemus:
1208 449 1448 507 Nullam
1467 462 1597 504 esse
1633 443 2000 534 libertatem,
2017 436 2066 493 si
2089 451 2183 534 ca-

523 526 656 612 reat
671 526 880 622 vigore
900 549 959 604 et
983 545 1276 620 potestate
1297 561 1310 597 :
1331 535 1691 595 remansisse
1715 534 1916 589 autem
1942 526 2182 584 liberta-

524 646 648 700 tem
665 638 899 699 homini
928 635 1008 694 ad
1031 632 1264 691 malum
1291 623 1735 686 tantummodo.

979 767 1105 807 nar.
1139 765 1236 816 xv,
1267 761 1392 803 CAP.
1423 746 1479 812 4,
1503 757 1651 798 SECT.
1684 742 1740 795 8.

600 854 641 904 Θ
665 845 859 905 Dicis:
908 843 1074 900 Velle
1098 836 1328 896 homini
1354 851 1392 892 a
1446 847 1506 890 se
1557 845 1668 902 per
1723 830 2009 883 naturam
2043 833 2182 889 esse,

527 938 815 998 inchoare
865 948 1008 992 voro
1050 943 1225 1000 posse
1281 930 1335 982 et
1381 922 1685 994 perﬁcere,
1736 930 1858 972 non
1914 911 2034 968 nisi
2077 923 2188 980 per

569 1029 813 1087 ratium.

569 1046 813 1087 ranam.

526 1046 566 1102 g
601 1118 644 1187 1-
666 1109 1157 1188 Respondemus:
1208 1107 1324 1161 Nec
1362 1099 1534 1162 velle,
1568 1112 1680 1153 nec
1736 1093 2043 1152 inchoare,
2075 1102 2188 1187 nec

528 1175 732 1282 posse,
760 1175 873 1260 nec
900 1198 1185 1274 perﬁcere
1207 1192 1528 1251 hominum
1551 1184 1870 1259 quippiam
1897 1175 2188 1247 boni,nisi

529 1273 931 1371 praeveniente
959 1292 1017 1345 et
1040 1283 1445 1357 subsequente
1475 1277 1669 1350 gratia
1708 1273 1829 1330 Dei.

887 1423 1007 1464 DEF.
1041 1419 1162 1473 xvx,
1192 1417 1317 1456 CAP.
1350 1403 1404 1464 5,
1438 1411 1590 1452 sror.
1617 1395 1650 1448 4
1679 1407 1747 1446 Εἰ·
1777 1395 1828 1445 5.

606 1509 652 1555 Θ
669 1499 824 1559 Dicis
846 1516 861 1554 :
883 1500 1091 1562 Deum,
1117 1493 1271 1547 sicut
1291 1486 1584 1544 neminem
1612 1477 1933 1548 compellat
1974 1485 2185 1544 pecca-

533 1607 620 1660 re,
651 1591 743 1646 ita
767 1601 876 1643 nec
907 1585 1049 1640 bene
1074 1579 1288 1636 vivere.

606 1633 620 1660 ,
651 1614 743 1646 ua
767 1614 876 1643 "CC
907 1614 1046 1640 ucuc
1077 1614 1221 1636 υιυοι
1241 1614 1288 1633 ι..
1571 1658 1582 1670 .
1761 1654 1773 1666 υ
2215 1614 2256 1668 Β

605 1679 648 1749 1-
677 1671 1171 1748 Respondemus:
1197 1668 1386 1722 Deum
1425 1672 1729 1718 neminem
1757 1650 2061 1726 impellere
2108 1644 2188 1703 ad

534 1741 940 1841 peCcandum,
961 1759 1042 1815 ad
1061 1758 1218 1814 bene
1243 1751 1573 1809 vivendum
1599 1761 1742 1803 vero
1761 1741 1966 1841 multis
1998 1751 2188 1841 corre-

533 1826 813 1930 ptionum
843 1826 1165 1922 generibus
1201 1842 1476 1912 invitare,
1509 1839 1634 1896 imo
1665 1831 2052 1930 compellere,
2102 1826 2188 1930 di-

534 1917 704 2002 cente
729 1917 875 2015 ipso
887 1958 901 1997 :
936 1937 1189 1995 Faciam
1214 1939 1280 1989 ut
1307 1933 1370 1988 in
1388 1926 1708 2000 praeceptis
1737 1922 1882 1979 meis
1928 1917 2188 2015 am‘bule-

537 2035 612 2092 tis
642 2006 881 2104 (Ezech.
913 2043 990 2096 χι,
1019 2024 1131 2097 20).
1150 2026 1217 2079 Et
1246 2021 1414 2078 item:
1437 2014 1740 2085 Compelle
1766 2012 2001 2066 intrare
2020 2006 2183 2079 (Luc.

531 2139 646 2194 nv,
666 2121 776 2193 23).

960 2238 1080 2279 nar.
1114 2234 1256 2282 xv",
1281 2233 1402 2274 CAP.
1438 2218 1489 2282 5,
1521 2227 1671 2269 secr.
1703 2211 1757 2265 4.

605 2324 646 2375 Θ
677 2316 863 2376 Dicis:
892 2315 960 2372 St
988 2327 1109 2385 qua
1139 2323 1322 2367 causa
1369 2301 1670 2377 pracedat
1710 2290 2188 2385 voluntatem,_id

534 2415 622 2469 est
639 2413 927 2465 naturam
958 2382 1040 2460 aa
1070 2400 1245 2465 bona,
1272 2396 1366 2454 vel
1390 2394 1555 2452 mala
1584 2386 1928 2462 cogitanda,
1957 2383 2052 2440 vel
2091 2382 2186 2450 fa-

535 2499 768 2566 cienda,
800 2511 922 2552 non
952 2507 1073 2551 esse
1092 2495 1401 2549 naturam.

604 2565 1145 2658 1—ReSpondemus:
1165 2577 1541 2634 Voluntatem
1570 2585 1695 2626 non
1725 2582 1853 2658 esse
1881 2565 2181 2658 naturam.

534 2649 806 2733 Praecedi
821 2677 1031 2729 tamen
1054 2683 1190 2724 eam
1203 2665 1282 2722 ad
1309 2664 1476 2720 bona
1503 2658 1752 2733 quidem
1777 2649 2025 2709 diversis
2041 2664 2184 2704 cau-

534 2765 617 2821 sis
645 2760 941 2820 medentis
970 2761 1028 2814 et
1052 2752 1389 2813 miserentis
1422 2749 1556 2818 Dei;
1588 2747 1668 2804 ad
1686 2745 1849 2802 mala
1875 2755 2038 2806 vero,
2057 2736 2187 2794 nul-

533 2855 607 2913 lis
635 2853 752 2911 nisi
779 2849 1034 2926 propriae
1058 2841 1462 2920 perversitatis
1496 2836 1723 2895 meritis
1752 2828 2147 2904 exigentibus.

960 2972 1080 3012 nar.
1113 2968 1278 3022 xvm,
1309 2965 1436 3006 CAP.
1466 2951 1520 3018 6,
1553 2959 1709 3002 διιεῖ.
1743 2941 1793 2996 1.

604 3057 645 3108 Θ
665 3049 857 3107 Dicis:
905 3046 1162 3104 Nullum
1190 3034 1880 3114 peccatumgnullamque
1919 3027 2046 3096 ejus
2071 3035 2188 3092 pa:-

531 3157 676 3200 nam
698 3136 948 3198 aliunde
975 3133 1166 3202 nasci,
1188 3129 1308 3186 nisi
1319 3125 1575 3200 propria
1605 3120 1857 3180 hominis
1879 3116 2188 3173 voluntate

533 3233 721 3290 libero
745 3228 906 3286 male
931 3224 1154 3282 utentis
1193 3217 1471 3279 arbitrio.

601 3324 647 3393 1-
691 3315 1149 3392 Respondemus
1184 3327 1199 3368 :
1255 3313 1581 3366 Peccamus
1634 3299 1882 3393 propria.
1924 3292 2187 3393 hominis

530 3380 839 3469 voluntate
867 3403 1068 3463 nasci:
1095 3414 1344 3476 poenam
1367 3410 1513 3454 vero
1545 3393 1675 3464 ejus
1704 3393 1824 3447 Deo
1840 3387 2002 3459 justo
2033 3380 2189 3455 judi-

531 3515 601 3557 ce
627 3495 901 3568 irrogari.

960 3614 1084 3658 nsr.
1110 3611 1232 3664 xxx,
1264 3608 1394 3651 GAP.
1422 3595 1476 3661 8,
1523 3605 1676 3646 sncr.
1703 3592 1754 3643 5.

603 3715 644 3765 Θ
678 3706 874 3766 Dicis:
907 3704 1079 3762 Sicut
1122 3697 1387 3759 animale
1433 3709 1648 3763 corpus
1698 3688 1962 3761 potuisse
2010 3687 2182 3756 mori,

533 3800 679 3874 quia
707 3797 909 3856 adhuc
961 3807 1082 3850 non
1115 3793 1245 3847 erat
1290 3785 1647 3859 perfectum,
1677 3780 1741 3836 id
1765 3783 1850 3837 est
1876 3778 2182 3849 spiritale:

531 3867 620 3948 ita
645 3889 1013 3946 voluntatem
1046 3881 1293 3938 liberam
1337 3874 1539 3933 adhuc
1585 3870 1907 3930 animalem
1954 3867 2184 3937 merito,

532 3982 678 4053 quia
701 3975 1018 4035 mortalem
1055 3970 1323 4042 potuisse
1348 3978 1632 4038 peccare:
1674 3959 1958 4034 quoniam
1986 3957 2188 4015 adhuc

532 4086 655 4128 non
686 4071 832 4125 esset
847 4062 1143 4134 perfecta.

603 4160 648 4229 1-
675 4151 1172 4226 Respondemus:
1205 4150 1336 4204 Non
1378 4144 1516 4200 ideo
1538 4153 1827 4215 peccasse
1855 4137 2186 4202 hominem,

534 4225 679 4318 quia
703 4225 978 4300 nondum
995 4241 1123 4295 erat
1149 4230 1566 4310 spiritalis,sed
1586 4229 1729 4303 quia
1741 4228 1816 4284 de
1845 4225 2031 4318 nihilo
2052 4239 2190 4280 con-

535 4316 716 4405 ditus,
739 4348 864 4390 non
892 4331 967 4388 de
984 4325 1250 4384 Factoris
1266 4320 1601 4380 substantia
1621 4319 1813 4374 fuerat
1832 4316 2186 4405 editus,pro-
2214 4320 2260 4376 D

533 4424 669 4498 pria
695 4404 1003 4480 voluntate
1035 4429 1162 4472 sese
1216 4429 1254 4470 a
1299 4423 1540 4466 summo
1567 4407 1732 4463 bono
1761 4404 1971 4463 avertit
2003 4407 2183 4476 atque

533 4493 859 4573 avertendo
897 4503 1197 4566 intumuit.
1253 4505 1403 4557 Nam
1459 4501 1517 4554 et
1563 4495 1844 4552 diabolus
1887 4509 2012 4550 non
2049 4493 2186 4550 ideo

531 4602 804 4681 peccavit
822 4599 967 4675 quia
1010 4593 1284 4654 nondum
1315 4592 1472 4646 esset
1499 4585 1799 4660 spiritalis,
1858 4583 2032 4655 cujus
2062 4585 2188 4640 tota

531 4671 750 4753 natura
781 4671 1082 4765 spiritalis,
1113 4684 1235 4740 imo
1265 4678 1508 4753 spiritus
1539 4674 1783 4765 condita
1824 4673 2046 4742 fuerat;
2079 4671 2186 4728 sed

529 4784 677 4858 quia
697 4786 755 4840 et
776 4761 905 4854 ipse
934 4777 1010 4834 de
1037 4771 1223 4830 nihilo
1246 4769 1459 4839 factus,
1488 4764 1677 4822 voluit
1702 4762 1869 4836 quod
1887 4761 2034 4819 velle
2060 4775 2187 4818 non

531 4851 760 4930 debuit.
792 4851 1083 4926 Voluntas
1103 4875 1348 4937 quoque
1375 4873 1501 4915 non
1530 4855 1664 4912 ideo
1688 4869 1940 4927 peccare
1967 4851 2182 4926 potuit,

530 4961 824 5035 quoniam
853 4959 1052 5015 adhuc
1075 4969 1202 5011 non
1217 4954 1343 5008 erat
1359 4947 1642 5022 perfecta,
1675 4943 1781 5000 sed
1809 4944 1953 5017 quia
1973 4945 2184 5016 sponte

531 5034 598 5107 se
627 5066 666 5106 a
693 5064 833 5104 vero
859 5046 1176 5102 liberatore
1204 5045 1262 5098 et
1281 5038 1573 5096 salvatore
1605 5034 1815 5094 avertit
1851 5036 2060 5091 auctor
2082 5046 2186 5088 vo-

527 5136 796 5206 luntatis,
821 5150 1011 5209 quam
1038 5131 1354 5190 mortalem
1375 5126 1550 5201 quasi
1574 5129 1854 5183 naturam
1882 5120 2182 5194 ineptissi-

526 5249 625 5291 me
653 5239 995 5299 nuncupas.

988 5345 1108 5387 per.
1138 5343 1239 5398 xx,
1269 5341 1396 5383 CAP.
1427 5328 1484 5384 8.
1505 5338 1660 5384 ποτ.
1683 5326 1717 5379 9

595 5451 636 5500 Θ
667 5445 821 5502 Dicis
848 5460 863 5500 :
902 5441 1102 5500 Talem
1131 5451 1252 5494 esse
1279 5433 1684 5504 di/ferentiam
1733 5427 1895 5484 inter
1925 5427 2175 5486 liberum

521 5536 777 5596 hominis
801 5531 1144 5598 arbitrium,
1173 5532 1228 5584 et
1260 5527 1388 5596 ejus
1417 5519 1834 5588 substantiam,
1858 5523 1924 5575 ut
1950 5524 2176 5577 natura

518 5631 583 5687 in
604 5627 913 5688 voluntate
940 5617 1265 5680 rationali:
1303 5613 1554 5672 liberum
1588 5623 1724 5668 vero
1746 5609 2069 5668 arbitrium
2097 5610 2160 5667 in

2297 348 2569 414 luntatis,
2601 348 2723 403 sive
2749 348 2813 403 in
2844 358 3090 403 munere
3116 344 3534 416 intelligentiae
3561 344 3830 401 dicatur.

2362 437 2406 506 1-
2436 435 2929 509 Respondemus:
2985 433 3397 491 Falsissimam
3435 449 3564 489 esse
3587 432 3770 489 talem
3790 434 3953 492 diﬂ‘e-

2291 524 2547 581 rentiam
2577 543 2590 580 :
2614 523 2909 597 quoniam
2923 521 3200 579 voluntas
3225 520 3490 578 hominis
3517 536 3644 577 non
3674 526 3763 577 est
3783 529 3951 580 natu-

2291 629 2360 669 ra
2383 616 2534 684 ejus,
2564 611 2822 669 liberum
2849 627 2994 668 vero
3019 609 3338 668 arbitrium
3365 609 3517 665 nihil
3560 609 3730 666 aliud
3768 628 3952 684 quam

2290 702 2662 759 voluntatem
2704 700 3013 770 libertatis,
3059 699 3124 756 id
3174 703 3264 757 est
3292 698 3647 756 electionem
3687 699 3840 756 boni
3869 701 3955 758 vel

2293 791 2460 864 mali,
2491 791 2716 850 vocari.

2710 915 2831 955 nar.
2863 914 2977 967 xxx,
3013 913 3139 954 oAp.
3167 895 3253 964 10,
3286 911 3439 953 sscr.
3473 899 3525 951 1.

2365 996 2411 1042 Θ
2442 988 2621 1045 Dicis:
2690 989 2804 1045 Dei
2840 987 3130 1059 prtescire
3185 991 3291 1043 aut
3331 984 3769 1056 praedestinare
3825 981 3956 1057 pec:

2294 1084 2453 1148 cata,
2485 1080 2580 1136 vel
2609 1083 2877 1148 mortem,
2911 1078 3005 1134 vel
3027 1091 3243 1146 pcenas
3267 1088 3291 1148 ;
3311 1075 3620 1132 hominum
3649 1075 3747 1130 vel
3771 1092 3954 1148 ange-

2297 1168 2514 1232 lorum,
2545 1183 2584 1224 a
2613 1167 2920 1224 contrario
2945 1163 3426 1235 intelligendum.

2364 1258 2408 1327 1-
2437 1256 2927 1329 Respendemus:
2955 1254 3143 1310 Deum
3171 1253 3454 1327 prescire
3486 1258 3714 1312 tantum
3739 1269 3959 1328 pecca-

2296 1351 2376 1415 ta,
2417 1349 2673 1402 mortem
2700 1360 2839 1402 vero
2871 1343 2967 1400 vel
2995 1359 3231 1418 pinnas,
3262 1346 3320 1400 et
3357 1345 3694 1417 praescisse,
3734 1344 3960 1418 pariter

2295 1440 2352 1493 et
2371 1435 2826 1508 praedestinasse
2846 1453 2859 1492 :
2878 1449 3075 1508 neque
3110 1449 3146 1490 a
3176 1433 3476 1492 contrario
3505 1433 3809 1492 ullatenus
3833 1449 3960 1490 sen-

2292 1526 2583 1584 tiendum.

2707 1649 2826 1690 nar.
2861 1649 2992 1703 xm,
3023 1648 3148 1690 CAP.
3193 1635 3283 1704 10,
3313 1647 3466 1690 sror.
3493 1636 3552 1690 3.

2368 1728 2408 1778 Θ
2441 1723 2632 1780 Dicis:
2659 1723 2843 1780 Omne
2864 1723 3095 1779 malum
3117 1727 3458 1793 peccatum,
3489 1727 3545 1780 et
3566 1723 3700 1793 ejus
3715 1736 3951 1793 poenam

2296 1829 2437 1884 esse,
2469 1818 2523 1869 et
2555 1813 2677 1870 hac
2696 1812 2854 1869 nihil
2883 1826 3023 1869 esse.

2366 1905 2409 1973 1-
2434 1902 2891 1975 Respondemus
2915 1918 2928 1958 :
2949 1903 3263 1958 Peccatum
3288 1900 3435 1957 nihil
3454 1917 3608 1974 esse,
3630 1903 3694 1958 at
3708 1916 3950 1974 poenam

2296 1991 2426 2063 ejus
2447 1991 2670 2064 aliquid
2703 2007 2834 2047 esse
2857 2009 2868 2044 :
2893 1991 2951 2046 id
2985 1994 3072 2047 est
3100 1993 3404 2047 creaturas
3431 1991 3535 2046 Dei
3559 2007 3702 2064 quae
3749 2007 3949 2064 pecca-

2295 2081 2527 2140 toribus
2576 2081 2846 2154 pcenales
2875 2079 3230 2145 efﬁciuntur,
3259 2080 3520 2152 exceptis
3549 2081 3639 2136 eis
3690 2081 3948 2154 peccatis

2294 2184 2430 2241 quae
2458 2182 2654 2240 poenas
2684 2165 2966 2222 dicuntur
2988 2165 3457 2238 praecedentium
3475 2169 3894 2238 peccatorum.

2705 2290 2824 2330 nnr.
2855 2289 3014 2343 xxm,
3048 2289 3175 2331 CAP.
3206 2272 3292 2344 10,
3325 2289 3445 2330 ssc.
3477 2277 3531 2330 5.

2365 2391 2404 2440 Θ
2435 2383 2615 2441 Dicis:
2638 2385 2888 2441 Mortem
2903 2384 3319 2456 miseriamque
3329 2383 3774 2454 suppliciorum
3796 2388 3953 2440 κτεν-

2294 2477 2527 2533 nalium
2558 2475 2798 2532 omnino
2830 2474 2984 2530 nihil
3013 2488 3171 2531 esse:
3204 2488 3277 2530 ac
3297 2488 3410 2546 per
3432 2473 3543 2530 hoc
3565 2489 3675 2531 nec
3695 2475 3951 2544 pra-sci-

2297 2565 2369 2634 ri,
2401 2580 2508 2622 nec
2535 2564 2983 2635 prcedestinari.

2364 2655 2406 2725 1—
2427 2653 2916 2726 Respondemus:
2949 2654 3192 2709 Mortem
3213 2651 3461 2725 quidem
3487 2666 3596 2725 per
3625 2667 3687 2708 se
3713 2666 3852 2708 non
3867 2667 3958 2708 es-

2293 2758 2358 2797 se
2387 2745 2699 2798 naturam:
2735 2740 3178 2813 separationem
3207 2744 3412 2798 tamen
3441 2739 3680 2811 animae,
3725 2744 3789 2796 et
3828 2756 3958 2797 cor-

2294 2831 2476 2904 poris,
2505 2834 2562 2887 et
2611 2846 2822 2904 poenas
2869 2829 3296 2899 gehennalium
3339 2832 3797 2898 tormentorum,
3829 2844 3961 2885 non

2295 2919 2409 2975 nisi
2430 2921 2550 2975 Deo
2568 2918 2771 2988 judice
2799 2917 2947 2987 ﬁeri,
2976 2934 3047 2975 ac
3071 2933 3181 2992 per
3206 2919 3326 2975 hoc
3344 2921 3403 2976 et
3429 2916 3685 2991 praesciri
3704 2917 3795 2974 ab
3825 2917 3960 2990 ipso

2295 3013 2353 3065 et
2370 3006 2806 3082 praedestinari.

2614 3129 2904 3183 manu,
2928 3129 3057 3172 CAP.
3093 3113 3178 3172 11.
3211 3131 3263 3171 r.
3292 3130 3358 3171 nr
3388 3129 3536 3172 sacr.
3573 3117 3626 3170 1.

2366 3229 2405 3278 Θ
2437 3223 2626 3279 Dicis:
2660 3223 2795 3280 Non
2823 3237 2944 3280 esse
2986 3223 3102 3279 Dei
3124 3223 3711 3292 prmdestinationem
3741 3224 3868 3280 nisi
3889 3223 3956 3280 de

2299 3313 2390 3370 his
2419 3315 2524 3385 qui
2545 3313 2886 3383 praparati
2907 3316 3047 3367 sunt
3075 3311 3157 3368 ad
3189 3317 3475 3368 aeternam
3497 3312 3888 3381 felicitatem.

2369 3405 2412 3474 1-
2441 3402 2941 3476 Respondemus:
2980 3401 3035 3458 Si
3061 3401 3144 3458 ita
3189 3406 3296 3471 est,
3327 3417 3440 3458 nec
3486 3401 3590 3457 Dei
3629 3402 3954 3472 judicium,

2295 3493 2412 3551 nisi
2436 3494 2510 3549 de
2535 3493 2628 3550 his
2659 3509 2787 3548 esse
2832 3492 2938 3565 qui
2965 3492 3289 3566 praeparati
3340 3496 3480 3548 sunt
3535 3491 3617 3547 ad
3666 3495 3956 3549 aeternam

2293 3583 2674 3640 felicitatem:
2709 3582 2905 3639 omnis
2959 3582 3185 3655 quippe
3224 3581 3326 3638 Dei
3376 3581 3839 3655 praedestinatio
3885 3581 3957 3640 ad

2294 3673 2423 3745 ejus
2446 3671 2850 3744 justissimum
2861 3670 3155 3744 judicium
3175 3671 3446 3744 pertinet.

2709 3795 2829 3837 θεν.
2861 3795 3003 3851 xxv,
3034 3795 3159 3836 CAr.
3189 3779 3273 3850 11,
3305 3795 3457 3836 sror.
3486 3781 3538 3834 1.

2365 3901 2405 3950 Θ
2420 3895 2594 3953 Dicis:
2623 3873 2881 3952 Abusive
2908 3895 3321 3966 translateque
3337 3893 3461 3950 dici
3471 3893 3763 3964 przscire
3774 3897 3953 3952 Deum

2295 3992 2352 4044 et
2375 3987 2832 4057 prmdestinare.

2367 4077 2410 4147 1-
2437 4074 2926 4149 Respondemus:
2962 4073 3186 4128 Verum
3216 4087 3345 4128 esse
3383 4071 3491 4128 sed
3535 4071 3864 4141 abusione,
3903 4074 3954 4127 et

2298 4165 2690 4223 translatione
2711 4163 2879 4232 nulli,
2905 4166 3120 4237 praeter
3147 4161 3350 4238 ipsum
3373 4161 3614 4236 proprie
3645 4165 3704 4219 et
3728 4160 3953 4236 princi-

2294 4255 2509 4329 paliter
2537 4252 2875 4312 convenire.

2688 4385 2807 4425 nar.
2839 4383 2998 4437 xxvi,
3031 4381 3159 4424 CAP.
3200 4367 3286 4452 li,
3318 4380 3478 4424 sscr.
3503 4367 3560 4428 1.

2367 4492 2406 4541 Θ
2437 4485 2592 4543 Dicis
2619 4503 2634 4543 :
2668 4485 2904 4554 Quoties
2925 4484 3151 4540 dicitur
3178 4484 3335 4540 Deus
3377 4482 3692 4552 prsescisse
3714 4487 3772 4538 et
3799 4496 3954 4552 pra:-

2297 4578 2624 4635 destinasse
2674 4574 2887 4644 impios
2936 4573 3018 4630 ad
3090 4573 3397 4629 interitum
3444 4571 3538 4628 vel
3586 4571 3953 4641 supplicium

2295 4673 2606 4737 aeternum,
2630 4680 2746 4735 pro
2774 4679 2895 4719 non
2912 4662 3223 4732 prwscisse
3250 4667 3304 4718 et
3333 4675 3455 4717 non
3476 4659 3952 4730 prasedestinasse.

2367 4757 2409 4826 1-
2461 4751 2958 4827 Respondemus:
3014 4748 3254 4806 Nullum
3307 4751 3656 4805 sanctorum
3707 4748 3954 4803 Patrum

2293 4849 2453 4901 hanc
2485 4840 2889 4916 perverSItatis
2913 4837 3213 4896 insaniam
3235 4836 3558 4895 admisisse
3578 4855 3592 4906 ;
3609 4835 3717 4892 sed
3727 4835 3813 4893 ita.
3827 4851 3954 4892 om-

2290 4949 2399 4990 nes
2428 4936 2635 4990 sancto
2669 4945 2912 5004 quoque
2959 4927 3265 4998 Fulgentio
3292 4930 3629 5000 exponente
3672 4925 3949 4991 sensisse,

2292 5020 2816 5096 quemadmodum
2852 5018 3155 5092 hodieque
3194 5016 3490 5075 catholica
3534 5015 3720 5072 sensit
3759 5013 3953 5071 Eccle-

2291 5111 2414 5168 sia:
2474 5109 2620 5183 quia
2650 5108 2804 5165 sicut
2833 5106 3124 5164 veraciter
3157 5104 3375 5162 dicitur
3397 5103 3709 5177 judicasse
3752 5101 3951 5158 bonos

2289 5201 2370 5259 ad
2400 5199 2677 5273 gloriam,
2700 5196 2896 5254 malos
2926 5196 3008 5253 ad
3043 5209 3333 5268 poenam;
3359 5193 3443 5250 ita
3487 5189 3780 5250 veraciter
3807 5185 3952 5273 dici-

2289 5294 2387 5350 tur
2410 5272 2877 5365 praedestinasse
2917 5285 3116 5344 bonos
3167 5282 3249 5342 ad
3299 5296 3580 5354 regnum,
3625 5277 3827 5338 malos
3869 5272 3949 5334 ad

2287 5384 2682 5439 tormentum.

2670 5505 2791 5547 nar.
2821 5501 3004 5554 xxvii,
3038 5501 3165 5544 CAP.
3197 5484 3257 5541 11
3269 5527 3286 5556 ,
3314 5498 3464 5540 sror.
3495 5481 3546 5536 l.

2357 5612 2397 5663 Θ
2427 5607 2614 5665 Dicis:
2645 5606 2716 5663 Si
2765 5605 2922 5662 enim
2958 5601 3374 5675 praedestinati
3415 5602 3576 5664 sunt,
3605 5590 3942 5655 necessario
