4158 6192
206 150 339 204 135³7

919 147 1007 202 DE
1049 145 1421 204 PR/EDEST.
1465 144 1749 202 CONTRA
1787 145 1834 196 J.
1877 143 2168 200 SCOTUM.
2212 175 2279 184 —
2320 143 2897 200 RECAPITULATIO.

3481 145 3620 200 1358

199 270 504 342 peribunt,
528 283 855 342 poenasque
889 272 1201 340 patientur
1243 269 1652 326 inevitabiles:
1699 265 1859 339 quod
1888 272 1936 325 A
1973 267 2236 340 primum
2279 268 2498 326 electus
2541 274 2648 340 est,
2678 268 2814 326 licet
2858 270 2997 341 post
3047 266 3310 323 avaritiae
3358 268 3624 340 pondere

201 361 258 416 si
307 359 392 414 ita
439 364 544 426 est,
595 360 882 430 quomodo
924 361 1090 428 juste
1145 359 1530 427 judicabitur
1579 357 1860 423 mundus,

201 464 373 519 quem
405 449 721 504 necessitas
747 449 1292 516 przdestinationis
1328 449 1484 518 cogit
1509 449 1712 518 perire
1733 450 1760 500 ?

277 539 318 607 -1-
367 535 856 608 Respondemus:
936 535 1151 591 Eadem
1211 535 1732 606 argumentatione
1792 532 1867 589 de

207 625 428 682 sanctis
477 641 652 697 posse
691 625 826 680 dici.
861 625 918 681 Si
949 624 1107 680 enim
1137 624 1544 696 praedestinati
1576 628 1735 690 sunt,
1764 637 1868 678 ne-

206 713 467 771 cessario
499 713 914 785 salvabuntur,
949 730 1323 787 regnumque
1372 713 1703 786 percipient
1743 713 1869 767 ine-

207 802 470 859 vitabile.
503 802 672 867 Quod
726 802 774 858 si
819 803 900 859 ita
943 807 1047 870 est,
1080 804 1390 876 quomodo
1437 804 1598 875 juste
1640 801 1871 873 judica-

208 891 370 946 bitur
406 889 700 961 mundus,
729 907 911 964 quem
959 893 1281 948 necessitas
1331 888 1871 964 praedestinationis

211 980 370 1052 cogit
416 978 682 1036 salvari?
727 979 834 1036 Ubi
883 979 1043 1036 cnim
1095 981 1419 1036 necessitas
1464 980 1730 1047 infertur,
1783 977 1874 1033 vis

211 1068 670 1142 quodammodo
698 1067 1085 1139 impenditur,
1111 1085 1231 1124 non
1265 1069 1455 1139 gratia
1481 1072 1871 1142 praerogatur.

602 1191 724 1229 mar.
749 1189 948 1242 xxvm,
979 1191 1103 1232 CAP.
1134 1179 1219 1246 11,
1253 1191 1406 1231 secr.
1441 1179 1494 1232 3.

288 1290 327 1336 Θ
377 1281 561 1339 Dicis:
614 1283 872 1338 Sanctus
928 1283 1279 1353 Scripturas
1333 1283 1772 1352 praescientiam
1823 1284 1878 1336 et

216 1373 799 1444 praedestinationem
820 1387 940 1427 non
972 1372 1092 1427 nisi
1119 1373 1181 1428 in
1213 1373 1354 1428 solis
1382 1373 1608 1428 sanctis
1633 1383 1876 1440 ponere.

292 1463 334 1532 ~1—
365 1459 858 1533 Respondemus:
896 1461 1014 1516 Deo
1044 1475 1158 1516 nos
1189 1461 1392 1532 potius
1423 1459 1664 1516 credere
1693 1473 1882 1531 quam

220 1549 347 1607 tibi.
402 1550 534 1621 Ipse
582 1548 742 1604 enim
789 1548 850 1603 in
908 1547 1060 1604 libro
1106 1551 1178 1604 1V
1230 1552 1459 1619 Regum
1506 1564 1614 1621 per
1662 1545 1884 1603 Isaiam

1972 356 2162 412 factus
2192 358 2263 413 sit
2289 358 2584 426 inimicus,
2615 363 2792 431 teque
2823 347 3230 414 contradicere
3260 357 3380 412 Deo
3409 356 3630 414 dicenti

1973 461 2080 518 per
2105 446 2518 503 Psalmistam:
2564 449 2642 503 Et
2680 450 2733 503 si
2770 447 3046 503 inimicus
3085 446 3488 502 maledixisset
3520 448 3630 501 mi-

1976 537 2059 604 hi,
2086 538 2493 595 sustinuissem
2540 539 2762 610 utique.
2804 539 2880 593 Et
2924 539 2977 592 si
3017 538 3066 592 is
3113 537 3217 608 qui
3263 537 3472 593 oderat
3517 551 3630 606 me,

1975 642 2154 696 super
2183 643 2273 683 me
2314 642 2536 698 magna
2563 628 2794 683 locutus
2823 627 3056 697 fuisset,
3083 626 3517 682 abscondissem
3545 639 3638 681 me

1974 715 2237 784 forsitan
2285 717 2361 772 ab
2403 731 2487 772 eo.
2528 718 2614 771 Tu
2665 731 2801 772 vero
2840 716 3168 782 unanimis,
3199 716 3328 772 dua:
3370 732 3551 782 meus,
3581 720 3636 771 et

1980 811 2152 860 notus
2183 820 2365 871 meus,
2396 806 2502 876 qui
2537 807 2716 861 simul
2745 821 2969 862 mecum
3016 805 3219 860 dulces
3250 805 3522 874 cupiebas
3555 806 3638 860 ci-

1983 893 2119 963 bos;
2166 895 2228 949 in
2272 894 2442 949 domo
2494 896 2606 950 Dei
2659 895 3100 950 ambulavimus
3159 910 3292 950 cum
3352 909 3640 951 consensu

1983 985 2107 1050 (Ιέ.
2142 1000 2252 1048 Liv,
2291 983 2496 1055 13-15).
2531 987 2594 1039 Et
2619 983 2796 1039 item:
2830 985 3069 1039 Etenim
3093 984 3264 1040 homo
3278 985 3449 1053 pacis
3476 999 3639 1052 meae,

1984 1073 2047 1126 in
2074 1087 2189 1142 quo
2213 1073 2483 1141 speravi:
2512 1073 2618 1142 qui
2655 1072 2859 1128 edebat
2875 1087 3061 1141 panes
3087 1088 3261 1139 meos,
3296 1074 3644 1144 magnifica-

1984 1160 2067 1216 vit
2096 1175 2278 1230 super
2303 1176 2396 1217 me
2422 1161 2973 1230 supplantationem
3006 1161 3124 1232 (Ps.
3158 1178 3253 1232 XL,
3295 1161 3398 1232 10).

2369 1284 2486 1323 mar.
2516 1284 2716 1335 XXXIV,
2745 1284 2868 1324 CAP.
2906 1273 2989 1336 13,
3022 1285 3170 1324 secr.
3203 1271 3256 1323 4.

2058 1378 2098 1426 Θ
2125 1373 2309 1429 Dicis:
2340 1375 2682 1431 Peccatores
2712 1376 2950 1431 relictos
2986 1381 3206 1432 aeterno
3227 1375 3357 1446 igni
3384 1375 3645 1445 plecten-

1989 1461 2114 1517 dos.

2062 1551 2104 1619 ι-
2125 1549 2580 1622 Respondemus
2611 1566 2622 1605 :
2656 1553 2785 1606 Non
2815 1549 3047 1606 relictos
3078 1550 3296 1617 solum,
3327 1551 3436 1606 sed
3465 1550 3648 1606 etiam

221 1639 582 1713 prophetam
613 1643 821 1694 contra
859 1638 1261 1694 Sennacherib
1309 1637 1574 1710 loquitur
1600 1637 1751 1692 inter
1778 1650 1887 1692 θεε-
1914 1625 1956 1680 Β
1992 1639 2466 1712 praedestinatos,
2512 1640 2812 1711 judicatos
2853 1657 2923 1697 ac
2967 1640 3214 1699 traditos
3257 1644 3478 1698 ueterno
3526 1639 3652 1712 igni

225 1734 351 1785 tera
379 1746 391 1783 :
424 1727 855 1784 Habitaculum
882 1733 1069 1793 tuum,
1095 1732 1150 1783 et
1175 1743 1474 1798 egressum
1497 1731 1690 1797 tuum,
1717 1731 1771 1782 et
1798 1726 1886 1781 in-

227 1818 473 1874 troitum
505 1822 695 1887 tuum,
727 1822 782 1872 et
829 1816 986 1873 viam
1017 1821 1182 1874 tuam
1210 1833 1313 1887 ego
1337 1816 1641 1887 praescivi,
1699 1820 1754 1871 et
1779 1815 1884 1884 fu-

226 1922 425 1964 rorem
473 1911 640 1962 tuum
685 1911 897 1962 contra
946 1922 1057 1963 me.
1109 1907 1398 1962 Insanisti
1438 1907 1502 1962 in
1544 1920 1656 1975 me,
1698 1910 1751 1962 et
1795 1919 1888 1960 su-

216 1997 432 2068 perbia
476 2002 582 2053 tua
629 1995 897 2053 ascendit
939 1997 1004 2052 in
1047 2011 1223 2052 aures
1255 2011 1414 2052 meas
1449 1995 1560 2067 (IV
1583 1996 1726 2066 Reg.
1770 2010 1888 2059 χιχ,

219 2089 335 2152 27).
379 2088 526 2142 Item
581 2099 688 2156 per
729 2083 1089 2139 Jeremiam:
1139 2083 1498 2139 Audiuimus
1544 2081 1886 2152 superbiam

217 2173 436 2230 Moab:
467 2172 757 2243 superbus
805 2177 891 2228 est
937 2171 1152 2240 valde;
1201 2173 1620 2228 sublimitatem
1654 2173 1801 2240 ejus,
1835 2175 1888 2226 et

219 2263 661 2334 arrogantiam,
689 2266 744 2317 et
776 2261 1142 2331 superbiam,
1171 2268 1224 2316 et
1264 2261 1642 2317 altitudinem
1692 2259 1886 2316 cordis

219 2352 394 2408 illius
433 2366 538 2422 ego
575 2351 717 2416 scio,
749 2350 838 2406 ait
884 2350 1197 2420 Dominus,
1239 2351 1607 2419 jactantiam
1653 2350 1804 2418 eius,
1834 2352 1890 2405 et

218 2441 386 2512 quod
435 2454 556 2495 non
604 2440 679 2494 sit
717 2441 909 2508 juxta
955 2453 1085 2494 eam
1132 2439 1323 2494 virtus
1372 2439 1520 2507 ejus,
1555 2452 1661 2494 nec
1699 2439 1890 2507 juxta

223 2529 389 2602 quod
411 2534 650 2599 poterat
680 2533 898 2584 conata
926 2529 1002 2584 sit
1031 2529 1235 2598 facere
1259 2529 1405 2600 (Jer.
1429 2543 1627 2596 XLvm,
1651 2531 1742 2596 29,
1773 2526 1885 2595 30).

225 2621 295 2674 Et
323 2617 684 2691 Apostolus:
725 2618 849 2674 Nos
893 2619 1051 2673 Deus
1083 2619 1258 2688 elegit
1301 2618 1540 2673 ultimos
1568 2617 1885 2687 apostolos,

227 2709 390 2765 velut
412 2709 595 2763 morti
611 2707 937 2763 destinatos
963 2707 1023 2773 (Ι
1039 2707 1181 2762 Cor.
1207 2722 1281 2773 ιν,
1314 2706 1390 2776 9).

301 2832 417 2870 DEF.
452 2831 612 2882 XXIX,
647 2829 770 2870 CAP.
808 2817 892 2879 11,
928 2827 1080 2868 an'r.
1109 2815 1171 2881 2;
1202 2827 1267 2867 ET
1294 2828 1419 2867 CAP.
1458 2811 1542 2880 12,
1577 2828 1725 2868 sacr.
1759 2815 1813 2867 2.

304 2928 341 2976 Θ
374 2923 562 2978 Dicis:
597 2921 1001 2992 Augustinum
1018 2921 1333 2992 aliquoties
1365 2921 1427 2975 in
1450 2921 1717 2990 reprobis
1731 2935 1887 2990 prae-

231 3013 684 3068 destinationem
716 3026 751 3067 a
782 3011 1087 3067 contrario
1111 3011 1397 3079 posuisse.

303 3103 345 3172 -ξ-
373 3099 864 3174 Respondemus:
917 3101 973 3154 8.
1015 3099 1304 3170 Fulgentii
1342 3098 1743 3156 voracissima:
1791 3114 1887 3154 ex-

226 3189 515 3264 positioni
543 3204 654 3244 nos
683 3189 975 3256 assentiri,
1005 3204 1126 3245 non
1174 3193 1286 3244 tuae
1315 3187 1648 3244 falsissimze
1678 3187 1889 3260 depra-

228 3278 478 3336 vationi.

314 3403 434 3442 per.
467 3402 606 3454 χχχ,
633 3401 756 3442 CAP.
790 3385 878 3456 12,
911 3401 1059 3442 secr.
1091 3390 1120 3441 5
1150 3403 1164 3453 ;
1198 3402 1265 3440 ετ
1294 3401 1418 3441 CAP.
1453 3390 1536 3456 l5,
1565 3400 1713 3440 sacr.
1746 3387 1799 3439 4.

300 3491 340 3540 Θ
365 3483 554 3541 Dicis:
603 3483 844 3541 Omnem
887 3484 1327 3553 praescientiam
1358 3484 1468 3539 Dei
1491 3482 1889 3552 prtedestina-

227 3578 448 3633 tionem
497 3590 636 3646 esse,
692 3580 745 3632 et
799 3589 1028 3632 omnem
1089 3574 1677 3644 prazdestinationem
1733 3589 1888 3644 pra:-

225 3668 558 3725 scientiam.

302 3761 344 3828 1-
369 3756 821 3830 Respondemus
845 3774 858 3811 :
895 3754 1132 3810 Falsum
1159 3771 1309 3823 esse,
1333 3755 1626 3828 quoniam
1653 3755 1890 3828 praescit

229 3850 387 3904 Deus
410 3849 661 3918 peccata
683 3861 821 3917 quae
849 3859 974 3900 non
1003 3843 1408 3916 praedestinat.

541 3969 658 4008 DEF.
686 3968 850 4021 XXXI,
880 3968 1002 4007 CAP.
1040 3955 1124 4021 l2,
1153 3967 1205 4005 Τ.
1239 3967 1302 4006 ετ
1335 3968 1484 4006 ὃΕΕΤ.
1519 3954 1573 4005 4.

304 4059 350 4106 Θ
376 4051 565 4109 Dicis:
603 4053 844 4108 Omnem
873 4050 1459 4120 praedestinationem
1508 4050 1618 4106 Dei
1648 4049 1888 4105 omnino

229 4159 354 4200 esse
375 4143 879 4213 praeparationem
907 4140 1134 4211 gratia.

305 4235 346 4303 σι-
377 4232 863 4305 Respondemus:
901 4233 966 4287 Et
992 4230 1107 4285 hoc
1133 4229 1355 4286 falsum
1382 4244 1531 4301 esse,
1565 4227 1709 4301 quia
1739 4245 1888 4302 prae-

1993 1728 2358 1802 plectendos.

2386 1835 2506 1874 per.
2528 1835 2708 1887 xxxv,
2741 1835 2864 1874 CAP.
2905 1821 2990 1887 l4,
3021 1834 3175 1876 secr.
3210 1820 3256 1875 1.

2064 1914 2106 1960 Θ
2131 1907 2318 1964 Dicis:
2351 1908 2450 1964 Ea:
2479 1909 2672 1965 verbis
2707 1909 3036 1978 Augustini
3054 1908 3311 1978 probari
3354 1907 3655 1978 praedesti-

1995 2003 2168 2054 natos
2197 2013 2316 2054 non
2338 2000 2458 2054 nisi
2483 1999 2556 2054 de
2574 2000 2757 2068 justis
2781 1998 2920 2054 dici.

2067 2088 2108 2156 -ξ-
2133 2087 2625 2159 Respondemus:
2663 2090 2984 2160 Nunquam
3030 2087 3112 2144 ita
3154 2086 3416 2144 sensisse
3452 2091 3653 2158 Augu-

1999 2176 2246 2247 stinum,
2278 2193 2596 2249 nunquam
2621 2177 2867 2234 dixisse.

2381 2301 2502 2340 DEF.
2527 2300 2726 2354 χχχνι,
2758 2300 2884 2341 CAP.
2923 2284 3005 2353 l4,
3040 2301 3189 2341 SECT.
3219 2288 3272 2340 4.

2069 2396 2109 2444 Θ
2140 2391 2328 2447 Dicis:
2363 2391 2591 2448 Contra
2623 2392 2873 2462 teipsum
2900 2407 3141 2460 plenam
3164 2391 3656 2462 praedestinatum

1993 2481 2429 2552 peccatoribus,
2487 2483 2644 2552 ipsos
2689 2497 2824 2538 vero
2867 2483 3174 2551 praescitos
3223 2486 3480 2553 tantum,
3531 2497 3655 2537 non

1992 2572 2471 2641 praedestinatos.

2067 2664 2109 2733 ει-
2139 2661 2628 2734 Respondemus:
2676 2663 2826 2720 Licet
2877 2663 2984 2720 tibi
3014 2663 3313 2719 contraria
3363 2661 3654 2735 proferas,

1996 2757 2408 2809 verumtamen
2451 2751 2674 2808 dixisse
2719 2769 2965 2826 poenam
2995 2752 3486 2825 proedestinatam
3516 2767 3656 2824 pec-

1999 2842 2322 2909 catoribus,
2349 2843 2634 2914 ipsosque
2665 2858 2787 2897 non
2815 2846 3049 2898 tantum
3090 2841 3421 2912 prmscitos,
3449 2857 3656 2897 verum

1999 2932 2177 2989 etiam
2211 2930 2531 3003 prmdestin
2541 2934 2692 2985 atos.

2367 3053 2485 3093 ηερ.
2520 3052 2737 3102 χχχνιι,
2772 3051 2902 3108 cap.
2945 3035 3028 3107 15,
3061 3051 3212 3091 sror.
3243 3038 3294 3091 8.

2067 3141 2106 3188 Θ
2139 3134 2324 3190 Dicis:
2357 3136 2576 3190 Ptenas
2606 3135 2766 3189 mala
2798 3149 2937 3204 esse,
2961 3133 3206 3204 ideoque
3234 3149 3355 3190 non
3379 3148 3416 3191 a
3446 3134 3586 3201 Deo,
3618 3147 3656 3189 a

1999 3241 2116 3298 quo
2137 3241 2258 3281 non
2290 3225 2365 3280 sit
2387 3225 2634 3280 malum.

2065 3317 2107 3386 σι-
2137 3313 2592 3387 Respondemus
2617 3329 2630 3368 :
2665 3313 2853 3368 Deum
2877 3312 3098 3369 dixisse
3127 3329 3235 3386 per
3251 3313 3652 3386 prophetam:

1994 3403 2121 3474 Ego
2150 3403 2440 3458 Dominus
2461 3403 2736 3471 formans
2764 3402 2973 3470 lucem,
3005 3407 3060 3458 et
3108 3417 3318 3459 creans
3341 3401 3657 3470 tenebras;

1991 3494 2223 3564 faciens
2243 3507 2477 3562 pacem,
2511 3496 2565 3546 et
2609 3506 2820 3547 creans
2866 3492 3051 3548 mala.
3081 3493 3213 3562 Ego
3242 3491 3531 3550 Dominus
3560 3491 3656 3559 fa-

1995 3583 2151 3639 ciens
2181 3582 2382 3638 omnia
2413 3580 2538 3636 ltwc
2569 3579 2711 3650 (Isa.
2737 3597 2871 3645 XLV,
2904 3585 2982 3649 7).

2353 3705 2471 3744 uer.
2499 3705 2744 3753 χχχνιιι,
2779 3705 2900 3744 CAP.
2939 3689 3021 3756 l5,
3058 3705 3210 3745 sacr.
3241 3693 3294 3745 8.

2068 3794 2106 3841 Θ
2135 3787 2320 3842 Dicis:
2350 3787 2538 3841 Deum
2561 3801 2679 3840 non
2695 3787 2920 3854 punire
2948 3802 3080 3856 quae
3103 3788 3270 3854 fecit.

2066 3879 2108 3946 -ξ-
2140 3873 2629 3947 Respondemus:
2683 3872 2831 3928 Nihil
2874 3873 3038 3929 aliud
3093 3876 3280 3928 Deum
3333 3871 3656 3944 p1mire,id

1995 3969 2083 4020 est
2111 3963 2307 4036 poenis
2341 3961 2637 4028 addicere,
2670 3977 2856 4032 quam
2903 3960 3069 4034 quod
3100 3960 3272 4016 fecit:
3307 3959 3413 4015 sed
3443 3959 3654 4014 merito

1995 4053 2242 4128 peccati,
2275 4051 2442 4124 quod
2476 4051 2606 4122 ipse
2655 4066 2779 4105 non
2817 4051 2988 4106 fecit:
3039 4067 3162 4106 non
3188 4049 3348 4107 enim
3377 4050 3437 4105 in
3476 4049 3655 4105 beato

1994 4142 2104 4198 Job
2155 4144 2472 4214 peccatum
2524 4139 2770 4212 aliquod
2815 4139 3196 4212 puniebatur,
3258 4139 3364 4194 sed
3421 4141 3656 4195 tantum

2001 4247 2162 4302 caro,
2193 4247 2380 4304 quam
2434 4231 2588 4285 Deus
2634 4229 2788 4297 fecit,
2823 4234 2880 4284 et
2915 4228 3082 4301 quod
3121 4227 3407 4284 omnibus
3455 4227 3658 4298 majus

229 4322 547 4380 destinavit
574 4325 729 4378 Deus
756 4319 1171 4394 peccatoribus
1217 4335 1454 4393 poenas,
1485 4336 1624 4392 quae
1654 4335 1778 4375 non
1810 4319 1890 4376 ad
1920 4332 1966 4388 Β
2003 4328 2108 4382 est.
2157 4327 2221 4378 In
2272 4320 2525 4378 Domino
2577 4322 2783 4376 nostro
2828 4321 2966 4374 Jesu
3015 4317 3244 4374 Christo
3301 4316 3447 4372 nihil
3492 4315 3659 4373 aliud

228 4411 510 4485 gratiam,
541 4411 646 4466 sed
677 4410 756 4466 ad
781 4409 1072 4482 justitiam
1099 4408 1258 4464 illius
1287 4408 1604 4482 pertinent.

548 4536 663 4575 per.
696 4534 880 4582 XXXII,
913 4533 1035 4574 CAP.
1076 4520 1159 4585 l2,
1189 4533 1340 4573 sncr.
1377 4521 1407 4572 5
1440 4520 1498 4573 et
1521 4521 1573 4571 6.

311 4621 350 4669 Θ
383 4615 567 4672 Dicis:
594 4617 831 4673 Eiectos
861 4630 978 4685 pro
1008 4629 1127 4669 non
1172 4615 1392 4682 electis,
1419 4614 1580 4682 ﬁlios
1629 4613 1741 4669 Dei
1775 4626 1892 4682 pro

234 4722 360 4763 non
386 4707 551 4775 ﬁliis.

312 4799 353 4866 σί·
377 4794 869 4870 Respondemus:
922 4796 1246 4866 Nunquam
1292 4793 1353 4850 id
1406 4795 1602 4850 Patres
1648 4793 1731 4850 ita
1768 4809 1896 4850 sen-

235 4901 408 4942 81888.

348 5009 467 5051 ηερ.
495 5009 699 5064 χχχιιι,
726 5008 848 5048 CAP.
888 4990 972 5060 13,
1005 5005 1156 5046 secr.
1195 4989 1214 5043 l
1247 5006 1311 5044 er
1341 4993 1373 5046 2
1403 5006 1416 5058 ;
1449 5005 1512 5045 ET
1543 5005 1666 5046 CAP.
1703 4989 1786 5059 15,

950 5096 1101 5136 sscr.
1129 5083 1186 5136 2.

313 5181 353 5228 Θ
380 5173 534 5230 Dicis
559 5191 572 5230 :
605 5173 874 5230 Electum
903 5170 1126 5228 Iudam
1147 5186 1264 5240 pro
1292 5186 1411 5226 non
1442 5171 1646 5241 electo,
1670 5175 1724 5225 et
1756 5169 1900 5226 ami-

234 5280 398 5334 cum,
420 5265 528 5336 qui
549 5277 860 5334 nunquam
887 5275 1007 5316 non
1033 5259 1221 5329 fuerit
1263 5259 1563 5331 inimicus,
1597 5273 1634 5315 a
1664 5263 1898 5314 contra-

232 5355 335 5409 rio
365 5354 578 5423 accipi.

312 5444 356 5513 -ι-
377 5440 830 5514 Respondemus
854 5457 867 5494 :
902 5438 1168 5496 Electum
1190 5440 1216 5493 J
1222 5437 1406 5493 udam
1428 5435 1507 5491 ad
1529 5434 1900 5507 apostolatus

235 5531 535 5598 ofﬁcium,
594 5535 652 5587 et
697 5531 776 5586 ad
824 5546 979 5603 opus
1035 5527 1131 5584 cui
1181 5525 1571 5597 congruebat,
1623 5524 1902 5597 quamvis

229 5633 369 5678 non
385 5619 729 5692 adregnum
745 5623 1035 5676 aaternum
1052 5635 1064 5673 :
1091 5614 1359 5672 similiter
1376 5605 1642 5672 amicum
1653 5613 1901 5686 quando

2001 4413 2282 4487 punitum
2324 4415 2432 4476 est,
2480 4409 2594 4465 nisi
2637 4409 2801 4482 quod
2832 4409 2959 4480 ipse
3010 4407 3245 4474 fecerat,
3278 4405 3340 4462 id
3379 4409 3467 4462 est
3517 4420 3658 4462 caro

2001 4505 2208 4576 ipsius.

2386 4605 2504 4644 per.
2536 4603 2742 4658 χχχιχ,
2771 4603 2891 4643 CAP.
2932 4586 3013 4654 l5,
3049 4601 3198 4641 SECT.
3223 4589 3276 4641 8.

2075 4695 2115 4742 Θ
2145 4687 2334 4743 Dicis:
2375 4689 2562 4743 Deum
2606 4687 2681 4742 ab
2726 4686 2808 4742 eis
2852 4699 2984 4755 qua:
3009 4684 3154 4752 fecit
3184 4680 3500 4740 naturalia
3530 4695 3660 4736 mu-

2005 4795 2155 4836 nera
2178 4793 2298 4833 non
2324 4777 2553 4832 tollere.

2075 4853 2634 4940 ~{-Respondemus:
2687 4866 2874 4920 Deum
2923 4878 3115 4918 caecos
3158 4861 3372 4929 facere,
3422 4860 3660 4929 surdos,

2006 4962 2226 5027 mutos,
2259 4960 2316 5013 et
2341 4953 2608 5017 claudos,
2642 4956 2700 5010 et
2729 4952 2976 5019 steriles,
3009 4957 3065 5009 et
3103 4957 3316 5010 caetera
3349 4950 3586 5010 similia.

2546 5077 2667 5117 per.
2699 5079 2793 5130 XL,
2825 5077 2947 5118 CAP.
2982 5063 3046 5116 16
3074 5077 3125 5116 r.

2080 5171 2118 5219 Θ
2147 5163 2300 5220 Dicis
2326 5180 2338 5218 :
2371 5162 2563 5219 Nulla
2601 5167 2826 5218 natura
2852 5167 3136 5218 naturam
3160 5161 3393 5230 puniri.

2079 5258 2120 5326 σι-
2146 5252 2642 5327 Respondemus:
2695 5250 2929 5308 Nullam
2957 5254 3236 5308 naturam
3267 5248 3381 5304 nisi
3425 5246 3504 5302 ab
3549 5244 3670 5301 alia

2009 5349 2226 5402 natura
2268 5341 2486 5418 puniri,
2519 5340 2790 5397 videlicet
2818 5344 3081 5397 creatam
3130 5343 3411 5394 naturam
3443 5351 3479 5390 a
3502 5349 3668 5390 crea-

2012 5435 2151 5491 trice
2205 5440 2438 5501 natura,
2487 5435 2553 5487 ut
2599 5431 2725 5504 ipse
2779 5432 2883 5503 qui
2941 5432 3129 5487 factor
3183 5432 3274 5483 est
3319 5429 3671 5484 naturarum

2013 5528 2368 5590 creatarum,
2397 5523 2524 5594 ipse
2550 5521 2623 5578 sit
2644 5520 2851 5592 judex,
2882 5520 3010 5592 ipse
3040 5518 3302 5590 punitor,
3329 5515 3420 5572 vel
3442 5518 3672 5572 creatas

2017 5615 2266 5669 naturas
2296 5626 2332 5665 a
2361 5611 2574 5665 creatis
2602 5608 2849 5667 naturis.
