4158 6192
179 215 315 275 136ι

961 214 1052 269 DE
1090 212 1443 269 PREDEST.
1486 206 1776 266 CONTRA
1811 207 1820 262 ί

1946 202 2195 265 COTUI.
2235 237 2303 249 -
2342 210 2896 267 RECAPITULATIO

3455 215 3589 271 1382

164 341 234 396 in
262 338 626 395 malevolam
658 340 922 396 animam
945 354 1065 394 non
1091 337 1361 393 introibit
1382 334 1699 405 sapientia,
1727 345 1834 387 nec
1863 332 1907 384 A
1945 346 2086 388 nam
2102 346 2125 403 ;
2140 339 2389 392 mortem
2410 340 2717 403 azternam,
2735 336 2855 391 nisi
2864 336 3134 393 veritatis
3146 338 3591 417 ignorantiam;

168 429 475 490 habitabit
504 429 568 486 in
593 444 839 500 corpore
866 429 1100 487 subdito
1118 428 1381 498 peccatis
1400 426 1561 499 (Sap.
1593 441 1632 492 ι,
1663 423 1739 496 4).

241 588 248 593 .
601 552 720 591 per.
744 551 859 602 Lm,
892 551 1014 591 CAP.
1043 539 1127 602 17,
1159 549 1315 592 secr.
1347 536 1402 589 4.

243 631 284 680 Θ
315 626 471 683 Dicis
500 626 930 685 :Prtesentiam
952 630 1009 681 et
1039 624 1468 681 habitationem
1513 624 1628 680 Dei
1641 624 1706 679 in
1740 621 1844 677 his

168 731 306 788 quas
330 731 437 771 nec
465 715 621 771 abeo
640 719 803 784 sunt,
830 729 938 771 nec
967 728 1035 771 ea
1062 714 1230 785 fecit,
1262 728 1298 769 (ι
1354 713 1660 770 contrario
1686 712 1826 777 diei,

167 819 306 861 cum
328 805 392 859 in
417 804 499 859 eis
527 819 648 859 non
677 804 814 861 sint.

242 892 752 967 'I'Respondemus
785 911 797 949 :
832 895 897 950 In
945 893 1162 950 divinis
1214 893 1465 967 eloquiis
1513 907 1826 966 nusquam

169 983 275 1041 Dei
301 982 738 1041 habitationem
767 983 829 1042 in
879 983 971 1040 his
1014 1000 1151 1058 quae
1203 1001 1331 1040 non
1361 988 1502 1040 sunt
1528 982 1823 1057 positam;

166 1072 607 1148 praescientiam
636 1088 781 1129 vero
812 1073 942 1145 ejus
972 1074 1153 1131 etiam
1195 1073 1437 1133 malitias
1468 1078 1525 1130 et
1566 1072 1828 1148 peccatis

166 1165 392 1223 nostris
424 1179 549 1222 non
578 1163 810 1221 abesse.

594 1289 713 1330 per.
746 1289 855 1331 Liv.
887 1288 1016 1328 CAP.
1053 1273 1135 1342 l7,
1160 1288 1312 1330 secr.
1346 1279 1396 1330 5.

242 1369 281 1419 Θ
301 1362 486 1421 Dicis:
533 1362 1003 1421 Similitudinem
1031 1363 1237 1421 domus
1268 1362 1581 1433 cujusdam
1606 1363 1826 1432 patris-

163 1453 439 1523 familias
468 1453 634 1510 intra
681 1451 841 1509 hanc
897 1452 1137 1510 domum
1168 1453 1304 1510 caeli
1323 1457 1377 1509 et
1400 1458 1595 1518 terrea,
1633 1452 1825 1508 malos

166 1543 235 1601 in
259 1557 413 1612 aere,
444 1543 621 1601 bonos
650 1542 712 1599 in
742 1541 964 1599 (ethera
987 1542 1287 1599 constitui.

238 1629 741 1704 'i'Respondemus
762 1648 774 1685 :
794 1629 980 1689 Malos
1009 1629 1125 1687 sub
1154 1629 1326 1686 terris
1354 1628 1415 1686 in
1435 1628 1672 1686 inferno
1698 1627 1824 1699 igni

167 1723 462 1794 perpetuo
505 1718 861 1793 mancipari,
892 1719 1086 1778 bonos
1141 1735 1327 1792 supra
1354 1734 1538 1777 omne
1593 1719 1712 1775 hoc
1741 1717 1824 1775 vi-

169 1809 338 1866 sibile
367 1809 606 1879 caelum,
633 1808 803 1881 quod
827 1807 1276 1867 ﬁrmamentum
1301 1811 1525 1866 sanctae
1557 1806 1821 1879 Scriptu-

166 1915 251 1956 raa
269 1902 641 1972 nuncupant,
664 1897 1032 1973 sempiterna
1058 1897 1430 1957 beatitudine
1473 1896 1817 1969 gloriﬁcari.

595 2023 713 2065 per.
755 2023 844 2076 Lv,
885 2021 1008 2064 CAP.
1038 2006 1121 2076 17,
1147 2022 1304 2064 sacr.
1338 2011 1390 2061 7.

240 2102 280 2153 Θ
308 2097 461 2157 Dicis
494 2114 508 2154 :
543 2098 745 2169 Ignem
775 2102 1064 2158 aeternum
1091 2097 1172 2153 ad
1201 2096 1496 2153 urendum
1517 2094 1823 2153 diabolum

164 2194 221 2244 et
252 2188 494 2259 angelos
510 2189 660 2258 ejus,
682 2201 803 2243 non
827 2186 1091 2242 homines
1101 2186 1357 2256 factum.

238 2276 274 2344 Ἰ-
299 2274 789 2351 Respondemus:
828 2273 1055 2331 Dixisse
1085 2276 1307 2331 Deum:
1338 2273 1408 2330 Si
1454 2273 1660 2332 oculus
1688 2277 1824 2330 tuus

161 2366 544 2424 scandalizat
576 2370 652 2432 te,
683 2378 825 2422 erue
843 2378 975 2421 eum
1002 2368 1055 2421 et
1081 2364 1313 2434 projice
1340 2363 1445 2418 abs
1470 2367 1526 2420 te
1556 2380 1569 2419 :
1609 2362 1823 2420 melius

157 2460 249 2511 est
281 2454 391 2511 tibi
420 2455 651 2510 luscum
680 2452 936 2510 introire
974 2452 1039 2511 in
1082 2451 1267 2510 vitam
1305 2457 1612 2521 aeternam,
1645 2464 1823 2523 quam

150 2545 307 2602 duos
347 2544 549 2602 oculos
577 2542 888 2601 habentem
915 2543 1078 2600 mitti
1103 2543 1165 2600 in
1187 2542 1383 2613 ignem
1402 2539 1826 2611 inextinguibi-

156 2635 298 2704 lem,
349 2633 452 2690 ubi
479 2632 695 2691 vermis
740 2646 944 2690 eorum
994 2647 1114 2689 non
1146 2631 1405 2687 moritur
1434 2636 1490 2687 et
1518 2629 1671 2699 ignis
1702 2643 1822 2686 non

155 2723 571 2795 exstinguitur
598 2721 815 2793 (Marc.
842 2737 919 2788 Ix,
945 2723 1035 2791 46,
1055 2745 1059 2748 ι
1083 2720 1193 2791 47).
1230 2719 1507 2778 Similiter
1536 2717 1612 2776 de
1632 2732 1823 2777 manu

163 2816 223 2870 et
250 2812 426 2889 pede.

576 2932 697 2975 nar.
731 2933 845 2985 va,
871 2932 997 2975 ω.
1044 2917 1129 2985 17,
1166 2933 1318 2973 sec'r.
1350 2923 1403 2973 7.

245 3015 289 3061 Θ
317 3007 505 3064 Dicis:
540 3006 812 3073 Diabolo,
838 3011 1156 3078 postquam
1180 3006 1397 3064 aethere
1416 3006 1692 3063 detrusus
1720 3006 1818 3075 sit,
1852 3035 1893 3089 α

168 3098 280 3153 ubi
296 3101 360 3152 in
391 3097 642 3153 aether-eo
680 3110 925 3166 corpore
949 3112 1069 3152 non
1092 3101 1329 3166 poterat
1346 3109 1558 3166 ptenas
1578 3096 1819 3161 sentire,

159 3187 441 3244 additum
462 3201 677 3256 corpus
708 3200 967 3255 aereum,
990 3186 1054 3242 in
1086 3201 1201 3256 quo
1232 3186 1427 3255 ignem
1456 3184 1721 3240 sentiret.

236 3275 278 3348 -ι-
301 3272 785 3349 Respondemus:
830 3274 895 3330 Id
934 3274 1283 3332 auctoritate
1346 3270 1661 3346 Scriptura:
1691 3287 1826 3344 pro-

156 3361 417 3437 phetica:
451 3365 631 3435 atque
685 3361 1027 3435 apostolicae
1060 3359 1310 3419 minime
1354 3377 1531 3435 posse
1557 3358 1822 3434 probari.

570 3487 693 3527 per.
732 3486 867 3538 Lvn,
910 3486 1034 3528 CAP.
1073 3474 1158 3536 17,
1192 3484 1344 3528 sECT.
1369 3472 1422 3525 8.

233 3567 280 3614 Θ
304 3559 492 3616 Dicis:
524 3560 659 3617 Non
701 3575 823 3617 esse
863 3560 1041 3617 illum
1100 3560 1297 3631 ignem
1345 3573 1613 3631 poenam,
1640 3572 1829 3630 neque

154 3649 245 3706 ad
272 3664 400 3705 eam
424 3655 844 3719 praeparatum
876 3649 971 3705 vel
984 3649 1500 3719 praedestinatum.

235 3738 272 3804 -1-
293 3738 751 3811 Respondemus
786 3755 798 3792 :
852 3738 1079 3794 Dixisse
1110 3737 1454 3808 Dominum,
1487 3752 1626 3793 cum
1651 3751 1824 3808 para-

154 3826 371 3884 bolam
401 3827 662 3900 piscium
692 3826 995 3883 bonorum
1018 3828 1197 3899 atque
1228 3825 1530 3881 malorum
1558 3841 1825 3899 pronun-

154 3915 367 3972 tiasset
396 3932 410 3971 ε
444 3901 696 3973 exibunt
733 3914 957 3987 angeli,
990 3920 1044 3971 et
1096 3912 1463 3984 separabztnt
1510 3913 1702 3969 malos
1749 3911 1823 3969 de

154 4006 357 4063 medio
371 4008 699 4075 justorum,
733 4011 789 4063 et
812 4007 1047 4062 mittent
1073 4018 1167 4061 eos
1198 4004 1261 4059 in
1283 4003 1585 4059 caminum
1616 4003 1816 4072 ignis:

153 4096 251 4153 ibi
263 4094 375 4153 erit
385 4095 561 4166 ﬂetus
578 4102 633 4154 et
650 4096 877 4152 stridor
897 4094 1164 4153 dentium
1189 4092 1426 4166 (Matth.
1438 4094 1571 4175 'xiu,
1590 4094 1680 4163 49,
1700 4095 1788 4158 50)
1805 4133 1816 4146 .
1841 4157 1844 4160 ,

156 4185 337 4246 Quod
363 4188 419 4241 te
448 4186 741 4242 adversus
774 4185 1029 4258 teipsum
1061 4187 1335 4256 patenter
1364 4181 1583 4238 dixisse
1612 4195 1817 4237 mons-

159 4276 371 4341 tratur,
401 4274 505 4347 qui
534 4274 701 4347 prius
723 4274 1006 4331 eumdem
1025 4273 1229 4343 ignem
1255 4272 1332 4328 ad
1359 4271 1659 4329 urendum
1687 4269 1816 4326 dia-

154 4361 376 4421 bolum
398 4367 453 4420 et
500 4363 749 4434 angelos
779 4363 909 4435 ejus
938 4362 1164 4421 factum
1208 4361 1465 4427 dixeras,
1506 4376 1630 4435 quo
1656 4358 1816 4418 enim
1856 4383 1900 4437 ι]

152 4454 343 4524 pacto
372 4452 509 4524 quis
538 4452 648 4520 uri,
682 4451 798 4509 nisi
850 4450 1166 4526 pcenaliter
1216 4453 1415 4525 queat,
1465 4465 1591 4508 non
1617 4448 1815 4509 video.

558 4577 676 4618 nar.
702 4576 866 4629 Lvrn,
896 4575 1022 4618 CAP.
1062 4560 1143 4627 17,
1177 4574 1337 4617 sscr.
1362 4562 1415 4615 8.

236 4653 278 4702 Θ
305 4647 454 4705 Dicis
482 4666 496 4704 :
528 4650 817 4707 Eumdem
847 4649 1046 4719 ignem
1072 4648 1267 4704 sedem
1293 4648 1526 4718 factum
1547 4659 1667 4702 esse
1708 4645 1819 4701 im-

154 4738 424 4809 piorum,
469 4738 535 4797 in
566 4754 681 4811 quo
718 4753 839 4795 non
889 4738 1087 4793 minus
1133 4735 1401 4795 habitent
1441 4735 1599 4794 beati
1637 4748 1818 4805 quam

157 4841 388 4884 miseri.

235 4918 278 4987 -(-
301 4916 753 4990 Respondemus
785 4919 950 4973 :Non
982 4915 1189 4972 sedem
1212 4913 1518 4972 suavitatis
1546 4917 1603 4972 et
1630 4912 1820 4985 digni-

156 5004 321 5074 tatis,
353 5009 412 5062 ut
440 5006 685 5079 desipis,
736 5005 1066 5077 impiorum
1092 5004 1200 5061 sed
1219 5008 1515 5062 aeternum
1544 5019 1674 5060 esse
1699 5006 1817 5059 tor-

148 5097 456 5163 mentum,
483 5111 594 5151 nec
612 5098 675 5150 in
688 5110 759 5150 eo
796 5092 1172 5150 habitaturos
1202 5093 1412 5149 beatos
1443 5093 1676 5150 dicente
1709 5094 1819 5149 Do-

151 5182 330 5240 mino
354 5200 368 5238 :
389 5182 571 5240 Ibunt
593 5170 735 5240 hiin
750 5182 1113 5253 supplicium
1141 5188 1429 5239 wternum
1443 5184 1604 5253 justi
1619 5189 1818 5240 autem

150 5273 225 5329 in
256 5273 442 5331 vitam
467 5278 754 5331 aeternam
784 5271 1024 5344 (Matth.
1058 5287 1195 5340 xxv,
1227 5274 1342 5339 46).
1374 5274 1685 5344 Nusquam
1715 5285 1821 5327 au-

152 5366 287 5418 tem
339 5374 649 5419 sacrarum
699 5360 1031 5418 litterarum
1070 5358 1165 5415 ille
1220 5358 1374 5429 ignis
1425 5360 1545 5416 vita
1600 5362 1821 5416 aeterna

152 5454 576 5524 nuncupatur.

578 5573 696 5616 nar.
730 5572 849 5628 LIX,
875 5573 1005 5618 CAP.
1037 5561 1121 5624 17,
1155 5571 1309 5612 sror.
1339 5558 1395 5614 9.

237 5671 283 5721 θ
300 5666 457 5724 Dicte
480 5684 494 5725 :
842 5667 1080 5726 nullam
1100 5678 1240 5735 esse,
1258 5665 1380 5722 nisi
1393 5668 1640 5722 mortem
1657 5668 1823 5723 aiter-

1944 424 2297 495 nullamque
2350 427 2654 482 miseriam
2695 441 2836 494 esse,
2867 425 2987 482 nisi
3008 426 3277 483 veritatis
3306 429 3592 499 ignoran-

1943 511 2085 567 tiam
2116 518 2171 568 et
2210 513 2316 569 ubi
2333 514 2649 585 ignoretur
2675 514 2916 582 veritas,
2966 514 3050 573 ibi
3096 515 3330 573 nullam
3379 517 3587 579 vitam.

2011 603 2053 672 -x-
2081 603 2571 675 Respondemus:
2603 606 2976 660 Peccatorem
3001 602 3063 660 in
3089 604 3205 661 hac
3228 604 3353 663 vita
3375 606 3592 666 saluta-

1938 691 2079 748 riter
2093 692 2483 764 pcenitentem
2500 692 2697 751 dicere
2717 712 2729 750 :
2758 694 2943 751 Miser
2969 693 3170 764 factus
3208 711 3360 762 sum,
3380 701 3439 753 et
3457 712 3591 755 cur-

1938 785 2113 837 vatus
2128 795 2258 838 sum
2279 796 2473 853 usque
2491 798 2553 839 in
2581 783 2759 852 ﬁnem
2813 783 2937 856 (Ps.
2971 796 3188 850 xxxvu,
3219 783 3297 856 7),
3326 787 3383 842 et
3405 786 3592 859 Apos-

1938 868 2126 926 tolum
2151 887 2166 925 :
2187 871 2372 928 Miser
2392 887 2496 943 ego
2518 872 2690 929 homo
2708 872 2895 943 (Rom.
2924 887 3022 941 vn,
3053 871 3141 945 24)
3168 874 3262 942 ;et
3287 872 3541 932 alterum
3573 892 3585 932 :

1935 960 2144 1017 Miseri
2167 966 2347 1019 estote
2375 968 2429 1018 et
2462 964 2659 1033 lugete
2676 962 2826 1034 (Jac.
2852 978 2935 1029 ιν,
2965 961 3040 1035 9),
3073 978 3230 1035 quos
3276 962 3481 1036 utique
3513 982 3589 1020 ee-

1936 1053 2114 1107 ternae
2133 1051 2307 1107 morti
2326 1051 2516 1120 gratia
2539 1052 2640 1107 Dei
2662 1054 2987 1124 exemptos,
3017 1051 3305 1126 nullaque
3323 1052 3588 1111 veritatis

1936 1139 2277 1208 ignorantia
2303 1136 2643 1197 tenebratos
2657 1139 2843 1198 libere
2861 1139 3234 1198 conﬁtemur.
3258 1141 3481 1200 Verum
3494 1159 3590 1200 re-

1936 1243 2208 1302 pugnare
2229 1229 2335 1286 tibi
2368 1245 2544 1287 sensa
2572 1233 2630 1287 et
2658 1229 2819 1287 dicta
2871 1231 2975 1288 tua
3026 1228 3301 1305 quisquis
3328 1247 3454 1290 non
3482 1232 3590 1293 ad-

1935 1318 2124 1387 vertit,
2156 1318 2457 1376 intellectu
2478 1322 2657 1378 caret.
2692 1322 2840 1378 Nam
2893 1336 3077 1394 supra
3106 1318 3345 1379 dixeras
3392 1321 3590 1380 inesse

1936 1407 2049 1465 illis
2094 1408 2502 1481 beatitudinis,
2553 1409 2850 1468 felicitatis
2882 1413 2939 1467 et
2965 1409 3226 1468 veritatis
3262 1411 3589 1481 notionem,

1936 1496 2244 1553 scientiam
2261 1501 2316 1553 et
2343 1497 2712 1555 desiderum.
2737 1502 2882 1555 Item
2902 1498 3008 1555 ubi
3029 1499 3336 1570 ignoretur
3352 1500 3590 1575 veritas,

1933 1587 2015 1643 ibi
2042 1585 2272 1643 nullam
2291 1586 2498 1643 vitam.
2522 1587 2580 1643 Si
2609 1586 2782 1660 impii
2813 1586 2874 1643 in
2900 1585 3001 1643 illo
3052 1588 3190 1658 igne
3221 1589 3429 1645 sedem
3458 1594 3592 1646 tan-

1853 1679 1893 1735 B
1937 1681 2062 1733 tum
2090 1675 2374 1745 habituri,
2405 1693 2529 1734 non
2556 1679 2612 1734 et
2644 1692 2893 1751 poenam
2949 1677 3190 1750 passuri
3247 1681 3406 1748 sunt,
3439 1693 3593 1753 quo-

1933 1765 2116 1823 modo
2135 1765 2367 1823 nullam
2382 1767 2567 1824 vitam
2591 1765 2953 1824 habebunt?
2966 1766 3073 1823 sed
3096 1767 3320 1824 Veritas
3372 1768 3594 1829 clamat

1930 1856 2242 1914 habituros
2263 1856 2379 1913 illic
2406 1856 2626 1931 impios
2653 1857 2860 1926 vitam,
2889 1857 3000 1914 sed
3023 1856 3351 1931 poenalem.

2290 1981 2407 2023 nev.
2441 1982 2533 2035 ιχ,
2565 1980 2687 2022 CAP.
2715 1965 2798 2035 18,
2827 1980 2880 2022 r.
2903 1981 2968 2021 er
3002 1980 3154 2022 secr.
3190 1969 3243 2024 1.

2003 2078 2043 2128 Θ
2072 2073 2225 2131 Dicis
2254 2090 2267 2130 :
2299 2074 2585 2133 Errorem
2601 2070 3120 2146 praedestinationi
3142 2087 3219 2135 ex
3239 2072 3587 2133 liberalium

1932 2163 2393 2247 disciplinarum
2421 2162 2790 2234 ignorantia,
2847 2162 3196 2220 Grzcarum
3247 2163 3589 2222 litterarum

1933 2239 2173 2291 inscitia
2206 2239 2402 2291 ortam
2431 2250 2574 2293 esse.

2004 2325 2046 2394 -ξ-
2057 2322 2510 2397 Respondemus
2534 2342 2547 2381 :
2569 2325 2695 2381 Non
2712 2338 2843 2382 esse
2860 2338 3144 2391 errorem,
3159 2322 3268 2382 sed
3281 2324 3593 2383 veritatem

1933 2413 2482 2486 praedestinationis
2512 2414 2770 2484 geminae
2803 2430 2840 2471 a.
2867 2412 3144 2471 Patribus
3184 2413 3589 2487 approbatam

1931 2506 2240 2575 tantopere
2258 2518 2328 2559 ac
2349 2503 2743 2576 prmdicatam
2765 2518 2990 2577 eosque
3004 2502 3335 2576 perfectam
3354 2519 3593 2560 earum-

1932 2592 2073 2649 dem
2127 2592 2444 2650 seientiam
2497 2592 2791 2651 habuisse
2843 2592 3190 2650 nullatenus
3219 2591 3592 2665 dubitamus,

1930 2684 2109 2754 teque
2135 2681 2336 2754 potius
2364 2681 2664 2740 tantillula
2691 2696 2905 2739 earum
2931 2680 3244 2738 scientiola
3264 2680 3423 2738 ultra
3438 2680 3597 2738 vires

1930 2774 2066 2829 tuas
2092 2771 2387 2829 tumuisse
2413 2775 2594 2844 atque
2624 2770 2686 2829 in
2715 2774 2915 2829 tantas
2962 2769 3381 2844 blasphemiae
3411 2769 3597 2843 impie

1941 2876 2314 2933 prorupisse.

2426 2981 2545 3023 nar.
2568 2982 2664 3022 ιιι
2688 2981 2813 3023 CAP.
2849 2969 3100 3036 48,secr.
3135 2964 3188 3020 l.

2002 3078 2041 3129 Θ
2071 3074 2225 3131 Dicis
2256 3090 2268 3130 :
2291 3074 2411 3131 Eas
2428 3073 2540 3131 Dei
2553 3074 2912 3145 sapientiam
2930 3086 3069 3131 suas
3094 3071 3331 3131 comites
3363 3070 3598 3131 investi-

1931 3164 2307 3237 gatricesque
2330 3164 2469 3233 ﬁeri
2494 3164 2769 3220 voluisse.

2000 3256 2043 3325 «ια
2072 3251 2535 3327 Respondemus
2569 3251 2778 3308 :Nullo
2809 3251 3027 3308 comite
3079 3251 3181 3307 Dei
3231 3249 3595 3325 sapientiam

1933 3342 2289 3413 indiguisse,
2319 3357 2428 3400 nec
2478 3357 2586 3417 per
2636 3356 2739 3399 eas
2792 3356 2856 3398 se
2908 3340 3278 3412 investigari.
3326 3341 3441 3397 Sed
3490 3357 3598 3415 per

1932 3432 2219 3506 Spiritum
2253 3446 2432 3489 suum
2464 3431 2539 3489 de
2568 3447 2691 3507 quo
2722 3429 2851 3506 ipse
2876 3429 3173 3506 promittit
3206 3448 3219 3486 :
3249 3429 3391 3486 Cum
3422 3444 3593 3488 vene-

1930 3522 2015 3577 rit
2046 3521 2152 3577 ille
2183 3519 2442 3591 Spiritus
2472 3521 2767 3587 veritatis,
2794 3520 3027 3577 docebit
3048 3535 3149 3577 vos
3180 3534 3412 3577 omnem
3441 3518 3596 3576 veﬁ-

1933 3615 2114 3667 tatem
2139 3612 2339 3679 (Joan.
2365 3624 2485 3670 xvr.
2518 3610 2623 3681 l3);
2656 3608 2824 3685 quod
2845 3609 3078 3684 absque
3125 3606 3599 3666 contradictione

1930 3700 1992 3756 in
2022 3698 2330 3772 prophetis
2356 3698 2722 3772 pastoribus,
2752 3698 2814 3755 in
2859 3696 3147 3773 apostolis
3197 3695 3598 3771 piscatoribus

1929 3787 2259 3845 litterarum
2290 3788 2501 3844 insciis
2529 3788 2986 3859 comprobatur,
3014 3788 3252 3844 dicente
3279 3785 3591 3859 Apostolo:

1929 3878 2083 3936 Nam
2117 3893 2249 3934 cum
2281 3892 2399 3933 non
2421 3876 2796 3947 cognovisset
2814 3876 3075 3933 mundus
3098 3890 3212 3946 per
3238 3875 3595 3943 sapientiam

1927 3969 2138 4031 Deum,
2178 3966 2417 4038 placuit
2465 3967 2588 4022 Deo
2617 3980 2727 4037 per
2775 3965 3100 4023 stultitiam
3142 3963 3596 4034 praedicationis

1931 4058 2130 4117 salvos
2168 4056 2375 4127 facere
2426 4054 2727 4115 credentes
2773 4054 2828 4128 (Ι
2882 4054 3020 4113 Cor.
3072 4071 3115 4124 1,
3158 4053 3249 4127 21)
3308 4056 3375 4111 Et
3411 4067 3596 4111 evan-

1929 4145 2175 4220 gelista:
2222 4145 2377 4204 Erat
2431 4146 2541 4204 tua:
2596 4160 2758 4212 vera,
2800 4159 2932 4216 quas
2988 4143 3305 4203 illuminat
3362 4157 3595 4201 omnem

1929 4237 2224 4293 hominem
2257 4236 2581 4293 venientem
2607 4235 2671 4290 in
2703 4234 2867 4291 hunc
2894 4234 3188 4290 mundum
3216 4234 3413 4302 (Joan.
3450 4248 3490 4301 ι,
3513 4234 3590 4307 9)-

1929 4327 1997 4381 Et
2024 4324 2167 4385 item
2198 4322 2517 4397 Apostolo:
2567 4322 2974 4396 Evangelium
3006 4319 3168 4396 quod
3192 4321 3592 4394 praedicatum

1929 4420 2013 4471 est
2070 4430 2107 4471 a
2158 4430 2271 4479 me,
2326 4429 2445 4470 non
2503 4420 2588 4469 est
2648 4413 2976 4470 secundum
3015 4411 3347 4479 hominem;
3406 4425 3594 4484 neque

1929 4504 2084 4560 enim
2140 4503 2214 4560 ab
2260 4498 2496 4560 homine
2549 4503 2761 4572 accepi
2814 4501 2997 4568 illud,
3051 4515 3239 4572 neque
3268 4500 3453 4556 didici
3491 4500 3595 4556 sed

1923 4607 2037 4662 per
2083 4591 2507 4650 revelationem
2554 4590 2697 4647 Jesu
2736 4590 2969 4648 Christi
2998 4588 3153 4661 (Gal.
3186 4605 3226 4659 ι,
3263 4587 3483 4660 11,12).

2319 4728 2437 4770 per.
2478 4726 2617 4778 un,
2656 4729 2780 4770 CAP.
2824 4715 2912 4786 18,
2955 4727 3108 4772 secr.
3142 4717 3196 4769 3.

1999 4828 2045 4875 Θ
2078 4820 2266 4877 Dicis:
2300 4821 2909 4891 Praedestinatioenm,
2966 4825 3023 4879 et
3054 4818 3589 4893 prwdeﬁnitionem

1927 4912 2084 4969 nihil
2112 4911 2287 4968 aliud
2323 4926 2446 4969 esse
2472 4927 2655 4983 quam
2671 4912 3113 4982 praevisionem.
3447 4934 3459 4946 -

1998 5003 2041 5073 -1ο
2070 4999 2577 5074 Respondemus:
2634 5000 2873 5058 Falsum
2940 5015 3069 5059 esse
3120 4999 3313 5059 multa
3362 4998 3588 5074 quippe

1926 5088 2332 5164 praevidentur
2359 5105 2495 5165 quas
2526 5104 2636 5148 nec
2656 5089 3164 5164 prandestinantur
3188 5106 3301 5151 nec
3323 5088 3591 5167 prasdeﬁ-

1938 5178 2204 5236 niuntur.

2319 5301 2443 5344 nar.
2464 5286 2631 5357 uin,
2663 5302 2788 5357 CAP,
2826 5287 2914 5354 18,
2957 5303 3109 5349 sacr.
3138 5289 3197 5347 4.

2002 5400 2049 5448 Θ
2080 5394 2233 5452 Dicis
2263 5410 2277 5451 :
2296 5395 2488 5453 Deum
2507 5410 2616 5452 nec
2639 5396 3108 5466 pravidissenec
3121 5392 3593 5466 prcedestinasse

1929 5489 2180 5542 mortem
2206 5490 2263 5542 et
2284 5500 2517 5557 poenas,
2539 5486 2684 5558 quia
2709 5486 2867 5543 nihil
2894 5492 3053 5544 sunt.

2003 5576 2046 5645 -ιο
2076 5575 2567 5647 Respondemus:
2600 5579 2792 5634 Deum
2811 5580 2869 5633 et
2897 5573 3253 5650 praevidisse
3277 5575 3336 5631 et
3364 5571 3597 5646 prinde-

1937 5663 2191 5722 stinasse
2202 5666 2457 5723 mortem
2467 5662 3595 5741 etpcmas,quipeeeamrumhominem
