4158 6192
543 192 674 247 1363

537 401 895 460 moriturum
929 399 1094 455 illum
1128 400 1421 472 praedixit.

919 539 1040 579 nar.
1073 538 1231 590 LXIV,
1265 541 1386 581 CAP.
1428 527 1512 596 18,
1548 542 1698 582 8εετ.
1741 531 1794 580 7.

607 654 646 702 Θ
678 648 866 705 Dicis:
918 650 1028 706 Dei
1072 652 1428 719 sapientiam
1475 653 1934 722 prtedestinassc
1962 650 2029 706 in
2074 649 2194 705 suis

539 739 764 809 legibus
785 739 985 794 modos
1008 740 1173 795 ultra
1190 756 1334 811 quos
1360 743 1675 812 impiorum
1691 742 1927 797 malitia
1943 753 2192 809 progre-

534 829 598 884 di
627 843 745 884 non
771 830 982 897 possit,
1016 845 1121 884 nec
1151 830 1273 884 sini
1296 832 1555 900 alicujus
1579 832 1880 886 malitiam
1909 830 1972 884 in
1993 829 2194 896 infini-

537 925 684 986 tum,
704 925 892 986 prout
928 919 1088 985 velit,
1120 921 1382 987 extendi,
1434 921 1644 976 divinis
1696 920 1919 990 legibus
1945 932 2194 988 progre-

535 1008 743 1064 diendi
767 1009 1004 1063 modum
1039 1010 1490 1078 imponentibus.

607 1099 649 1166 -1-
666 1096 1120 1166 Respondemus
1156 1114 1167 1150 :
1193 1101 1406 1152 Verum
1425 1114 1574 1167 esse,
1599 1098 1830 1152 dicente
1847 1097 2026 1152 beato
2047 1094 2155 1150 Job
2181 1112 2192 1149 :

542 1185 919 1241 Constituisti
948 1187 1229 1241 terminos
1260 1189 1389 1256 ejus
1412 1189 1516 1258 qui
1561 1188 1868 1257 praeteriri
1898 1202 2016 1240 non
2040 1190 2200 1254 pote-

538 1278 686 1330 runt
715 1274 848 1342 (Job
879 1290 997 1344 xxv,
1028 1275 1100 1346 5).
1135 1277 1276 1340 Qua:
1308 1277 1603 1331 sententia
1626 1281 1725 1332 tua
1756 1275 2071 1330 nobiscum
2098 1289 2202 1346 po-

539 1363 654 1418 tius
685 1379 869 1434 quam
901 1368 1096 1418 tecum
1117 1363 1261 1432 agit,
1288 1364 1376 1419 vis
1399 1365 1562 1420 enim
1603 1366 1760 1420 hanc
1793 1380 1920 1419 esse
1954 1378 2199 1434 prunam

541 1452 979 1525 peccatoribus,
1004 1453 1252 1524 quando
1272 1470 1394 1509 non
1411 1459 1640 1510 tantum
1659 1470 1908 1526 peccare
1929 1453 2202 1508 sinuntur

542 1545 839 1613 quantum
869 1541 1097 1597 volunt.
1131 1544 1188 1597 Si
1212 1559 1354 1610 ergo
1375 1543 1502 1598 haec
1531 1543 1642 1598 illis
1671 1559 1852 1615 poena
1871 1547 1978 1608 est,
1998 1557 2034 1597 a
2054 1555 2201 1612 quo-

543 1645 773 1701 quaeso,
828 1634 936 1692 est,
993 1630 1110 1685 nisi
1149 1631 1228 1686 ab
1260 1631 1360 1687 illo
1417 1648 1453 1688 a
1481 1649 1604 1706 quo
1637 1631 2042 1704 prredestiuati
2067 1632 2203 1684 sunt

543 1719 732 1784 modi,
763 1718 917 1775 ultra
937 1736 1090 1792 quos
1119 1721 1448 1794 impiorum
1476 1721 1704 1778 malitia
1760 1720 2040 1792 progredi
2077 1735 2202 1774 non

543 1809 754 1882 possit.
791 1809 870 1880 Si,
915 1809 1188 1882 inquam,
1243 1811 1460 1867 divinis
1496 1811 1730 1881 legibus
1783 1807 2203 1882 progrediendi

544 1897 799 1953 modum
829 1898 1302 1970 imponentibus,
1335 1917 1459 1955 non
1488 1901 1700 1955 sinitur
1729 1898 1984 1968 alicujus
2040 1895 2205 1950 mali-

546 1986 628 2042 tia
660 1986 720 2040 in
751 1986 1076 2056 inﬁnitum,
1098 1992 1278 2058 prout
1308 1989 1444 2043 velit
1472 1989 1732 2055 extendi,
1768 1993 1824 2043 et
1851 1987 1979 2041 haec
2024 2000 2206 2058 pmna

547 2078 654 2142 est,
688 2089 724 2128 a
753 2089 898 2145 quo,
921 2089 1090 2142 rogo,
1129 2075 1246 2129 nisi
1269 2075 1347 2130 ab
1374 2075 1474 2130 illo
1511 2077 1681 2146 cujus
1711 2075 1946 2146 legibus
1972 2089 2205 2129 coerce-

545 2162 690 2218 tur?
733 2163 937 2218 Fatere
988 2163 1168 2232 igitur
1221 2165 1379 2220 hanc
1425 2166 1850 2221 cobibitionem
1910 2164 2206 2238 pmnalem

547 2250 660 2305 illis
687 2267 723 2306 a
754 2253 872 2306 Deo
901 2251 1274 2324 impositam,
1308 2270 1376 2308 ac
1409 2270 1516 2327 per
1545 2255 1660 2310 hoc
1711 2255 1943 2326 absque
1976 2258 2206 2309 eontra-

548 2338 808 2396 dictione
831 2339 909 2396 ab
929 2341 1060 2414 ipso
1090 2357 1218 2398 esse
1241 2359 1508 2416 ptBllalD.

929 2483 1049 2524 DEF.
1093 2485 1228 2537 va,
1269 2485 1392 2526 CAP.
1442 2471 1524 2539 18,
1569 2487 1721 2526 sror.
1766 2477 1820 2526 7.

619 2581 665 2626 6
692 2574 884 2631 Dicis:
917 2575 1086 2632 Nihil
1124 2582 1404 2646 appetere
1455 2579 1774 2647 impiorum
1824 2575 2108 2642 omnium,
2145 2580 2201 2629 et

551 2664 778 2720 diaboli
814 2666 1315 2736 nequitiam,.‘_nisi
1336 2668 1412 2721 ab
1437 2682 1502 2722 eo
1533 2668 1634 2738 qui
1662 2673 1743 2722 est
1767 2679 1996 2720 summa
2028 2678 2214 2719 essen-

553 2753 659 2818 tia,
687 2753 981 2824 recedere,
1015 2756 1078 2809 in
1123 2757 1358 2810 tantum
1390 2763 1454 2809 ut
1508 2770 1711 2810 eorum
1743 2759 1994 2819 natura,
2029 2752 2080 2806 si
2111 2752 2213 2808 te:

553 2841 764 2898 divina
791 2841 1033 2912 sineret,
1056 2843 1120 2898 in
1150 2842 1407 2898 nihilum
1430 2843 1673 2900 rediret.

625 2931 667 2999 -ι-
698 2929 1154 3003 Respondemus
1186 2950 1200 2987 :
1231 2930 1548 2988 Mirarinos
1578 2931 2014 3004 disputatorem
2039 2945 2214 3000 argu-

553 3017 878 3088 tissimum,
919 3023 984 3076 ut
1011 3019 1118 3093 qui
1142 3020 1308 3093 prius
1337 3022 1576 3078 dixeras
1596 3021 1842 3077 insitum
1873 3019 2088 3092 cuique
2109 3033 2214 3074 na-

553 3107 821 3165 turaliter
847 3108 1234 3165 beatitudinis
1286 3111 1640 3183 appetitum,
1692 3125 1950 3182 eamque
2002 3123 2216 3164 omnes

557 3202 858 3270 appetere,
893 3213 1054 3254 nunc
1079 3215 1110 3256 e
1144 3199 1442 3256 contrario
1485 3214 1726 3254 asseras
1755 3197 1904 3254 nihil
1961 3214 2066 3253 eos
2113 3212 2214 3268 ap-

555 3290 756 3358 petere
792 3287 906 3342 nisi
937 3287 1016 3342 ab
1046 3303 1117 3344 eo
1133 3287 1239 3360 qui
1268 3292 1356 3344 est
1387 3303 1628 3344 summa
1659 3287 1918 3342 essentia
1943 3286 2218 3342 recedere

560 3391 701 3430 cum
730 3391 971 3431 summa
995 3378 1254 3432 essentia
1279 3377 1412 3448 ipsa
1444 3375 1522 3432 sit
1571 3375 1981 3431 indubitanter
2034 3373 2218 3430 beati-

559 3462 710 3518 tudo
745 3463 1128 3534 sempiterna.
1190 3467 1329 3518 Item
1389 3464 1494 3536 qui
1537 3468 1674 3520 ante
1717 3465 1957 3520 dixeras
1989 3463 2221 3519 nullam

565 3552 848 3604 naturam
874 3550 1088 3621 perire,
1131 3566 1293 3606 nunc
1325 3552 1541 3608 asseris
1589 3557 1892 3618 naturam,
1925 3553 1972 3608 si
2013 3552 2108 3607 lex
2137 3551 2223 3607 di-

570 3635 715 3694 vina
736 3635 970 3708 sineret,
998 3638 1061 3693 in
1081 3637 1336 3694 nihilum
1367 3639 1579 3708 redire,

942 3779 1061 3820 nar.
1102 3779 1264 3832 LXVI,
1298 3780 1423 3833 CAP,
1455 3765 1538 3833 18,
1569 3781 1721 3821 secr.
1747 3767 1798 3820 8.

640 3891 680 3940 Θ
710 3887 866 3943 Dicis
891 3905 902 3943 :
928 3889 1152 3945 Invitos
1173 3891 1295 3946 Deo
1339 3892 1563 3948 servire
1589 3892 1828 3962 impios,
1870 3907 1991 3948 non
2049 3897 2229 3947 natu-

567 3991 723 4046 ram,
777 3992 957 4047 quam
1002 3979 1062 4033 in
1109 3979 1188 4035 eis
1211 3980 1380 4049 fecit,
1412 3986 1468 4036 et
1518 3981 1583 4036 in
1614 3985 1691 4036 eis
1718 3997 1840 4036 non
1860 3981 2046 4049 punit
2079 3993 2102 4052 ;
2129 3979 2234 4037 sed

570 4067 794 4122 malam
852 4067 1242 4136 voluntatem,
1276 4085 1456 4141 quam
1512 4070 1576 4126 in
1607 4073 1688 4126 eis
1735 4085 1856 4126 non
1879 4070 2044 4140 fecit,
2079 4075 2134 4124 et
2163 4069 2232 4126 in

574 4155 654 4209 eis
671 4153 850 4222 punit
868 4166 891 4223 ;
912 4154 975 4209 in
1017 4170 1081 4212 eo
1121 4158 1280 4228 quod
1313 4159 1366 4214 ei
1391 4159 1565 4215 inviti
1611 4159 1901 4224 serviunt,
1932 4159 2144 4228 puniri
2169 4158 2233 4213 in

573 4256 785 4310 seszis
807 4256 918 4299 sua
944 4260 1147 4314 plena.

1667 192 1722 246 S.
1759 187 2128 244 PRUDENTII
2156 189 2529 249 TRECENSIS
2585 197 2893 254 EPISCOPI

533 314 888 387 praevidens,
915 312 967 368 ei
992 326 1067 366 ne
1087 316 1363 384 peccaret
1390 313 1713 381 interdixit,
1739 317 1796 370 et
1828 313 1872 367 si
1915 316 2192 384 peccaret
2223 315 2268 368 A

3828 198 3949 257 1364

2694 338 2792 376 nar
2821 337 3019 386 vam,
3053 338 3178 378 cn.
3215 326 3299 389 19,
3333 337 3484 378 δεστ.
3527 324 3577 378 1.

2374 413 2413 459 Θ
2437 408 2624 463 Dicis:
2655 412 2858 480 Ignem
2894 418 3184 468 aeternum
3216 413 3393 467 istum
3419 413 3615 482 ipsum
3671 421 3953 484 quartum

2302 497 2515 553 mundi
2537 499 2904 556 elementum.

2375 588 2415 656 οἷς
2445 587 2942 660 Respondemus:
3001 589 3196 646 Alium
3243 590 3442 663 potius
3497 590 3690 670 multo
3749 593 3953 661 videri,

2302 672 2592 743 quoniam
2613 678 2670 728 et
2697 673 3003 746 qualitatis
3032 675 3281 731 diverstc
3315 675 3452 731 sint.

2725 799 2840 837 DEF.
2869 799 3022 854 LXlx,
3043 799 3168 838 CAP.
3209 785 3291 853 19,
3317 799 3466 838 ΞΕΕΤ.
3514 783 3559 839 1.

2376 891 2415 939 Θ
2438 887 2588 943 Dicis
2621 907 2632 944 :
2659 890 2729 944 In
2751 905 2816 946 eo
2839 905 3088 959 comma
3129 896 3472 946 sanctorum
3530 892 3592 946 in
3640 893 3958 950 aether-eam

2304 978 2535 1032 mutari
2554 979 2924 1048 qualitatem,
2958 981 3272 1049 impiorum
3296 995 3435 1036 vero
3463 981 3526 1035 in
3557 996 3798 1038 aeream
3827 999 3966 1054 qua-

2308 1066 2533 1122 litatem
2557 1068 2912 1124 transitura.

2378 1158 2418 1225 -ξο
2455 1157 2956 1229 Respondemus:
3019 1160 3372 1214 Sanctorum
3421 1174 3673 1231 corpora
3735 1176 3968 1233 nequa-

2307 1260 2490 1318 quam
2523 1245 2616 1301 vel
2645 1246 2703 1301 in
2755 1247 2852 1302 illo
2884 1248 3039 1317 igne,
3073 1247 3302 1321 absque
3353 1247 3486 1321 ipso
3542 1249 3599 1304 in
3638 1250 3970 1306 zetheream

2309 1335 2526 1390 mutari
2555 1335 2925 1406 qualitatem,
2956 1337 3063 1392 sed
3100 1336 3154 1391 ir
3183 1337 3428 1393 veritate
3473 1339 3730 1409 propriae
3761 1340 3964 1394 carnis

2310 1429 2487 1495 atque
2513 1424 2923 1480 membrorum
2941 1425 3273 1498 quamlibet
3290 1425 3633 1496 gloriﬁcata:
3654 1443 3969 1490 mansura,

2310 1520 2490 1587 atque
2520 1515 2581 1570 in
2611 1520 2899 1570 aeternum
2930 1517 3184 1583 victura;
3207 1516 3533 1588 impiorum
3551 1533 3697 1572 vero
3717 1532 3976 1589 corpora

2313 1603 2543 1660 nullam
2587 1604 2837 1659 omnino
2892 1604 3371 1661 immutationem
3427 1605 3713 1661 habitura
3761 1612 3977 1677 praeter

2312 1693 2840 1760 immortalitatem,
2875 1710 2997 1766 qua
3021 1695 3148 1765 jam
3181 1694 3484 1766 corrumpi
3544 1711 3654 1766 per
3713 1699 3970 1750 mortem

2313 1787 2490 1854 atque
2521 1782 2776 1838 deiicere
2807 1799 3119 1855 nunquam
3156 1783 3408 1851 possint.

2724 1908 2842 1945 per.
2878 1907 3004 1960 Lxx,
3038 1906 3164 1948 CAP.
3209 1895 3287 1961 l9,
3320 1908 3470 1948 SEC‘I‘.
3505 1896 3558 1947 3.

2387 2002 2425 2050 Θ
2456 1997 2646 2053 Dicis:
2680 1999 2750 2053 In
2780 1998 2977 2054 eodem
3002 2000 3136 2069 igne
3160 2005 3523 2055 naturarum
3557 2001 3736 2056 intra
3767 2017 3830 2055 se
3880 2003 3976 2054 mi-

2316 2086 2507 2142 rabile
2533 2089 2740 2155 perﬁci
2765 2088 3078 2157 gaudium,
3101 2089 3400 2145 malarum
3431 2105 3570 2145 vero
3606 2091 3976 2146 voluntatem

2315 2174 2620 2243 ine/fabilc
2651 2182 3027 2232 tormentum.

2390 2265 2430 2332 -ξ-
2449 2263 2905 2336 Respondemus
2923 2265 3162 2321 Nullum
3181 2265 3295 2321 illic
3319 2265 3610 2335 gaudium
3626 2271 3980 2322 naturarum

2321 2352 2447 2418 ubi,
2472 2357 2725 2409 testante
2750 2355 3015 2412 Domino.
3036 2356 3213 2425 ﬂetus
3241 2357 3355 2412 erit
3371 2361 3424 2412 et
3449 2357 3981 2412 stridordentium.

2320 2447 2494 2514 teque
2516 2442 2716 2514 ipsum
2732 2442 3102 2500 validissime
3124 2444 3505 2516 impugnare,
3527 2445 3636 2517 qui
3659 2450 3801 2500 ante
3816 2444 3980 2500 dixe-

2320 2549 2418 2588 ras
2449 2533 2752 2589 miseriam
2784 2533 3013 2589 nullam
3044 2550 3193 2602 esse,
3224 2534 3334 2590 nisi
3363 2540 3620 2590 mortem
3666 2539 3980 2597 aeternam,

2321 2627 2609 2678 aeternam
2659 2627 2912 2678 mortem
2961 2623 3222 2679 veritatis
3276 2624 3723 2693 ignorantiam:
3776 2627 3838 2676 et
3864 2621 3978 2676 ubi

2320 2711 2626 2780 ignoretur
2650 2711 2889 2779 veritas,
2922 2710 3005 2766 ibi
3027 2711 3256 2767 nullam
3288 2711 3493 2767 vitam.
3526 2710 3724 2776 Quod,
3747 2727 3990 2783 quaeso.

2323 2799 2613 2870 gaudium
2634 2798 2746 2854 illis
2768 2799 3000 2869 irrogas
3019 2799 3243 2872 quibus
3264 2804 3539 2856 aeternam
3560 2803 3848 2863 mortem,
3871 2801 3990 2854 mi-

2323 2890 2560 2955 seriam,
2593 2888 2854 2944 veritatis
2911 2888 3334 2960 ignorantiam,
3394 2887 3738 2961 nullamque
3792 2888 3992 2944 vitam

2243 3013 2285 3066 ο
2325 2994 2523 3035 messe
2551 2977 2889 3034 docueras?

2729 3101 2848 3141 cur.
2883 3102 3041 3149 LXXI,
3073 3101 3197 3141 CAP.
3236 3084 3320 3156 19,
3349 3101 3500 3141 8εετ.
3532 3087 3586 3139 3.

2397 3199 2436 3246 Θ
2474 3193 2622 3250 Dicis
2654 3210 2666 3248 :
2695 3194 3018 3262 Impiorum
3049 3193 3402 3262 angelorum
3432 3198 3487 3248 et
3520 3192 3845 3247 hominum
3877 3205 3986 3245 car

2327 3299 2478 3354 pora
2500 3283 3018 3353 pulchritudinem
3051 3289 3105 3338 et
3134 3283 3474 3338 naturalem
3508 3282 3982 3337 incolumitatem

2332 3373 2617 3430 habitura
2643 3378 2699 3428 et
2726 3373 3060 3441 refulsura.

2401 3464 2443 3532 -ι-
2469 3460 2958 3534 Respondemus:
2993 3461 3192 3517 Dicere
3219 3459 3588 3532 Scripturam
3624 3478 3638 3515 :
3707 3461 3823 3517 Ubi
3863 3460 3989 3513 nul~

2337 3555 2427 3608 lus
2455 3551 2602 3608 ordo
2632 3557 2685 3608 et
2728 3551 3120 3620 sempiternus
3170 3549 3388 3605 horror
3412 3549 3727 3605 inhabitat
3759 3549 3891 3618 (Job
3912 3551 3987 3610 to,

2331 3641 2442 3712 22).

2729 3763 2845 3801 per.
2880 3762 3050 3814 Lxxu,
3083 3762 3207 3802 CAP.
3249 3750 3332 3813 19,
3367 3761 3521 3803 δεεστ.
3555 3748 3610 3801 3.

2407 3863 2452 3908 6
2481 3855 2633 3911 Dicis
2665 3872 2678 3910 :
2703 3855 2977 3924 Excepta
3001 3854 3368 3911 beatitudine
3393 3869 3516 3926 qua
3561 3852 3995 3923 privabantur,

2339 3945 2576 4001 nullam
2610 3944 2829 4001 habere
2851 3958 3114 4013 plenam.

2409 4037 2450 4104 -ζ-
2479 4032 2936 4106 Respondemus
2968 4050 2980 4087 :
3007 4034 3118 4088 Eos
3143 4035 3200 4088 et
3219 4030 3566 4088 animarum
3586 4033 3648 4085 et
3679 4043 3994 4102 corporum

2342 4130 2596 4182 aeternos
2616 4123 2844 4196 perpeti
2879 4121 3196 4178 cruciatus.

2736 4265 2852 4304 DEF.
2879 4263 3073 4310 LXXIII,
3091 4261 3216 4302 ore.
3250 4251 3338 4317 19,
3357 4261 3513 4302 sncr.
3547 4248 3603 4301 3.

650 4331 692 4398 'l'
723 4332 1224 4425 Respondemus}
1249 4335 1604 4425 Utrumqu‘?»
1637 4339 1993 4392 “naturam
2017 4335 2239 4391 “ilicet
2265 4358 2313 4414 D
2419 4356 2666 4413 6|)icis:
2703 4357 3043 4425 Infelicium
3094 4355 3435 4411 animarum
3494 4353 3882 4408 intentionem
3927 4347 3998 4401 de

579 4421 637 4474 et
651 4418 1026 4479 voluntatem
1054 4421 1380 4495 impiorum
1411 4426 1530 4480 Deo
1562 4423 1743 4481 invite
1778 4425 1999 4480 servire
2050 4425 2236 4495 juste-

579 4523 700 4582 que
720 4510 939 4582 puniri,
961 4527 1085 4568 non
1107 4529 1144 4570 a
1175 4514 1387 4587 seipsis
1419 4532 1532 4572 sua
1559 4530 1762 4588 poena,
1827 4513 1934 4570 sed
1986 4514 2064 4570 ab
2115 4513 2240 4581 illo,

582 4599 758 4671 cujus
785 4604 872 4658 est
896 4606 1162 4674 potestas
1187 4604 1372 4675 justa.
1404 4607 1622 4662 Verum
1652 4610 1707 4662 te
1735 4605 1826 4661 his
1853 4604 2026 4661 dictis
2055 4604 2239 4677 pluri-

582 4703 752 4744 mum
782 4688 1172 4762 impugnans,
1203 4693 1308 4766 qui
1330 4710 1516 4767 supra
1529 4694 1764 4751 nullum
1783 4694 1878 4750 vel
1903 4693 1983 4751 ad
2006 4693 2241 4751 bonum

584 4777 681 4834 vel
711 4777 790 4836 ad
807 4779 1042 4837 malum
1064 4782 1342 4856 compelli
1367 4788 1732 4842 astruxeras.

979 4905 1097 4945 nar.
1129 4903 1304 4959 vau,
1333 4907 1457 4948 CAP.
1490 4895 1578 4962 18,
1610 4895 1834 4949 secr.8.

660 5013 699 5061 6
724 5009 914 5066 Dicis:
943 5013 1029 5069 De
1048 5029 1168 5085 qua
1188 5030 1374 5085 plena
1401 5033 1545 5088 quos
1561 5021 1728 5089 juste
1753 5034 1871 5074 non
1907 5019 2130 5084 liberet,
2164 5016 2244 5074 ad

591 5112 719 5156 eam
748 5099 884 5155 illos
917 5103 1349 5173 quodammodo
1372 5115 1681 5178 praeparet
1715 5110 1855 5163 dum
1889 5122 1980 5163 eos
2010 5106 2092 5162 ad
2113 5121 2240 5162 eam

589 5203 650 5245 se
667 5187 823 5258 ipsos
844 5204 1208 5260 praeparare
1235 5197 1564 5264 permittat.

662 5279 704 5348 ἦ·
736 5278 1194 5350 Respondemus
1229 5300 1242 5338 :
1276 5283 1340 5338 ld
1366 5287 1564 5342 Patres
1597 5299 1914 5357 nunquam
1947 5282 2052 5338 tali
2083 5282 2244 5337 locu-

592 5366 752 5422 tione
779 5367 1007 5424 dictum
1037 5370 1314 5443 sensisse,
1335 5373 1483 5446 quin
1504 5374 1626 5430 imo
1657 5378 1714 5428 et
1733 5386 2072 5444 praeparare
2094 5371 2246 5442 seip-

593 5468 694 5508 sos
714 5455 792 5509 ad
823 5472 1065 5526 pmnam
1088 5458 1294 5533 inique
1314 5462 1588 5532 vivendo,
1613 5465 1671 5515 et
1697 5461 1759 5514 in
1788 5459 2097 5532 iniquitate
2120 5476 2247 5532 per-

596 5543 964 5614 severando;
1008 5550 1065 5603 et
1095 5550 1282 5605 Deum
1307 5549 1399 5607 vel
1428 5563 1792 5621 praeparare,
1820 5546 1911 5605 vel
1935 5547 2243 5622 praedesti-

594 5645 760 5701 nare,
792 5631 924 5691 illos
944 5634 1277 5704 justissima
1301 5637 1653 5710 judicando.

2349 4445 2699 4516 corporibus
2723 4447 2844 4498 suis
2869 4450 3124 4499 aeternas
3153 4444 3288 4512 pati
3311 4457 3632 4498 aerumnas.

2419 4547 2461 4616 -ι-
2489 4541 2947 4616 Respondemus
2973 4559 2984 4596 :
3011 4540 3359 4642 Nullagenus
3385 4555 3497 4595 nos
3527 4537 3730 4594 videre
3751 4551 4002 4610 quamo-

2349 4634 2520 4691 brem
2574 4632 2839 4689 infelices
2895 4627 3207 4702 homines:
3253 4629 3476 4702 quibus
3526 4632 3669 4683 ante
3715 4627 4003 4696 gaudium

2350 4722 2669 4792 contulisti;
2698 4721 2788 4778 vel
2807 4737 2962 4794 quas
3008 4735 3312 4776 aerumnas
3353 4719 3428 4774 de
3479 4717 3842 4791 corporibus
3887 4715 4004 4769 suis

2349 4813 2674 4887 patiantur,
2717 4810 2937 4884 quibus
3011 4807 3432 4879 integritatem,
3474 4805 4004 4879 pulchritudinem,

2351 4902 2822 4958 incolumitatem
2855 4898 3273 4971 fulgoremque
3305 4896 3540 4952 dedisti.

2746 5025 2866 5064 DEF.
2900 5022 3234 5071 LXXIV,(‘.AP.
3277 5011 3358 5073 19,
3383 5021 3531 5062 δεετ.
3562 5009 3614 5060 3.

2425 5144 2463 5190 Θ
2489 5136 2642 5192 Dicis
2674 5153 2686 5191 :
2720 5137 2926 5205 Ipsum
2961 5135 3161 5205 ignem
3191 5133 3464 5188 omnibus
3496 5130 3866 5200 corporibus
3889 5126 4012 5197 [teri

2354 5229 2979 5386 glirglgpondemus:
3000 5309 3234 5366 Nullam
3262 5324 3512 5382 prorsus
3529 5305 3658 5363 ﬁeri
3691 5306 4007 5378 gloriam-~-

2355 5421 2561 5462 verum
2592 5401 3031 5460 interminabile
3063 5404 3448 5456 tormentum.

2786 5543 2903 5581 nar.
2937 5541 3106 5581 Lxxv.
3138 5541 3280 5581 EPIL.
3323 5537 3478 5581 secr.
3508 5525 3562 5578 2.

2435 5642 2480 5688 6
2497 5631 3357 5705 Dicis:',Pra°destinasseDeum
3372 5629 3582 5699 impios
3593 5627 3676 5685 ad
3705 5629 4010 5685 interitum
