4160 6186
482 187 501 239 1
516 174 618 238 367

1010 301 1099 355 De
1135 292 1443 354 voluntate
1473 295 1599 353 Dei.

550 386 792 460 Quarto.
820 384 889 445 Ut
918 376 1121 444 credat
1144 386 1323 460 atque
1356 380 1918 444 confiteaturneum
1950 383 2137 441 omni-

475 486 781 561 potentem
810 495 1208 561 quoscunque
1257 478 1385 534 vult
1433 466 1683 550 salvere,
1729 471 1785 534 et
1832 476 2136 533 neminem

473 558 899 650 possesalvari
923 558 1242 639 ullatenus,
1274 567 1389 624 nisi
1416 576 1597 641 quem
1628 567 1758 641 ipse
1790 565 2133 623 salvavcrit:

474 666 689 720 omnes
715 653 918 716 autem
944 657 1162 715 salvari
1193 664 1589 730 quoscunque
1610 656 1738 729 ipse
1768 656 2001 712 salvere
2033 662 2139 710 vo-

472 739 667 809 luerit.
694 755 775 805 Ac
798 754 911 821 per
937 747 1054 803 hoc
1090 742 1439 819 quicunque
1465 752 1589 800 non
1613 745 1944 808 salvantur,
1971 743 2139 816 peni»

475 845 574 898 tus
603 854 729 898 non
777 852 907 894 esse
962 835 1334 893 voluntatem
1384 834 1541 889 illius
1584 836 1649 890 ut
1704 830 2027 901 salvantur,
2057 831 2143 888 di-

476 918 644 987 cerite
672 922 968 1002 propheta
1020 931 1033 980 ξ
1096 917 1311 980 Omnia
1340 930 1711 996 quaecunque
1736 922 1924 979 voluit
1955 923 2133 991 Deus,

475 1009 625 1093 fecit
652 1018 717 1075 in
757 1007 908 1093 ciete
937 1012 992 1072 et
1022 1010 1085 1070 z‘n
1136 1017 1320 1083 terra,
1362 1010 1424 1068 in
1464 1014 1625 1069 mari
1668 1013 1724 1070 et
1774 1012 1838 1068 in
1871 1006 2145 1069 omnibus

481 1096 714 1180 Libyssis
742 1098 932 1180 (Psal.
964 1110 1191 1171 cxx‘xtv,
1221 1102 1293 1175 6).

551 1190 626 1255 Et
646 1192 782 1254 licet
811 1195 1095 1269 quaedam
1118 1186 1236 1249 sint
1265 1192 1380 1249 alia
1408 1191 1705 1265 quibusin
1716 1190 1955 1261 Pelagio
1973 1189 2145 1247 dam-

433 1296 437 1305 '
480 1286 639 1346 natis
662 1284 1082 1343 uniVersaliter
1124 1280 1382 1339 Ecclesia
1425 1281 1812 1354 consenserit,
1861 1278 2143 1352 satagerit

487 1406 2390 1436 __.___—____—_———l————u————-———

1551 174 1606 231 s.
1642 160 2032 228 PRUDENTH
2068 158 2455 227 TREGENsis
2499 158 2831 226 EPISCOPI.

2170 299 2216 349 Α
2254 294 2435 367 atque
2462 292 2902 365 subscripserit,
2934 292 3065 347 haec
3093 294 3299 347 tamen
3330 289 3669 363 specialiter
3696 291 3916 348 sever-

2250 392 2357 439 sus
2385 388 2526 438 eum
2568 383 2820 455 ejusque
2850 380 3179 454 ροωρηοθσ
3221 386 3330 452 per
3379 379 3780 452 apostolicam
3828 393 3920 437 σοι

2245 472 2406 543 dem,
2451 470 2736 527 instantia
2763 469 3097 528 beatissimi
3148 467 3390 534 Aurelii,
3420 466 3921 540 Carthaginem“

2246 560 2533 634 episcopi,
2557 563 2739 634 atque
2766 559 3099 631 Augustini,
3133 566 3273 614 cum
3295 557 3428 613 aliis
3455 556 3739 616 ducentis
3766 572 3916 632 qua-

2246 644 2577 708 tuordeclm
2617 651 2919 725 episeopis
2948 651 3029 706 ab
3057 648 3190 721 ejus
3218 648 3600 722 pravissimis
3629 650 3922 709 nexibus

2247 746 2433 808 eruta,
2458 741 2778 809 vindicata,
2812 745 2869 797 et
2916 739 3121 796 multis
3166 744 3290 795 tam
3322 737 3595 811 epistolis
3621 752 3821 812 quam
3856 741 3926 796 lin

2246 830 2370 887 bris
2404 833 2525 887 toto
2557 829 2702 886 orbe
2734 828 2993 899 vulgata,
3050 828 3251 884 omnis
3299 827 3601 901 hodieque
3668 830 3918 899 gaudet,

2251 917 2895 991 conﬁtetur,przedicat,
2918 920 2975 973 et
2990 920 3148 973 tenet
3172 920 3353 991 atque
3376 916 3602 973 tenebit
3631 918 3916 977 Ecclesia.

2252 1010 2352 1065 His
2375 1027 2483 1084 per
2515 1007 2721 1067 omnia
2765 1012 3254 1077 consentaneam,
3309 1000 3767 1083 praedicabilem
3811 1026 3923 1086 pa-

2254 1100 3169 1172 ternitatem,fraternitatemque
3202 1100 3461 1155 vestram
3492 1098 3682 1169 gratia
3708 1117 3924 1174 super-

2253 1206 2334 1247 na
2363 1190 2644 1247 invictam
2699 1194 2881 1263 atque
2928 1188 3339 1263 praevalidam,
3391 1191 3453 1245 et
3501 1205 3605 1246 suo
3652 1205 3917 1247 mumre

2252 1279 2614 1349 gaudentem
2632 1284 2925 1353 perpetuo
2945 1291 3305 1335 conservare
3323 1278 3621 1349 dignetur.

3570 1408 3897 1426 -————.—-

1108 1530 1511 1600 EJUSDEM
1570 1529 2005 1600 EPISTOLA
2064 1528 2184 1599 AD
2240 1528 2693 1612 QUEMDAM
2740 1527 3276 1598 EPISCOPUM.

1813 1658 2083 1764 (Manili,
2116 1683 2245 1748 Vat.
2279 1684 2573 1759 Ahalae.)

1988 1832 2392 1857 Μ

554 1951 811 2010 Domino
837 1948 985 2006 mihi
1008 1949 1070 2005 in
1091 1948 1481 2005 dominorum
1500 1948 1752 2007 Domino
1775 1950 2137 2006 desiderabi-
2168 1953 2212 2007 Β
2253 1950 2625 2019 unanimem,

483 2043 616 2100 liter
642 2037 990 2097 venerando
1017 2040 1110 2095 ill.
1144 2037 1357 2095 merito
1384 2028 1739 2096 sacerdotali
1769 2043 2144 2112 paterneque

489 2128 751 2188 culmine
784 2127 1094 2199 insignito,
1129 2130 1485 2184 PHUDENTIUS
1530 2127 1897 2183 famulorum
1932 2128 2144 2184 Christi

485 2217 886 2287 humillimus,
935 2216 1365 2290 sempiternam
1413 2216 1476 2272 in
1533 2217 1808 2273 omnium
1841 2217 2146 2275 Salvatare

487 2309 764 2368 salutem.

559 2400 887 2466 Quantum,
940 2395 1025 2452 mi
1063 2396 1318 2454 fratrum
1361 2396 1737 2465 charissima,
1790 2392 1998 2453 litteras
2027 2400 2145 2453 tum

485 2485 1013 2563 perdesiderabilis
1062 2485 1210 2542 mihi
1251 2486 1664 2557 germanitatis
1711 2489 1905 2543 textus
1946 2501 2148 2542 meam

487 2578 595 2635 diu
638 2574 1170 2648 insatiabiliterque
1229 2575 1537 2632 collectam
1589 2575 1750 2632 sitim
1813 2579 2149 2648 aestumque

488 2664 746 2722 dulcedo
784 2664 1159 2735 recreaverit,
1220 2668 1638 2738 quantumque
1686 2665 2148 2735 jucundissimae

490 2751 905 2811 oblectationis
934 2744 1241 2821 invexerit,
1271 2742 1523 2808 fideliter
1546 2744 1733 2809 fateor
1763 2753 1880 2809 dici
1910 2754 2147 2826 nequit:

489 2842 717 2917 quippe
748 2845 887 2897 eum
930 2842 1019 2897 tet
1063 2841 1364 2915 tantisque
1407 2841 1927 2915 perturbationuxn
1957 2842 2150 2899 ﬂucti-

487 2932 608 2991 bus
635 2934 791 3006 pene
821 2929 1285 2987 lrrevccabiliter
1314 2931 1670 2995 obrutusme
1703 2930 1877 2989 sibilo
1903 2931 2150 3006 quidem

489 3026 557 3079 ut
579 3020 816 3089 dicitur,
848 3019 937 3077 tui
965 3019 1305 3093 quidquam
1332 3020 1570 3077 haurire
1600 3014 1915 3091 valuerim,
1951 3025 2149 3078 utrum

488 3116 549 3173 te
570 3120 752 3186 super
769 3111 849 3169 ad
868 3112 1191 3168 Dominum
1212 3112 1342 3184 jam
1366 3111 1593 3169 redisse
1621 3113 2151 3183 eonting’eret,cum

490 3202 737 3278 repente
766 3202 866 3260 vix
899 3202 1143 3260 tandem
1184 3216 1221 3260 a
1247 3202 1527 3276 palatinis
1585 3203 1871 3276 excubiis,
1930 3202 2151 3277 quibus

2703 1951 2827 2007 imo
2897 1966 2991 2006 me
3058 1950 3311 2007 alterum
3373 1948 3725 2022 quaeritans,
3797 1953 3920 2006 tan-

2252 2036 2392 2097 dem
2420 2032 2715 2113 reperlsse
2745 2046 2846 2097 me
2901 2036 3234 2111 plurimum
3277 2038 3511 2108 gaudeo
3562 2055 3574 2093 :
3624 2038 3920 2111 quoniam

2253 2130 2357 2202 qui
2376 2130 2507 2203 ipso
2547 2129 2698 2185 mihi
2740 2128 2951 2185 auditu
2995 2128 3289 2184 extinctus
3337 2126 3685 2195 videbatur,
3720 2126 3918 2183 subito

2252 2220 2461 2277 vivens
2487 2218 2767 2293 apparuit
2799 2238 2812 2288 ;
2856 2223 2913 2275 et
2937 2234 3123 2291 quem
3151 2218 3351 2275 abisse
3383 2217 3788 2274 autumabam
3815 2234 3912 2274 su-

2254 2325 2493 2382 peresse
2532 2324 2659 2365 non
2700 2308 2969 2379 ambigo.
2994 2311 3189 2379 Agens
3238 2307 3440 2383 itaque
3470 2307 3702 2364 auctori
3730 2307 3917 2365 bono-

2253 2406 2391 2454 rum
2418 2396 2693 2454 omnium
2720 2396 2963 2466 gratias,
3010 2396 3314 2453 indefessa
3339 2397 3457 2452 hoc
3505 2406 3631 2453 uno
3662 2396 3919 2472 inexple-

2253 2487 2448 2544 biliter
2466 2486 2630 2543 bono
2659 2486 2908 2554 afﬁcior,
2941 2501 3064 2558 quo
3093 2489 3146 2542 te
3175 2501 3300 2542 non
3343 2489 3465 2542 tam
3494 2485 3697 2542 vivere
3727 2502 3915 2559 quam

2255 2576 2410 2633 bene
2430 2576 2627 2632 vivere
2652 2575 2853 2644 audio,
2886 2574 3139 2632 audiens
3162 2575 3449 2646 gratulor,
3478 2576 3794 2645 gratulans
3817 2576 3914 2632 de-

2258 2665 2476 2732 sidero,
2513 2664 2864 2720 desiderans
2903 2663 3145 2736 postulo
3175 2682 3188 2732 ;
3247 2666 3305 2719 et
3333 2669 3398 2719 ut
3426 2664 3553 2737 ipse
3600 2665 3916 2720 convivere

2258 2762 2491 2810 merear
2520 2746 2634 2809 tuis
2664 2748 2820 2826 [piis]
2852 2752 3128 2826 precibus
3159 2754 3300 2826 opto
3327 2769 3397 2810 ac
3426 2753 3672 2823 meritis,
3694 2746 3919 2827 quibus

2257 2860 2356 2899 me
2377 2842 2454 2899 ab
2485 2841 2769 2899 omnibus
2792 2840 3173 2916 propositum
3200 2840 3529 2915 votumque
3561 2840 3911 2899 Christiana

2259 2933 2482 2990 militiae
2504 2924 2951 3003 infatigabiliter
2980 2930 3480 3006 oppugnantibus
3510 2928 3923 2990 innutabiliter

2257 3025 2508 3083 releVari
2540 3018 2798 3081 confido.
2830 3024 2950 3096 Age
2980 3040 3168 3095 nunc,
3204 3022 3463 3082 fratrum
3490 3020 3925 3093 dulcissime,et

2260 3116 2412 3172 duce
2438 3114 2712 3172 omnium
2739 3112 3311 3181 ordinantispmnia
3344 3114 3665 3172 serenantis
3693 3114 3925 3185 gratia,

2259 3223 2356 3263 me
2401 3221 2666 3280 meaeque
2724 3200 3066 3261 discretionl
3113 3202 3473 3263 commissos
3525 3200 3927 3261 sanctissima!

490 3286 597 3352 diti
624 3291 914 3350 insertare
942 3292 1188 3348 eoactus
1232 3291 1485 3361 fueram,
1518 3291 1851 3364 absolutus,
1899 3293 2151 3350 latorem
2183 3314 2222 3370 ρ
2260 3290 2825 3369 instantissimteque
2845 3286 3284 3351 intercessionis
3300 3310 3413 3370 ope
3432 3290 3634 3352 fulcire
3658 3306 3788 3351 non
3819 3288 3926 3351 de-

491 3395 682 3458 quam
710 3381 1205 3440 desiderabillum
1243 3382 1391 3439 mihi
1422 3383 1730 3455 apicum...
1759 3382 1971 3440 vestra:
2015 3381 2152 3439 Tre-

493 3478 618 3543 cas,
644 3470 742 3527 cui
772 3478 871 3526 me
900 3468 1107 3526 divina
1138 3470 1349 3539 gratia,
1382 3480 1507 3526 non
1537 3473 1740 3528 autem
1761 3470 1886 3529 ulla
1909 3473 2150 3529 merito-

402 3634 408 3639 ε
490 3566 629 3620 rum
644 3563 918 3615 meorum
940 3557 1252 3630 plenitudo
1276 3565 1535 3630 praeesse
1564 3559 1812 3629 dignata
1836 3565 1947 3630 est,
1970 3560 2153 3618 offen-

492 3649 575 3705 di.
608 3645 677 3705 Et
706 3645 936 3713 audito,-
966 3646 1133 3719 quad
1154 3646 1482 3704 extinctum
1511 3647 1878 3718 metuebam,
1913 3650 2154 3707 alterius

493 3737 617 3796 mei
639 3735 909 3809 nomine,
939 3736 1223 3810 explosis;
1273 3737 1496 3808 gaudio
1550 3740 1890 3813 superante,
1925 3740 2157 3814 sopori-

492 3828 634 3898 bus,
657 3827 1075 3901 desperatione
1103 3828 1305 3901 potius
1334 3845 1525 3903 quam
1568 3831 1867 3889 oblivione
1894 3836 2159 3888 contrac-

495 3917 589 3989 tis,
619 3916 908 3990 respiravi
942 3935 957 3989 ς
989 3920 1049 3974 et
1070 3933 1346 3992 supernas
1376 3918 1649 3990 bonitati,
1696 3937 1832 3994 qum
1868 3921 2020 3978 inter
2048 3921 2156 3978 ad-

494 4023 669 4065 versa
695 4010 753 4064 et
777 4022 1072 4081 prospera
1119 4024 1265 4065 suos
1295 4025 1535 4067 servare
1561 4010 1873 4067 consuevit
1903 4010 2159 4081 gratula-

498 4100 617 4165 tus,
646 4095 981 4153 litterarum
1009 4095 1335 4155 insatiabili
1379 4094 1562 4172 atque
1593 4099 1915 4157 multodies
1946 4100 2160 4157 iterata

438 4234 447 4239 .
497 4184 840 4245 mansione
890 4184 1190 4243 inbmrens
1234 4186 1354 4246 illic
1402 4204 1609 4247 meum
1657 4191 1750 4246 ill.
1799 4204 2159 4259 germanum

578 4310 856 4342 “mm,”
924 4313 1311 4342 “mnum”...
1458 4316 1557 4342 ,Η
1658 4322 1663 4327 ,
1932 4326 1935 4327 ν
2062 4320 2063 4323 η
2168 4318 2173 4342 ε

501 4312 629 4343 .-κε

2261 3387 2466 3443 sinas:
2515 3402 2669 3459 quos
2724 3380 3053 3458 plurimum
3100 3380 3298 3443 vivere
3346 3380 3398 3442 si
3447 3385 3626 3443 xenia
3654 3379 3923 3459 propria:

2263 3468 2699 3532 adiuventionis
2739 3468 2833 3531 vel
2875 3470 3095 3545 ligatae,
3128 3466 3223 3531 vel
3282 3470 3492 3532 soluta:
3534 3470 3748 3532 crebro
3789 3470 3929 3531 visi-

2264 3570 2421 3636 tans,
2444 3559 2736 3622 mittenda
2774 3558 3100 3640 imperans,
3134 3556 3620 3622 desiderantibus
3664 3563 3925 3622 miseris.

2263 3648 2419 3711 Bene
2450 3660 2505 3712 te
2537 3666 2896 3728 semperque
2932 3650 2994 3712 in
3044 3648 3298 3712 Domino
3336 3650 3661 3725 valentem,
3691 3666 3932 3729 nosque

2262 3744 2747 3818 importunarum
2787 3742 2957 3802 clavo
3016 3744 3528 3818 supplicationum
3573 3744 3656 3803 ad
3683 3750 3935 3820 portum

2264 3834 2451 3907 optati
2480 3828 2689 3891 littoris
2705 3830 3090 3892 revehentem
3112 3832 3302 3892 virtus
3335 3835 3772 3908 omnipotentis
3793 3827 3939 3893 bra-

2264 3921 2379 3979 chii
2412 3938 2770 3979 conservare
2801 3920 3100 3993 dignetur.

2339 4010 2493 4079 Quot
2520 4028 2700 4069 voces
2730 4010 2944 4085 oculis,
2968 4006 3197 4082 lingua,
3229 4006 3562 4087 audituque
3592 4028 3935 4087 manuque.

2410 4095 2688 4168 Hausisti,
2716 4100 2961 4159 totidem
2981 4098 3278 4157 laetiﬁcere
3299 4096 3495 4159 bonis.

2397 4328 2879 4346 Μ

1364 4471 2039 4598 εΑΝατι
2083 4474 3072 4595 PRUDENTH

1842 4695 2232 4762 TRECENSIS
2282 4695 2593 4762 EPISCOPI

786 4898 1099 5021 εΕιιΜθ
1165 4900 1276 5022 llll
1341 4910 1559 5023 VITA
1634 4908 1746 5020 Ill
1828 4892 2198 5035 Mitlll’l‘E'

2257 4896 2733 5021 GL0ltl0Ml
2816 4909 3244 5025 VIRGINIS
3307 4912 3647 5025 ΜΔΙΙΒΕ

1374 5136 1566 5215 (Apud
1591 5137 1845 5210 Damus"
1876 5138 2346 5213 Promptuariuni
2373 5142 2554 5214 antiq.
2579 5137 2837 5199 Tricass.
2872 5140 3063 5216 dicae.)

578 5402 841 5496 Instatis,
865 5399 1203 5469 charissim
1231 5404 1356 5482 ﬁlii,
1400 5417 1756 5486 Opportune,
1799 5410 2161 5490 importune,
2192 5418 2235 5478 ο
2277 5414 2383 5477 sed
2414 5422 2471 5477 et
2491 5418 2776 5494 scriptum
2794 5416 3135 5495 relinquam
3153 5417 3408 5495 posteris
3425 5418 3943 5496 prorutamide

506 5492 578 5561 at
600 5490 735 5557 ludo
768 5501 1064 5560 eermOnis
1093 5510 1278 5577 quem
1323 5496 1537 5560 diebus
1591 5497 1959 5563 solemnibus
1990 5502 2161 5566 Vobis

508 5591 709 5650 facere
736 5592 1041 5665 consuevi,
1072 5593 1147 5651 de
1176 5594 1296 5654 vita
1319 5588 1667 5668 gloriosa,et
1693 5601 1882 5655 morte
1900 5594 2163 5673 pretiosa

512 5680 734 5745 sororis
750 5684 973 5743 nostrae
988 5686 1354 5762 Maurtemon
1378 5686 1575 5749 solum
1590 5686 1789 5748 dicam
1800 5688 2160 5765 quidquam,

2269 5506 2384 5566 hoc
2404 5510 2565 5566 enim
2595 5509 2774 5567 frater
2796 5511 2926 5581 ejus
2958 5510 3296 5585 EutrOpius,
3314 5508 3678 5586 praepositus
3708 5519 3930 5582 vester,

2270 5600 2375 5674 qui
2405 5600 2516 5659 fuit
2548 5602 2798 5674 spiritali
2837 5602 3152 5662 affectione
3182 5602 3543 5677 germanior,
3575 5620 3776 5678 quam
3817 5622 3934 5664 car-

2246 5690 2416 5763 aett,
2431 5701 2530 5751 me
2555 5696 2633 5750 ex
2656 5695 2829 5768 parte
2854 5696 3075 5767 vestra,
3104 5697 3162 5754 et
3189 5692 3281 5753 Vir
3302 5691 3797 5766 religiosissimus
3817 5691 3935 5753 Leo
