4158 6192
269 183 404 239 1309

1377 176 1470 230 DE
1505 175 1662 229 VITA
1701 173 1784 227 ET
1822 172 2057 232 ΜΟΒΤΕ
2096 174 2157 228 Β.
2197 175 2264 229 V.
2302 175 2588 232 “UBE.

3552 183 3692 242 1370

261 304 482 374 abbas,
502 302 740 359 vicinus
765 303 989 368 noster,
1012 300 1118 372 qui
1146 315 1282 356 eam
1321 297 1699 357 catechizavit
1728 300 1786 352 et
1828 312 1918 351 re-
1945 299 1992 352 A
2033 297 2274 355 vitalem
2329 315 2402 356 ex
2448 300 2756 373 lacrymis,
2808 298 2939 372 ejus
2988 316 3267 373 saporem
3328 307 3580 374 gustans
3625 309 3690 364 in

261 393 571 464 generavit
599 408 674 447 ex
701 406 864 463 aqua
892 394 950 446 et
977 390 1193 464 Spiritu
1227 394 1457 460 sancto,
1486 405 1560 444 ex
1587 390 1754 460 parte
1786 401 1918 442 san-

263 487 499 542 ctorum
528 480 969 537 monachorum
1001 479 1336 535 sollicitavit
1370 478 1729 552 frequenter.
1762 477 1918 531 Gau-

261 574 380 630 deo
431 573 494 628 in
549 570 804 626 Domino
852 569 926 624 de
969 568 1286 625 uberrimis
1321 573 1534 624 vestris
1585 564 1919 623 devotionis

264 661 613 734 manipulis,
647 659 870 731 quibus
917 674 1041 714 non
1085 657 1302 714 sufﬁcit
1330 658 1496 731 quod
1542 655 1788 712 virtutes
1819 652 1922 708 Dei

262 753 325 808 in
353 751 452 806 illa
476 749 737 822 propriis
769 748 956 803 oculis
988 747 1317 819 aspexistis,
1348 747 1464 803 nisi
1493 746 1672 802 etiam
1699 742 1920 816 pluries

265 839 542 896 recitatas
597 837 856 910 propriis
885 836 1132 893 auribus
1162 836 1474 893 hauriatis.
1506 835 1598 889 Ad
1647 834 1919 906 ipsarum

261 929 424 986 enim
468 927 841 985 auditionem
869 927 1161 993 iteratam,
1195 926 1256 982 in
1302 926 1554 982 odorem
1583 928 1920 995 unguento-

262 1035 400 1075 rum
450 1033 700 1075 suorum
747 1015 1069 1072 ferventius
1119 1015 1373 1086 curritis,
1406 1020 1462 1071 et
1507 1013 1782 1085 exemplo
1812 1013 1921 1068 do-

259 1107 509 1164 mestico
553 1104 877 1178 provocati,
909 1120 1120 1160 rursus
1157 1103 1426 1160 laborem
1472 1103 1920 1176 amplectentes,

256 1197 453 1253 bravii
482 1196 743 1252 fructum
765 1197 822 1250 et
849 1194 1144 1251 honorem
1174 1193 1552 1267 exspectatis,
1585 1208 1768 1266 quem
1791 1192 1921 1262 jam

259 1285 527 1360 prudens
572 1284 743 1354 virgo
793 1284 1016 1356 adepta
1062 1287 1171 1348 est,
1199 1300 1360 1356 quae,
1393 1287 1638 1356 accepto
1681 1281 1814 1338 oleo
1868 1283 1924 1336 et

261 1379 469 1448 aptata
495 1373 803 1444 lampade,
827 1389 966 1428 cum
996 1389 1221 1446 sponso
1253 1373 1332 1428 ad
1361 1388 1658 1446 perennes
1683 1371 1924 1443 nuptias

260 1469 351 1522 est
395 1466 688 1535 ingressa,
733 1463 808 1520 de
861 1463 1086 1536 quibus
1131 1464 1316 1521 modo
1355 1467 1563 1520 nostro
1613 1465 1924 1519 cantemus

258 1554 497 1612 interim
544 1554 693 1610 dum
737 1553 1019 1621 viatores,
1051 1557 1118 1609 ut
1159 1553 1238 1610 ad
1286 1569 1390 1611 eos
1418 1551 1768 1610 recumbere
1818 1566 1922 1606 va-

2033 389 2217 456 coelis,
2249 391 2422 462 cujus
2466 391 2716 446 odorem
2747 391 2943 447 Olfecit
2966 391 3029 446 in
3078 392 3267 448 terris.
3301 395 3429 449 Non
3459 395 3688 468 doleas,

2032 480 2273 552 Eutropi
2316 479 2399 534 fili
2447 480 2554 550 mi,
2602 496 2712 535 nec
2756 484 2812 536 te
2854 480 2914 536 in
2963 481 3182 553 opibus
3231 482 3544 552 derelictis,
3573 489 3690 543 tuae

2029 567 2375 624 intentionis
2435 569 2633 624 fructu
2716 568 3064 626 frustratum
3132 572 3416 643 causeris,
3483 589 3694 634 revera

2029 657 2174 728 ipsis
2229 657 2660 727 mediantibus,
2717 662 2920 716 Maura
2973 676 3142 717 soror
3203 665 3305 718 tua
3366 662 3692 721 nobiliores

2034 746 2333 802 thalamos
2377 747 2576 811 subiit,
2606 752 2664 804 et
2691 748 3021 805 solemnius
3067 750 3440 807 connubium
3489 753 3694 814 sortita

2032 839 2142 902 est,
2169 835 2244 891 de
2289 852 2645 894 mammona
2672 838 3022 911 iniquitatis,
3055 855 3315 910 magnos
3361 840 3591 899 amicos
3637 846 3696 902 et

2032 939 2326 995 sponsum
2357 929 2666 997 potentem
2695 931 2752 983 et
2777 926 3025 983 divitem
3053 927 3115 983 in
3145 944 3357 984 omnes
3385 930 3490 1001 qui
3519 930 3693 988 invo-

2033 1018 2170 1071 cant
2198 1031 2337 1071 eum
2369 1020 2424 1071 et
2449 1017 2794 1088 speciosum
2819 1016 3013 1074 forma
3037 1033 3161 1090 prae
3206 1018 3343 1075 ﬁliis
3369 1020 3694 1080 hominum

2031 1104 2366 1176 acquisivit.
2383 1107 2630 1176 Magnus
2651 1107 2882 1162 amicus
2902 1109 3182 1182 princeps
3205 1108 3616 1182 apostolorum
3636 1112 3696 1166 et

2033 1192 2292 1263 claviger
2330 1194 2498 1266 regni
2543 1196 2852 1266 caelorum,
2886 1213 3146 1268 magnus
3179 1203 3423 1255 sanctus
3472 1198 3694 1256 Paulus

2034 1283 2337 1340 electionis
2392 1300 2524 1351 vas,
2577 1301 2836 1358 quorum
2884 1287 3192 1360 obsequiis
3250 1288 3313 1345 in
3361 1287 3698 1350 'l‘ricassina

2033 1371 2288 1429 ecclesia
2315 1378 2372 1430 et
2403 1390 2467 1430 se
2506 1378 2564 1430 et
2608 1392 2720 1433 sua
2756 1392 2866 1448 pro
2897 1382 3070 1448 parte
3097 1392 3222 1433 non
3251 1377 3495 1434 modica
3522 1377 3693 1435 dedi-

2035 1461 2207 1517 cavit.
2243 1462 2386 1528 Quis
2417 1463 2618 1519 oleum
2649 1463 2726 1519 ad
2750 1464 3067 1537 lampades
3097 1465 3520 1523 ministrabat?
3540 1469 3672 1524 Mau

2034 1565 2123 1606 ra.
2204 1549 2346 1616 Quis
2398 1551 2571 1622 palas
2627 1552 3021 1610 conferebat?
3069 1557 3290 1614 Maura.
3337 1556 3480 1621 Quis
3523 1557 3700 1614 vesti-

257 1645 499 1702 leamus
531 1643 1088 1716 comprehensores,
1125 1644 1348 1715 recepti
1376 1643 1481 1698 ubi
1501 1642 1644 1714 justi
1673 1639 1922 1713 epulan-
1952 1652 1999 1706 B
2036 1643 2244 1696 menta
2272 1640 2670 1697 sacerdotalia
2690 1640 2766 1696 de
2793 1643 3040 1714 proprio
3072 1644 3515 1715 comparabat?
3544 1649 3700 1703 Mau-

262 1737 360 1790 tur
389 1737 449 1790 et
474 1731 776 1788 exsultant
798 1730 860 1786 in
885 1734 1212 1803 conspectu
1238 1729 1358 1786 Dei.

335 1823 559 1880 Sedula
604 1823 666 1878 in
714 1820 925 1877 Christi
969 1824 1027 1878 et
1077 1820 1350 1878 Ecclesiae
1407 1818 1643 1875 servitio
1687 1818 1927 1876 Sedulia

258 1914 464 1982 vidua,
493 1913 687 1968 beata»
716 1914 907 1967 mater
932 1909 1170 1983 puellae,
1198 1913 1254 1966 et
1290 1909 1576 1982 praefatus
1609 1907 1926 1981 Eutropius

262 2002 442 2060 frater
468 2003 599 2073 ejus
626 2003 905 2058 asserunt
933 2000 1208 2056 nondum
1238 2015 1375 2054 eam
1406 1997 1596 2054 aetatis
1646 2014 1770 2052 suae
1821 2013 1928 2053 an-

259 2109 410 2150 num
453 2091 816 2162 vigesimum
846 2090 1086 2146 tertium
1129 2089 1451 2161 peregisse,
1483 2105 1643 2156 cum,
1679 2087 1922 2146 calcatis

264 2181 607 2239 carnalibus
636 2180 883 2253 nuptiis,
912 2179 992 2235 ad
1021 2178 1338 2251 praedictas
1385 2177 1656 2233 caelestes
1680 2178 1922 2250 nuptias

265 2277 354 2328 est
403 2271 689 2328 admissa.
742 2272 924 2326 Porro
972 2267 1268 2326 Marianus
1318 2270 1486 2339 pater
1534 2267 1686 2338 ejus,
1713 2267 1818 2339 qui
1863 2267 1924 2322 in

262 2360 514 2416 ecclesia
567 2357 996 2430 Apostolorum
1051 2357 1320 2429 sepultus
1379 2360 1486 2424 est,
1545 2355 1729 2428 paulo
1788 2360 1924 2412 ante

263 2449 466 2521 ipsam
508 2447 786 2518 migravit
807 2463 845 2503 a
866 2446 1106 2515 saeculo,
1138 2461 1320 2518 quem
1358 2445 1493 2517 ipsa
1517 2444 1660 2513 ﬁlia,
1685 2444 1762 2501 ab
1791 2445 1925 2517 ipso

265 2538 584 2595 carnaliter
625 2536 859 2593 mundo
890 2536 1112 2606 genita,
1140 2535 1330 2592 multo
1363 2535 1588 2591 semine
1632 2535 1926 2607 lacryma-

263 2644 400 2684 rum
455 2631 574 2683 Deo
623 2625 852 2682 studuit
900 2625 1233 2698 specialiter
1279 2640 1584 2693 generare.
1619 2624 1729 2689 Qui
1786 2640 1925 2680 cum

267 2720 425 2773 esset
455 2716 642 2784 dives,
677 2719 890 2787 potens
917 2719 972 2769 et
1001 2713 1244 2776 nobilis,
1266 2713 1395 2782 jam
1443 2713 1754 2782 ingressus
1801 2717 1926 2768 erat

264 2807 422 2862 latas
471 2804 668 2860 saeculi
717 2803 870 2869 vias,
904 2801 1008 2856 sed
1038 2817 1146 2872 per
1178 2800 1276 2855 Dei
1308 2801 1560 2870 gratiam
1595 2801 1672 2856 ad
1698 2805 1928 2856 arctam

265 2895 432 2951 viam
459 2909 598 2965 quas
629 2890 790 2946 ducit
821 2888 900 2945 ad
926 2889 1132 2960 vitam,
1161 2889 1313 2944 duce
1344 2889 1488 2958 filia,
1518 2905 1794 2945 reversus
1816 2894 1923 2944 est.

269 2987 498 3039 Revera
532 2978 855 3036 tractabilis
904 2982 1084 3033 homo
1129 2981 1274 3044 erat,
1301 2981 1359 3032 et
1392 2977 1657 3033 consiliis
1684 2977 1926 3049 acquie-

273 3085 470 3139 scens,
501 3073 557 3125 et
586 3069 690 3140 qui
716 3067 865 3123 nihil
895 3067 1316 3139 qualecunque
1345 3066 1500 3137 patri
1525 3082 1634 3121 suo
1673 3066 1746 3121 de
1771 3065 1925 3122 salu-

269 3161 377 3218 tari
407 3159 794 3216 conversione
824 3157 1088 3229 Eutropii
1135 3156 1240 3211 ﬁlii
1289 3156 1381 3212 sui
1411 3155 1681 3223 credidit,
1715 3157 1788 3212 de
1839 3172 1930 3213 sa-

265 3251 385 3307 lute
407 3250 650 3322 propria
682 3247 898 3318 virgini
930 3249 1144 3303 Mauras
1165 3246 1301 3300 tiliae
1333 3245 1573 3301 credere
1603 3261 1726 3301 non
1748 3261 1930 3316 nega-

267 3339 369 3396 vit.
420 3339 681 3394 Adduxit
728 3337 808 3393 ad
836 3352 934 3392 me
979 3335 1205 3391 femina
1237 3335 1451 3405 virum,
1487 3334 1814 3405 juvencula
1844 3351 1930 3390 se-

267 3443 428 3498 men,
455 3427 579 3483 ﬁlia
629 3430 885 3500 patrem,
914 3424 1153 3480 ovicula
1204 3423 1485 3481 leonem:
1519 3427 1576 3480 et
1622 3424 1702 3480 ad
1743 3425 1931 3497 pedes

266 3535 436 3575 meos
462 3516 860 3591 procumbere
891 3515 1138 3586 faciens,
1169 3515 1530 3571 admiranda
1559 3514 1794 3571 cautela
1820 3516 1930 3572 do-

267 3609 390 3664 cuit
436 3611 491 3664 et
531 3607 606 3662 de
663 3605 1002 3662 commissis
1049 3604 1396 3660 medullitus
1442 3604 1684 3671 conteri,
1719 3610 1778 3660 et
1803 3605 1930 3677 ple-

267 3697 434 3754 uarie
461 3696 749 3753 conﬁteri.
781 3695 892 3761 Qui
919 3695 1104 3750 etiam
1135 3694 1209 3750 de
1257 3693 1507 3750 consilio
1538 3710 1675 3750 meo
1707 3700 1763 3750 et
1793 3694 1930 3750 tiliae

269 3804 393 3843 suae
421 3803 607 3859 quam
648 3785 943 3858 optimam
972 3783 1162 3839 habui
1213 3769 1590 3853 adjutricem,
1628 3787 1930 3856 tempora-

266 3876 426 3932 libus
461 3875 777 3939 abdicatis,
807 3879 863 3930 et
891 3872 1207 3930 ecclesiam
1238 3870 1671 3942 Apostolorum
1698 3882 1722 3908 ι
1748 3873 1934 3928 haere-

267 3966 407 4022 dem
455 3965 780 4032 constituit,
834 3967 891 4019 et
932 3963 995 4018 in
1045 3963 1178 4034 ipsa
1223 3961 1469 4017 tandem
1515 3977 1733 4032 corpus
1789 3978 1931 4033 pro-

265 4056 466 4128 prium
497 4070 571 4112 ex
615 4054 806 4110 multa
835 4051 1034 4108 cordis
1064 4049 1382 4106 devotione
1415 4049 1651 4120 sepeliri
1681 4051 1933 4107 manda-

265 4146 367 4203 vit.
403 4144 632 4201 Gratias
667 4143 774 4200 tibi
799 4157 938 4213 ago,
972 4140 1220 4197 Domine
1254 4141 1430 4204 Deus,
1463 4139 1568 4210 qui
1611 4139 1790 4195 talem
1820 4157 1930 4196 nod-

267 4230 362 4287 bis
401 4231 464 4288 in
511 4236 613 4288 tuo
655 4231 984 4288 ministerio
1028 4228 1500 4300 cooperatricem
1528 4227 1633 4284 tibi
1664 4229 1930 4301 compla-

269 4323 391 4378 cuit
449 4323 854 4391 concessisse;
902 4337 1038 4393 quee
1095 4320 1247 4376 sicut
1295 4319 1451 4389 ignis
1497 4319 1601 4390 qui
1633 4319 1932 4376 comburit

273 4411 510 4478 silvam,
532 4416 592 4469 et
621 4413 776 4468 sicut
803 4392 1053 4467 ﬂamma
1083 4409 1450 4466 comburens
1480 4413 1739 4478 montes,
1761 4409 1930 4481 prius
1957 4392 2001 4446 D

270 4501 548 4575 proxima
577 4516 856 4575 quaeque,
887 4503 954 4556 ut
994 4502 1159 4572 patet
1193 4501 1257 4555 in
1285 4503 1453 4571 patre
1479 4503 1535 4554 et
1573 4498 1802 4556 familia
1826 4514 1930 4571 pa-

273 4590 398 4659 tris,
451 4593 507 4646 et
551 4594 781 4646 remota
836 4592 1051 4660 postea
1094 4587 1516 4654 inﬂammavit,
1562 4586 1701 4656 igne
1749 4602 1932 4658 quem

273 4678 488 4737 venisti
509 4679 738 4736 mittere
764 4679 826 4734 in
857 4682 1097 4745 terram,
1133 4681 1190 4732 et
1223 4680 1286 4732 ut
1311 4676 1519 4732 ardeat
1542 4675 1802 4731 voluisti.

342 4768 495 4825 Nihil
550 4781 757 4825 secum
812 4768 994 4824 frater
1041 4764 1374 4837 Eutropius,
1435 4764 1497 4819 in
1545 4764 1936 4821 conversione

277 4873 387 4914 sua
435 4858 511 4914 de
561 4858 742 4914 rebus
789 4856 1057 4930 paternis
1113 4854 1325 4926 attulit,
1380 4869 1453 4910 ea
1502 4854 1690 4909 unicae
1746 4855 1938 4910 sorori

276 4963 422 5019 suae,
454 4963 526 5004 ea
563 4946 889 5004 intentione
937 4945 1252 5003 habendas
1300 4945 1666 5018 relinquens,
1699 4947 1764 5000 ut
1792 4944 1937 5016 ipsis

275 5037 682 5095 mediantibus
722 5037 1048 5094 nobiliores
1094 5035 1319 5092 subiret
1365 5037 1686 5106 thalamos,
1728 5038 1787 5092 et
1843 5049 1938 5092 so-

276 5125 536 5182 lemnius
566 5129 775 5198 posset
798 5124 1252 5181 matrimonium
1280 5125 1603 5181 celebrare.
1634 5124 1776 5180 Mira
1801 5139 1896 5179 res
1921 5123 1933 5177 ι

277 5215 622 5288 Eutropius,
655 5219 721 5271 ut
761 5214 932 5271 salva
979 5228 1128 5286 pace
1173 5229 1284 5270 sua
1327 5214 1564 5286 loquar,
1593 5213 1936 5269 valedicens

272 5303 518 5372 saeculo,
568 5303 643 5360 de
699 5303 1089 5360 saecularibus
1135 5301 1471 5373 cegitabat;
1518 5301 1719 5358 Maura
1772 5316 1935 5364 vero,

269 5408 594 5452 remanens
644 5393 706 5450 in
756 5393 998 5463 saculo,
1046 5407 1252 5449 secum
1302 5391 1376 5448 de
1424 5390 1576 5446 coelo
1624 5389 1938 5459 tractabat,

269 5484 434 5541 unde
483 5485 745 5541 fructum
788 5499 951 5540 nunc
996 5484 1258 5554 reportat
1300 5481 1362 5536 in
1410 5479 1779 5552 respectione
1808 5479 1937 5536 ani-

271 5586 516 5631 marum
545 5578 910 5640 sanctarum,
945 5586 1068 5626 non
1099 5569 1414 5626 mortalem
1439 5585 1512 5624 ex
1555 5569 1795 5641 nuptiis,
1830 5570 1935 5625 sed

2033 1746 2123 1787 ra.
2170 1728 2489 1786 Pretiosius
2545 1730 2742 1788 habeo
2797 1747 2978 1805 super
3026 1747 3245 1789 aurum
3282 1737 3340 1791 et
3370 1734 3696 1808 topazium,

2036 1818 2322 1875 collatum
2343 1819 2490 1875 mihi
2519 1819 2747 1876 lineum
2771 1820 3215 1888 indumentum,
3248 1821 3414 1894 quod
3438 1824 3698 1896 propriis

2035 1908 2320 1964 manibus
2373 1908 2555 1980 nevit,
2605 1910 2966 1982 composuit,
3016 1910 3340 1978 dealbavit,
3398 1914 3456 1970 et
3502 1915 3567 1969 ut
3625 1928 3697 1969 eo

2034 1998 2314 2053 induerer
2341 1998 2492 2054 inter
2522 2014 2694 2056 sacra
2714 1999 3041 2056 missarum
3065 1999 3361 2058 solemnia
3388 2000 3695 2059 humiliter

2034 2087 2378 2159 postulavit.
2412 2090 2455 2144 Ο
2499 2088 2669 2158 virgo
2714 2088 2977 2146 liberalis
3027 2093 3085 2145 et
3125 2089 3410 2160 benigna,
3452 2089 3582 2147 haec
3611 2091 3697 2148 fe-

2035 2175 2184 2243 cisti,
2217 2180 2273 2232 et
2319 2176 2511 2233 tacuit
2555 2178 2752 2249 Tacui,
2795 2179 3076 2251 nunquid
3132 2194 3370 2251 semper
3425 2179 3638 2237 tacebo
3669 2180 3697 2236 ‘l

2034 2267 2272 2336 tempus
2321 2265 2560 2322 tacendi
2615 2269 2673 2323 et
2727 2271 2964 2338 tempus
3012 2267 3326 2340 loquendi,
3373 2283 3514 2324 cum
3566 2267 3698 2338 jam

2037 2369 2176 2409 cum
2211 2355 2444 2426 Sponso
2475 2355 2746 2424 gloriaris
2779 2356 2839 2410 in
2871 2356 3041 2413 coelo.
3077 2358 3309 2426 Fateor,
3340 2357 3512 2428 virgo
3561 2371 3702 2428 pru-

2036 2443 2409 2512 dentissima,
2437 2445 2567 2514 jam
2598 2445 2902 2502 continere
2922 2461 3046 2502 non
3076 2461 3332 2518 possum
3358 2463 3428 2503 os
3456 2461 3687 2505 meum.

2036 2539 2102 2590 In
2151 2550 2271 2590 una
2313 2549 2377 2590 re
2419 2534 2542 2590 duo
2589 2535 3029 2607 pretiosissima
3068 2551 3325 2592 munera
3367 2535 3694 2599 contulisti.

2036 2641 2160 2696 qua
2183 2625 2446 2680 donante
2472 2640 2596 2680 non
2625 2629 2831 2698 posset
2853 2626 3191 2698 quidquam
3229 2626 3376 2683 mihi
3402 2641 3554 2696 esse,
3582 2625 3700 2682 nisi

2036 2714 2364 2785 pretiosum
2388 2717 2443 2768 et
2461 2714 2820 2783 maximum,
2834 2729 2956 2786 qua
2981 2713 3270 2771 tribuente
3291 2729 3472 2770 omne
3488 2713 3699 2770 datum

2037 2806 2126 2858 est
2156 2806 2413 2873 gratum,
2445 2819 2625 2859 omne
2655 2807 2964 2875 receptum
2995 2807 3329 2875 acceptum,
3362 2817 3542 2859 omne
3600 2817 3698 2858 ra-

2036 2907 2170 2946 rum
2220 2895 2310 2946 est
2351 2892 2622 2947 charum.
2653 2891 2804 2955 Quid
2850 2891 3000 2946 mihi
3022 2892 3048 2945 ‘?
3079 2892 3212 2946 Plus
3256 2891 3529 2948 animum
3559 2905 3701 2962 pen-

1957 3008 1998 3063 ρ
2040 2980 2254 3036 sabam
2293 2996 2481 3051 quam
2526 2995 2800 3045 manum,
2835 2979 2972 3050 plus
3015 2979 3300 3036 affectum
3355 2995 3544 3051 quam
3576 2979 3698 3036 fac-

2040 3073 2187 3135 tum,
2244 3068 2380 3140 plus
2427 3067 2786 3124 hilaritatem
2837 3083 3026 3139 quam
3096 3067 3412 3128 tristitiam.
3465 3067 3696 3124 Gratias

2040 3173 2176 3227 ago,
2207 3159 2377 3228 virgo
2406 3157 2686 3226 gratiosa,
2721 3157 3024 3227 gratuitati
3057 3161 3167 3215 tuae
3215 3174 3352 3230 quae
3398 3161 3521 3215 tam
3551 3173 3702 3230 prae~

2041 3247 2270 3303 clarum
2302 3246 2576 3303 habitum
2605 3246 2856 3316 indigno
2883 3246 3198 3302 contulisti.
3235 3246 3351 3303 Sed
3379 3247 3701 3319 nundquid

2043 3337 2289 3392 solum?
2319 3340 2447 3392 Non
2491 3336 2731 3407 utique:
2768 3335 2999 3391 donum
3038 3335 3373 3407 geminasti,
3420 3340 3478 3392 et
3507 3335 3701 3392 abun-

2041 3427 2197 3482 dans
2224 3425 2467 3481 abunde
2488 3424 2749 3481 donasti.
2785 3427 3075 3482 Ornatum
3101 3425 3408 3498 duplicem
3439 3423 3699 3497 praebui-

2042 3516 2133 3584 sti,
2154 3531 2342 3571 unum
2371 3514 2764 3586 corporalem,
2788 3519 2846 3571 et
2866 3515 3120 3570 alterum
3137 3515 3487 3586 spiritalem,
3506 3529 3700 3569 unum

2041 3605 2392 3662 exteriorem
2414 3607 2470 3659 et
2491 3603 2748 3659 alterum
2773 3603 3137 3674 interiorem,
3159 3619 3350 3658 unum
3370 3605 3696 3676 patentem,

2042 3695 2295 3750 alterum
2341 3694 2644 3761 latentem,
2687 3708 2871 3765 quem
2903 3693 2982 3748 ad
3012 3692 3402 3765 aperiendam
3430 3693 3702 3748 divinam

2042 3787 2099 3840 et
2125 3787 2292 3839 tuam
2314 3782 2716 3847 clementiam,
2737 3785 2792 3837 et
2807 3781 3007 3837 miseri
3029 3782 3229 3837 cordis
3249 3781 3366 3837 mei
3393 3780 3700 3845 duritiam,

2040 3887 2162 3928 non
2191 3873 2321 3941 jam
2342 3871 2529 3926 latare
2553 3869 2711 3936 volo,
2737 3870 2845 3924 sed
2875 3873 3099 3940 patere.
3124 3870 3287 3924 Ficus
3319 3885 3485 3924 eram
3509 3868 3698 3937 arida,

2043 3961 2222 4016 etiam
2265 3957 2477 4014 merito
2521 3973 2645 4012 non
2690 3956 2807 4011 nisi
2846 3956 3194 4011 incendium
3237 3954 3695 4027 exspectabam;

2042 4061 2318 4104 arueram
2363 4049 2657 4117 tanquam
2705 4044 2911 4100 fenum
2965 4043 3178 4100 merito
3226 4043 3586 4100 mittendum
3639 4044 3701 4099 in

2043 4136 2387 4202 clibanum;
2421 4134 2625 4191 anima
2668 4149 2806 4188 mea
2850 4133 3004 4188 sicut
3049 4137 3202 4189 terra
3251 4133 3380 4189 sine
3428 4148 3614 4206 aqua,
3645 4136 3704 4189 et

2041 4225 2176 4282 ideo
2223 4224 2434 4281 sterilis
2487 4229 2543 4280 et
2571 4222 2965 4279 infructuosa.
2999 4222 3153 4288 Quid
3184 4226 3465 4295 exspecto
3486 4224 3514 4279 ‘?
3543 4221 3700 4287 Quid

2042 4315 2344 4372 miseriam
2368 4330 2574 4370 meam
2600 4312 2975 4369 manifestius
3013 4326 3136 4368 non
3161 4312 3458 4368 ostendo?
3496 4312 3697 4368 Domi-

2042 4406 2160 4462 nici
2190 4404 2456 4478 corporis
2499 4407 2947 4460 sacramentum
2990 4417 3128 4458 cum
3175 4415 3312 4458 raro
3358 4401 3698 4458 devotionis

2041 4495 2260 4566 butyro
2292 4493 2644 4559 tractabam,
2669 4491 2917 4563 quando
2946 4495 3174 4546 vestem
3200 4490 3448 4546 contulit
3474 4503 3704 4546 memo-

2042 4589 2258 4650 ratam,
2308 4583 2434 4636 sine
2485 4580 2734 4636 lactucis
2780 4579 3116 4649 agrestibus
3159 4594 3385 4649 agnum
3419 4577 3700 4646 edebam,

2044 4672 2168 4727 sine
2199 4684 2356 4742 pane
2384 4668 2796 4738 lacrymarum
2825 4667 2910 4723 ad
2943 4682 3166 4740 panem
3197 4665 3563 4724 accedebam
3594 4679 3702 4721 an-

2044 4759 2334 4830 gelorum.
2367 4757 2521 4823 Quid
2549 4757 2725 4829 plura
2747 4758 2773 4812 ‘2
2800 4757 2938 4829 Ipsa
2967 4756 3132 4813 fortis
3161 4755 3376 4812 mulier
3405 4753 3699 4827 quaasivit,

2043 4865 2168 4906 non
2201 4848 2335 4904 dico
2359 4848 2587 4914 lanam,
2610 4847 2718 4902 sed
2744 4846 2957 4918 linum,
2979 4850 3034 4903 et
3063 4849 3310 4918 operata
3339 4849 3425 4902 est
3451 4843 3702 4902 consilio

2045 4955 2338 4996 manuum
2355 4953 2602 4993 suarum
2609 4935 3071 5008 ,complevitque
3087 4935 3305 4991 diebus
3319 4935 3526 5008 paucis
3546 4946 3704 5008 opus

2048 5046 2224 5084 suum
2245 5027 2410 5101 quod
2433 5027 2669 5096 fecerat,
2697 5027 2758 5080 in
2779 5041 2902 5098 quo
2933 5025 3204 5082 facientis
3233 5024 3529 5082 industria
3548 5024 3705 5081 relu-

2048 5119 2238 5185 cehat,
2268 5121 2324 5172 et
2367 5115 2612 5172 tandem
2655 5115 2977 5170 Prudentio
3020 5115 3183 5171 dedit
3211 5116 3492 5188 episcopo
3517 5127 3702 5186 quem

2046 5207 2311 5266 amabat.
2338 5209 2466 5262 Non
2490 5203 2864 5261 abscondam
2887 5203 3171 5276 amplius,
3191 5206 3459 5272 Domine,
3479 5201 3705 5258 miseri—

2045 5298 2320 5355 cordiam
2352 5299 2521 5352 tuam
2553 5309 2591 5351 a
2619 5293 2873 5351 consilio
2892 5294 3108 5367 multo,
3129 5294 3392 5352 narrabo
3411 5288 3704 5347 altissima

2045 5404 2181 5461 quae
2212 5386 2401 5443 fecisti
2425 5385 2730 5456 magnalia
2755 5401 2862 5458 per
2891 5383 3185 5443 famulam
3215 5387 3381 5438 tuam
3401 5381 3697 5436 Mauram!

2046 5493 2192 5535 nam
2222 5480 2532 5549 receptum
2563 5473 3008 5546 indumentum,
3032 5473 3229 5529 statim
3251 5469 3406 5528 illius
3438 5468 3701 5540 antiquae

2051 5568 2234 5636 virgae
2262 5567 2543 5623 virtutem
2569 5566 2799 5633 habuit,
2819 5571 2874 5621 et
2904 5577 3130 5635 aquam
3162 5561 3473 5632 cOpiosam
3503 5558 3578 5612 de
3604 5570 3702 5612 me

350 5672 375 5698 ³
405 5665 662 5722 Ecclesia
689 5663 1121 5737 Apostolorum
1151 5663 1240 5718 est
1259 5659 1508 5717 ecclesia
1537 5657 1901 5732 episcopalis
1928 5657 2250 5721 Trecensis,
2280 5669 2416 5730 quae
2448 5656 2675 5715 sanctis
2704 5655 2874 5711 Petro
2902 5657 2960 5709 et
2989 5649 3176 5708 Paulo
3201 5650 3399 5708 dicata
3426 5651 3534 5703 est.
