4160 6186
454 155 582 212 1571
1472 152 1531 207 S.
1570 148 1941 208 PRUDENTII
1977 143 2356 207 TRECENSIS
2394 140 2714 207 EPISCOPI
3739 136 3872 196 1372

449 277 691 336 duriore
715 289 905 349 quam
937 274 1108 346 petra
1154 271 1454 346 produxit,
1485 277 1848 346 quantaeque
1891 275 2102 345 postea
2132 274 2182 327 Α
2202 273 2420 344 jugum
2449 271 2683 329 Domini
2731 268 2810 327 ab
2853 265 3276 335 adolescentia,
3307 267 3365 322 et
3413 275 3596 321 mane
3638 278 3872 322 manna

451 366 732 426 eﬁicaciaa
781 362 973 430 fuerit,
1005 361 1240 434 quoties
1287 377 1358 418 eo
1404 362 1604 434 plures
1646 366 1924 418 nostrum
1953 360 2104 416 inter
2207 361 2809 432 recolligens,revera
2829 373 3071 414 summo
3090 371 3271 412 mane
3298 355 3361 410 in
3386 352 3770 410 Dominicam
3792 355 3872 410 vi-

452 470 625 512 sacra
648 451 974 508 missarum
1018 449 1312 508 solemnia
1341 455 1480 507 sunt
1527 449 1743 520 induti,
1785 450 1952 524 quod
1981 453 2104 506 tam
2209 466 2390 507 neam
2427 451 2612 507 missa
2644 453 2731 506 est
2763 446 3082 521 operatrix.
3134 446 3176 502 0
3234 443 3394 501 bone
3439 445 3603 510 Jesu,
3663 458 3873 500 verum

449 546 661 602 notum
691 544 854 599 estet
881 544 1216 613 expertum,
1245 557 1722 598 commemorare
1751 544 1808 597 et
1835 539 2106 613 displicet
2211 555 2458 613 prorsus
2485 549 2593 608 est,
2626 537 2793 612 quod
2833 533 3294 593 adolescentulae
3332 532 3676 589 dilexerunt
3703 536 3758 589 te
3785 534 3878 589 ni-

449 647 560 707 pro
587 629 918 687 titillatione
947 629 1142 686 inanis
1175 630 1376 700 gloriae
1418 647 1586 687 more
1628 629 1956 700 fragilitatis
1992 629 2105 684 hu—
2214 629 2350 702 mis,
2373 633 2430 686 et
2447 629 2509 684 in
2527 625 2973 685 adolescentula
2988 627 3193 681 Maura
3206 623 3486 680 videmus
3508 622 3878 695 completum

449 735 669 789 mante,
702 722 759 774 et
807 718 1002 792 placet
1026 734 1137 791 pro
1168 718 1287 775 Deo
1315 723 1372 774 et
1415 718 1515 775 Dei
1561 717 1760 774 laude.
1809 716 2104 789 Displicet,
2215 718 2382 792 quod
2407 718 2600 775 fuerat
2619 717 2762 773 satis
2783 719 2919 773 ante
2940 711 3424 787 przedictum.Ab
3441 712 3687 768 ineunte
3707 716 3879 769 aetate

451 809 594 882 quia
610 808 790 864 timeo
805 808 881 864 de
899 807 1226 864 amissione
1242 807 1390 864 tanti
1407 807 1886 878 thesauri,quem
1905 805 2110 861 vident
2215 807 2482 882 quotidie
2525 823 2563 863 a
2609 804 2917 862 matutinis
2972 802 3256 860 laudibus
3302 816 3496 874 usque
3539 801 3621 858 ad
3663 801 3879 857 horam

449 897 656 971 palam
684 900 768 954 tot
797 901 853 954 et
881 895 1027 953 tanti
1046 896 1247 953 hostes
1278 895 1607 952 invisibiles
1643 894 1953 968 reportari.
1983 893 2110 950 Pla-

452 990 563 1056 cet,
585 987 730 1061 quia
750 1003 858 1060 per
881 987 997 1043 hoc
1025 986 1289 1057 intelligo
1312 987 1414 1042 Dei
1442 985 1749 1056 magnalia
1772 983 2108 1058 praedicari.

453 1075 612 1132 Felix
634 1091 717 1145 es,
736 1075 992 1142 Sedulia,
1016 1091 1152 1148 quae
1180 1075 1362 1132 talem
1383 1091 1506 1131 non
1525 1078 1648 1131 tam
1670 1073 1902 1130 mundo
1923 1088 2110 1146 quam

458 1169 578 1222 Deo
604 1164 880 1221 sobolem
903 1162 1181 1235 genuisti,
1201 1168 1256 1220 et
1279 1181 1415 1237 qua:
1436 1165 1499 1220 in
1520 1167 1677 1220 terra
1698 1167 1840 1220 nata
1865 1167 1950 1218 est
1972 1178 2108 1218 cum

454 1254 737 1324 angustia
767 1257 889 1319 tua,
920 1270 1084 1310 nunc
1114 1253 1175 1309 in
1207 1253 1370 1310 ccelis
1418 1253 1685 1310 nascitur
1734 1269 1872 1308 cum
1911 1251 2114 1307 laetitia

455 1348 563 1400 tua
590 1347 646 1399 et
675 1347 902 1411 nostra;
927 1345 1050 1398 imo
1077 1343 1271 1414 magis
1303 1359 1415 1399 sua
1435 1359 1620 1415 quam
1644 1346 1749 1398 tua
1777 1341 1870 1396 vel
1885 1344 2114 1410 nostra,

456 1431 684 1505 quippe
712 1435 922 1487 nostra
952 1431 1282 1503 semiplena
1309 1435 1416 1502 est,
1449 1447 1592 1487 nam
1647 1430 1864 1486 ﬂemus
1895 1428 2116 1501 pariter

458 1524 516 1576 et
544 1519 900 1590 gaudemus.
936 1520 1281 1575 Gaudemus
1315 1519 1561 1591 quidem
1611 1519 1779 1586 quod
1807 1517 1987 1575 talem
2012 1516 2120 1572 ha-

2219 902 2450 955 sextam
2475 913 2713 954 moram
2741 893 3000 951 faciebat
3039 892 3102 948 in
3130 891 3388 948 ecclesia
3430 890 3857 964 Apostolorum

2219 987 2345 1059 ubi,
2373 987 2524 1043 sicut
2555 985 2763 1052 nostis,
2796 983 2987 1040 tribus
3011 981 3209 1038 modis
3257 980 3464 1050 imago
3511 980 3750 1036 Domini
3776 981 3879 1035 de-

2219 1073 2483 1147 pingitur
2511 1072 2832 1129 Salvatoris
2857 1089 2870 1127 :
2898 1087 3045 1127 nam
3073 1073 3540 1143 repraesentetur
3588 1073 3881 1142 tanquam

2219 1179 2371 1236 puer
2391 1163 2605 1219 sedens
2636 1162 2699 1217 in
2721 1161 2948 1232 gremio
2970 1160 3201 1231 matris,
3219 1163 3277 1215 et
3295 1163 3587 1232 tanquam
3610 1174 3794 1229 magn
3804 1174 3876 1214 us

2224 1253 2512 1309 Dominus
2539 1252 2755 1309 sedens
2802 1252 2865 1308 in
2915 1250 3064 1308 solio
3096 1250 3448 1322 majestatis,
3480 1253 3537 1306 et
3583 1253 3876 1321 tanquam

2218 1342 2456 1414 juvenis
2501 1341 2772 1415 pendens
2821 1340 2883 1396 in
2932 1339 3203 1413 patibulo
3254 1339 3468 1394 crucis.
3510 1339 3694 1394 Porro
3720 1337 3885 1392 hanc

2223 1432 2404 1489 beata
2431 1434 2651 1488 Maura
2685 1429 3182 1487 consuetudinem
3227 1444 3264 1484 a
3312 1431 3518 1484 tenera
3546 1425 3889 1483 observavit

2230 1524 2424 1592 aetate,
2451 1525 2516 1577 ut
2561 1519 2827 1592 quotidie
2875 1522 3064 1575 totum
3093 1517 3450 1591 praedictum
3477 1531 3604 1572 non
3629 1517 3887 1572 cessaret

457 1609 724 1679 buimus,
757 1612 814 1665 et
839 1608 1027 1681 ipsius
1085 1608 1319 1664 aeternis
1351 1608 1587 1678 gaudiis
1619 1607 2075 1678 congaudemus
2101 1606 2115 1658 ἰ
2153 1624 2192 1678 Β
2232 1610 2586 1683 expendere,
2615 1609 2812 1682 primo
2847 1625 2909 1666 se
2943 1612 3067 1664 toto
3097 1622 3348 1680 corpore
3376 1609 3767 1679 prosternens
3796 1619 3892 1660 co-

461 1697 677 1753 ﬂemus
719 1712 861 1753 vero
902 1697 1071 1769 quod
1120 1697 1300 1752 talem
1331 1696 1668 1767 amisimus,
1701 1711 1888 1769 quam
1937 1694 2122 1751 totius

460 1786 816 1854 honestatis,
867 1785 1201 1842 devotionis
1249 1789 1306 1842 et
1360 1785 1661 1858 pudicitiae
1712 1785 2022 1858 exemplar
2065 1774 2125 1840 et

466 1876 780 1948 speculum
805 1876 1218 1944 habebamus;
1247 1891 1359 1933 sua
1385 1892 1529 1932 vero
1556 1876 1683 1948 jam
1714 1875 1915 1932 laetitia
1939 1875 2122 1948 plena

461 1970 550 2022 est
601 1969 659 2021 et
705 1965 987 2038 perfecta,
1039 1965 1204 2038 quia,
1233 1969 1490 2022 torrente
1520 1964 1773 2022 caelestis
1799 1964 2120 2037 voluptatis

460 2058 686 2128 potata,
731 2055 954 2126 gaudet
995 2056 1070 2112 de
1119 2055 1191 2111 iis
1241 2071 1378 2127 quae
1410 2056 1600 2111 evasit
1635 2054 1913 2128 periculis
1939 2058 2120 2126 atque

461 2144 692 2216 poenis;
726 2144 948 2214 gaudet
971 2145 1046 2200 de
1076 2144 1147 2199 iis
1177 2160 1310 2216 quae
1357 2143 1584 2200 invenit
1628 2143 1916 2218 praemiis,
1945 2159 2118 2198 man-

465 2231 739 2288 sionibus
762 2237 819 2289 et
838 2232 1188 2289 concivibus
1219 2233 1363 2290 suis.
1391 2236 1524 2290 Jam
1554 2247 1717 2303 ergo,
1744 2232 1911 2288 bona
1941 2231 2122 2289 Sedu-

463 2319 562 2389 lia,
604 2319 780 2376 ﬂetus
829 2321 1126 2392 absterge,
1158 2321 1317 2378 sicca
1339 2321 1641 2394 lacrymas
1670 2337 1810 2394 quae
1863 2320 1938 2378 de
1975 2319 2120 2377 caelo

462 2425 677 2467 vocem
703 2410 943 2484 lapsam
976 2411 1216 2483 publice
1261 2411 1584 2468 nobiscum
1616 2411 1680 2467 in
1717 2412 1846 2484 ejus
1873 2411 2121 2467 transitu

466 2498 748 2556 audivisti
777 2516 790 2554 :
823 2499 993 2567 Veni,
1022 2500 1235 2572 inquit,
1264 2499 1480 2557 dilecta
1525 2516 1682 2572 mea,
1711 2504 1768 2556 et
1794 2516 2020 2572 ponam
2059 2499 2122 2555 in

466 2589 522 2642 te
571 2587 856 2642 thronum
897 2603 1125 2656 meum,
1158 2589 1302 2660 quia
1330 2589 1672 2661 concupivit
1707 2604 1814 2644 rex
1858 2588 2123 2660 speciem

466 2679 657 2743 tuam,
677 2674 826 2730 dum
843 2676 1024 2731 etiam
1035 2677 1340 2733 invocaret
1353 2678 1853 2734 Dominum.Deus
1869 2677 2122 2732 deorum

466 2762 701 2819 locutus
725 2767 818 2820 est
844 2767 901 2820 et
928 2765 1166 2821 vocavit
1193 2766 1486 2834 Mauram,
1517 2781 1744 2822 vocans
1768 2781 1905 2822 eam
1930 2765 2122 2821 mani-

468 2851 622 2908 festa
643 2867 787 2908 voce
819 2866 1090 2926 sonoque
1110 2854 1380 2925 audibili,
1402 2853 1508 2926 qui
1528 2853 1696 2926 prius
1717 2871 1854 2910 eam
1878 2869 2124 2934 vocave-

468 2944 563 2998 rat
586 2940 974 3014 inspiratione
999 2941 1267 2997 mentali.
1295 2941 1538 2999 Stabam
1569 2958 1682 3013 ego
1713 2959 1786 2999 ex
1806 2959 1929 2999 una
1954 2945 2122 3015 parte
2154 2974 2194 3029 ρ

475 3029 730 3101 grabati,
763 3034 820 3087 et
850 3033 964 3086 Leo
993 3029 1186 3087 abbas
1213 3047 1287 3087 ex
1309 3031 1513 3098 altera,
1541 3031 1648 3104 qui
1671 3035 1831 3100 tunc,
1863 3031 2121 3088 submis-

469 3134 540 3176 sa
576 3135 747 3188 voce,
777 3136 945 3176 more
991 3137 1125 3191 suo,
1151 3120 1420 3194 psalmos
1467 3121 1779 3178 Davidicos
1822 3121 1900 3178 ad
1944 3124 2126 3194 caput

467 3207 661 3264 beatae
711 3208 956 3280 virginis
1003 3210 1369 3267 ruminabat.
1401 3209 1649 3267 Stabant
1695 3211 1875 3267 etiam
1951 3209 2124 3266 nobi-

471 3312 642 3352 scum
674 3298 1008 3365 Mauricius,
1038 3299 1356 3371 Eutropius
1389 3299 1606 3366 Levita,
1636 3299 2125 3369 consanguineus

470 3384 738 3455 virginis,
765 3391 821 3441 et
865 3385 1056 3441 multa
1086 3387 1263 3442 turba
1309 3386 1575 3442 ﬁdelium
1612 3387 1994 3443 circumfusa.
2025 3390 2128 3443 Ta-

473 3476 761 3528 cebamus
818 3487 1050 3542 omnes,
1111 3477 1166 3527 te
1223 3478 1603 3545 exspectante
1673 3475 1932 3546 Sedulia,
1991 3490 2126 3547 quas

472 3559 842 3633 quandoque
886 3559 1186 3628 singultus
1230 3565 1288 3615 et
1334 3561 1590 3630 gemitus
1623 3563 1956 3633 emittebas,
1987 3579 2128 3619 cum

471 3652 716 3719 repente
744 3647 1057 3720 praefatum
1085 3663 1382 3717 organum
1430 3650 1698 3707 insonuit
1727 3651 2130 3709 inaestimabili

476 3740 534 3795 et
555 3735 844 3793 ineffabili
872 3738 1180 3809 suavitate,
1210 3738 1483 3794 omnium
1515 3755 1691 3796 aures
1723 3745 1781 3797 et
1825 3742 2010 3799 corda
2035 3761 2130 3800 su-

474 3841 588 3899 pra
615 3841 860 3882 omnem
908 3825 1163 3882 modum
1214 3828 1555 3884 humanum
1601 3829 1968 3888 demulcens.
2014 3836 2130 3890 Nec

475 3913 662 3970 defuit
703 3914 1015 3970 curiositas
1039 3915 1405 3989 importuna,
1435 3916 1486 3972 si
1515 3917 1652 3990 quis
1679 3918 1924 3976 forsitan
1975 3925 2132 3978 esset

478 4002 638 4058 intus
666 4002 763 4058 vel
808 4007 994 4073 extra,
1025 4004 1131 4076 qui
1179 4009 1302 4060 tam
1353 4005 1702 4062 dulciﬂuam
1747 4007 2131 4067 harmoniam

476 4090 781 4148 effundere
803 4091 1117 4164 potuisset,
1142 4109 1350 4149 verum
1375 4095 1659 4151 veraciter
1686 4096 2131 4169 deprehensum

476 4184 565 4236 est
597 4183 655 4234 et
683 4179 870 4234 odore
900 4182 959 4235 et
985 4196 1226 4248 canore,
1249 4183 1418 4254 quod
1446 4187 1588 4239 tunc
1617 4185 1797 4241 etiam
1824 4184 2134 4242 descendit

475 4267 540 4323 in
552 4266 931 4338 jubilatione,
948 4269 1055 4341 qui
1074 4270 1343 4326 ascendit
1366 4271 1652 4327 Dominus
1676 4272 1738 4327 in
1754 4272 2129 4343 jubilatione,

475 4331 588 4412 nec
638 4331 996 4425 dedignatus
1041 4360 1129 4414 est
1176 4363 1469 4431 tanquam
1527 4331 1786 4432 sponsus
1843 4331 2132 4418 Dominus
2161 4331 2206 4384 Β

476 4443 812 4517 procedens
830 4445 905 4501 de
927 4445 1193 4503 thalamo
1219 4463 1350 4517 suo,
1373 4451 1511 4520 post
1530 4448 1660 4505 visa
1682 4449 1866 4520 longa
1887 4466 2136 4523 sponsa-

477 4533 579 4607 lia,
612 4549 851 4607 sponsaa
879 4535 1142 4592 venienti
1170 4553 1503 4604 occurrere,
1537 4543 1594 4594 et
1621 4538 1682 4594 in
1720 4539 1849 4610 ejus
1879 4555 2134 4596 occursu

479 4621 712 4680 cantica
754 4622 968 4680 laetitiae
1017 4624 1336 4694 dignanter
1381 4625 1723 4698 decantare,
1754 4628 1860 4700 qui
1905 4644 1978 4685 ea
2004 4629 2137 4700 jam

480 4709 841 4783 disponebat
868 4712 1200 4781 traducere,
1225 4717 1284 4770 et
1313 4713 1430 4770 sibi
1451 4715 1757 4772 connubio
1788 4716 1985 4772 stabili
2000 4717 2140 4788 jun-

481 4812 618 4868 gere
641 4800 1074 4875 propriamque
1091 4801 1312 4858 dicare.
1334 4802 1481 4867 Noli,
1496 4803 1624 4874 jam
1647 4820 1855 4860 socrus
1876 4805 1977 4860 Dei
1997 4821 2138 4876 ergo

482 4884 692 4942 effecta
712 4888 971 4956 Sedulia,
997 4890 1259 4964 amplius
1289 4890 1625 4962 lamentari,
1648 4909 1784 4966 quae
1811 4892 2012 4966 ipsum
2038 4910 2141 4949 au-

482 4971 684 5028 divisti
712 4975 1052 5048 Dominum,
1085 4979 1148 5035 in
1174 4980 1547 5038 traductione
1577 4981 1713 5037 ﬁliae
1747 4983 2053 5051 gratulari.

556 5060 670 5116 Sed
697 5076 804 5116 cur
844 5063 974 5132 jam
1023 5083 1364 5125 sermonem
1409 5069 1562 5126 facio
1617 5070 1692 5126 de
1743 5086 2006 5140 egressu,
2039 5071 2144 5142 qui

484 5164 684 5225 pauca
711 5148 808 5206 vel
835 5150 1002 5207 nulla
1044 5154 1246 5212 adhuc
1283 5157 1359 5213 de
1399 5158 1674 5227 ingressu
1720 5158 1955 5215 locutus
1985 5175 2140 5223 sum,

488 5244 594 5298 aut
611 5254 955 5314 progressu.
973 5243 1166 5307 Quare
1181 5245 1311 5314 jam
1331 5247 1515 5302 ﬁnem
1547 5252 1720 5304 teneo
1743 5247 2022 5304 nondum
2052 5264 2148 5305 ca-

487 5329 610 5400 pite
635 5329 1014 5401 apprehenso
1034 5329 1062 5385 ‘I
1092 5331 1318 5388 Revera
1345 5335 1676 5404 pretiosum
1703 5335 1888 5390 ﬁnem
1914 5335 2147 5394 occulta

493 5415 587 5486 [f.,
617 5416 876 5488 oculata]
923 5418 1042 5476 ﬁde
1090 5421 1392 5492 prospexi,
1439 5422 1546 5476 sed
1589 5428 1643 5479 te
1687 5426 1854 5490 teste,
1887 5424 2144 5500 Sedulia,

495 5507 672 5574 teque
693 5508 1032 5566 constanter
1051 5512 1373 5575 asserente,
1392 5511 1653 5584 Eutropi,
1677 5510 1942 5583 gloriosa
1959 5515 2148 5572 aetatis

498 5607 624 5649 suae
674 5589 1004 5666 primordia
1057 5596 1334 5657 intellexi.
1393 5601 1631 5659 Portare
1685 5601 1910 5677 quippe
1967 5605 2147 5679 coepit

2230 1715 2362 1756 ram
2389 1698 2635 1768 infante,
2667 1697 2933 1754 secundo
2962 1712 3167 1753 coram
3192 1695 3435 1768 juvene,
3464 1695 3636 1751 tertio
3681 1709 3892 1750 coram

2228 1805 2390 1860 rege,
2413 1805 2524 1844 nec
2549 1804 2824 1860 unquam
2844 1787 2967 1844 ulla
2993 1785 3343 1842 necessitate
3371 1785 3567 1858 potuit
3595 1784 3892 1851 abstrahi,

2231 1877 2380 1950 quin
2409 1875 2660 1946 singulis
2689 1875 2905 1931 diebus
2931 1874 3254 1931 Dominum
3305 1873 3419 1929 sub
3448 1871 3647 1942 efﬁgie
3677 1871 3892 1944 triplici

2230 1969 2496 2022 cerneret
2519 1964 2820 2022 indefessa
2847 1962 3024 2020 oculo
3071 1960 3391 2036 corporali.
3423 1961 3657 2018 Revera
3686 1960 3894 2017 tritum

2229 2059 2285 2111 et
2308 2067 2520 2110 verum
2545 2058 2651 2118 est,
2680 2053 2784 2109 ubi
2817 2068 3008 2120 amor,
3040 2051 3125 2108 ibi
3176 2049 3408 2118 oculus,
3441 2049 3802 2123 sinceroque
3828 2053 3890 2106 et

2229 2143 2460 2213 integro
2504 2140 2954 2200 adolescentula
2997 2139 3321 2197 Dominum
3358 2138 3614 2210 diligens
3643 2137 3885 2205 affectu,

2231 2247 2368 2306 quae
2392 2232 2593 2290 satiari
2621 2247 2742 2289 non
2772 2235 3007 2305 poterat
3034 2245 3106 2286 ex
3134 2233 3400 2302 aspectu.

2299 2323 2330 2376 J
2335 2337 2436 2379 am
2465 2321 2695 2394 aperire
2715 2320 2878 2386 libet,
2898 2319 3110 2376 fratres
3127 2317 3484 2388 cbarissimi,
3505 2317 3678 2392 quod
3697 2333 3893 2391 usque

2230 2412 2413 2469 modo
2435 2412 2729 2479 clausum,
2743 2409 2910 2484 quod
2927 2410 3219 2466 hactenus
3234 2408 3548 2465 occultavi.
3566 2408 3718 2474 Quia
3740 2412 3798 2465 et
3816 2406 3893 2464 de

2232 2506 2445 2558 caetero
2475 2500 2842 2557 damnosum
2896 2503 3092 2555 tacere
3122 2501 3178 2554 et
3208 2496 3583 2555 fructuosum
3635 2496 3896 2554 arbitror

2229 2605 2518 2660 reserare,
2544 2593 2907 2661 tempusque
2936 2591 3026 2644 est
3053 2591 3120 2644 ut
3167 2603 3470 2661 exponam
3513 2591 3894 2660 spontaneus

2231 2678 2400 2752 quod
2432 2679 2511 2734 ab
2537 2693 2638 2734 ore
2671 2693 2780 2733 suo
2811 2681 3181 2734 extorseram
3209 2676 3592 2748 importunis.
3625 2678 3897 2732 Instabat

2231 2767 2360 2824 dies
2391 2765 2717 2822 vocationis
2739 2781 2882 2834 suae,
2915 2770 2974 2822 et
2998 2765 3172 2821 velox
3196 2765 3494 2837 depositio
3517 2764 3890 2821 tabernaculi

2233 2857 2345 2913 sui.
2379 2856 2544 2913 Unde
2600 2855 2848 2928 cupiens
2875 2855 2954 2911 ab
2984 2855 3116 2927 ipsa
3146 2855 3389 2911 tandem
3433 2854 3888 2910 instructionem

2232 2946 2500 3018 aliquam
2547 2944 2808 3017 reperire
2859 2945 3237 3014 Testamenti,
3281 2943 3536 3015 quaesivi
3582 2943 3660 2999 ab
3708 2958 3800 3010 ea,
3829 2946 3895 2998 et

2231 3039 2628 3107 quaestionem
2667 3033 2892 3105 pluries
2923 3033 3151 3101 iteravi,
3185 3048 3292 3087 cur
3315 3048 3520 3088 coram
3543 3031 3899 3104 supradicta

2233 3123 2375 3179 dicti
2423 3121 2742 3178 Salvatoris
2791 3119 3007 3190 efﬁgie,
3053 3121 3474 3193 prosternebat
3516 3135 3576 3174 se
3619 3135 3896 3187 morose,

2233 3211 2521 3284 quotidie,
2555 3210 2910 3266 successive.
2944 3210 3212 3290 Denique
3259 3209 3656 3282 multipliciter
3707 3209 3900 3264 obse-

2235 3305 2418 3367 crata,
2441 3315 2566 3356 non
2596 3299 2722 3354 sine
2752 3298 2942 3355 multa
2967 3298 3314 3355 difﬁcultate
3335 3297 3683 3371 respondit:
3710 3296 3896 3364 Felix,

2234 3389 2446 3462 inquit,
2465 3387 2888 3461 Apostolorum
2919 3387 3190 3449 ecclesia,
3209 3387 3269 3442 in
3291 3403 3418 3460 qua
3436 3387 3779 3460 frequenter
3793 3403 3898 3442 au-

2235 3478 2378 3546 divi,
2409 3483 2466 3534 et
2489 3493 2744 3550 puerum
2765 3476 2828 3531 in
2858 3477 3064 3532 matris
3085 3477 3314 3547 gremio
3333 3475 3697 3546 vagientem,
3722 3480 3782 3532 et
3803 3476 3899 3547 ju-

2235 3581 2453 3622 venem
2482 3566 2545 3620 in
2577 3580 2751 3620 cruce
2781 3569 3140 3634 gementem,
3161 3568 3219 3621 et
3235 3580 3441 3634 regem
3462 3564 3524 3619 in
3551 3563 3703 3619 solio
3731 3563 3898 3619 terri-

2235 3653 2432 3710 biliter
2461 3653 2856 3720 intonantem,
2889 3653 2994 3708 sed
3023 3653 3170 3708 mihi
3199 3652 3436 3722 virgam
3466 3667 3718 3708 auream
3745 3652 3899 3708 ami-

2238 3741 2505 3798 cabiliter
2529 3742 2876 3798 donantem.
2911 3745 3181 3814 Cumque
3211 3741 3409 3798 statim
3439 3740 3492 3796 ei
3512 3757 3742 3797 novam
3771 3757 3900 3797 mo-

2236 3847 2372 3888 vere
2389 3830 2714 3902 inciperem
2731 3830 2806 3886 de
2825 3830 3149 3887 Salvatoris
3169 3829 3355 3886 nostri
3371 3829 3598 3900 gemitu
3611 3835 3672 3886 et
3690 3830 3898 3901 vagitu

2237 3919 2655 3994 quaestionem,
2687 3935 2942 3976 manum
2992 3935 3192 3976 meam
3242 3935 3431 3975 manu
3468 3936 3580 3976 sua
3607 3919 3903 3976 constrin-

2240 4026 2406 4081 gens,
2439 4015 2498 4066 et
2524 4025 2633 4083 per
2658 4010 2774 4066 hoc
2800 4010 3072 4081 linguam
3092 4025 3295 4066 meam
3325 4025 3742 4083 compescens,
3773 4010 3900 4066 haec

2239 4115 2438 4172 pauca
2468 4099 2602 4170 subj
2611 4099 2780 4155 unxit
2802 4117 2815 4154 :
2842 4102 2970 4156 Non
2990 4103 3240 4167 naturae,
3267 4099 3375 4155 sed
3392 4099 3698 4155 miraculis
3719 4100 3902 4156 ascri-

2240 4187 2511 4243 bendum
2541 4192 2647 4257 est,
2676 4187 2725 4242 si
2752 4187 2831 4243 ad
2856 4187 3177 4244 recolenda
3217 4187 3359 4244 ﬁdei
3399 4192 3614 4244 nostrae
3645 4187 3902 4244 miriﬁca

2243 4279 2642 4342 sacramenta,
2665 4279 2723 4331 et
2741 4291 2814 4331 ea
2843 4276 2906 4331 in
2928 4275 3236 4332 mentibus
3257 4275 3529 4332 ﬁdelium
3553 4275 3902 4333 roboranda

2240 4364 2473 4434 lignum
2519 4362 2779 4430 aridum,
2811 4364 3105 4434 gemitum
3155 4364 3341 4420 edidit
3386 4368 3492 4421 aut
3534 4365 3832 4436 vagitum.
3859 4366 3901 4421 Ο

2242 4466 2431 4524 quam
2457 4449 2595 4506 felix
2623 4449 2747 4507 ﬁlia
2774 4455 2980 4507 nostra
3027 4451 3355 4521 laboriosa,
3380 4467 3505 4508 non
3539 4451 3902 4508 fecunditate

2242 4540 2528 4608 ﬁliorum,
2542 4540 2647 4596 sed
2667 4543 3015 4596 sanctorum
3037 4541 3320 4614 operum!
3341 4543 3384 4598 Ο
3417 4545 3610 4597 mater
3638 4545 3769 4598 tam
3790 4541 3904 4598 sol-

2241 4628 2404 4684 licita
2431 4633 2489 4683 et
2513 4629 2671 4684 circa
2691 4628 2954 4701 plurima
2974 4628 3350 4702 perturbata!
3375 4631 3505 4686 Non
3523 4629 3726 4686 solum
3746 4629 3903 4686 enim

2245 4717 2619 4786 clericorum,
2635 4718 2740 4774 sed
2754 4718 3196 4774 monachorum
3215 4717 3681 4775 necessitatibus
3697 4719 3908 4774 subve-

2243 4805 2372 4862 nire
2401 4806 2670 4875 curabat,
2690 4806 2855 4879 quod
2878 4809 2992 4863 Leo
3023 4806 3214 4862 abbas
3244 4811 3301 4863 et
3331 4812 3539 4864 sancta
3557 4807 3750 4880 ipsius
3771 4821 3908 4863 con-

2248 4896 2513 4966 gregatio
2534 4900 2995 4967 recognoscunt,
3019 4895 3241 4969 quibus
3261 4895 3336 4952 de
3365 4897 3610 4969 proprio
3641 4895 3908 4952 cucullas

2249 4987 2308 5040 et
2326 4983 2605 5056 mapulas
2627 4985 2997 5057 acquirebat,
3023 4986 3277 5055 gratiam
3310 4989 3367 5040 et
3389 4985 3679 5054 suffragia
3708 4986 3912 5042 beato.

2249 5088 2384 5128 rum
2407 5072 2818 5144 apostolorum
2844 5073 2991 5130 Petri
3012 5077 3068 5130 et
3086 5072 3256 5128 Pauli
3279 5072 3532 5130 sollicita
3551 5073 3913 5145 quaeritabat

2253 5162 2316 5216 in
2353 5160 2603 5217 ecclesia
2645 5161 3019 5227 clericorum,
3067 5166 3125 5218 et
3172 5167 3521 5218 sanctorum
3576 5168 3916 5236 martyrum

2253 5251 2519 5308 Gervasii
2538 5256 2597 5308 et
2613 5252 2870 5309 Protasii
2907 5251 3244 5325 patrocinia
3274 5251 3604 5309 studiosius
3625 5253 3916 5326 implora-

2252 5340 2357 5397 bat
2385 5341 2448 5397 in
2476 5341 2842 5398 monasterio
2889 5340 3353 5412 monachorum,
3381 5342 3547 5414 quod
3581 5342 3722 5398 licet
3754 5339 3919 5415 apud

2256 5430 2675 5486 Mantiniacum
2687 5431 3188 5502 circiterquatuor
3202 5430 3465 5487 millibus
3482 5431 3561 5488 ab
3572 5431 3690 5487 hac
3700 5431 3917 5487 Tricas-

2256 5518 2388 5574 sina
2407 5519 2640 5577 civitate
2671 5520 2873 5578 distat.
2890 5520 3160 5594 qualibet
3189 5524 3392 5578 tamen
3416 5526 3636 5594 quarta
3662 5525 3723 5577 et
3754 5525 3919 5577 sexta

2256 5605 2405 5666 feria
2419 5622 2604 5667 causa
2617 5609 3118 5682 peregrinationis
3134 5609 3314 5668 nudis
3333 5609 3591 5684 pedibus
3606 5612 3666 5667 et
3685 5608 3915 5682 absque
