4158 6192
292 184 422 238 13⁸73

1380 191 1468 245 DE
1509 190 1669 246 VITA
1708 191 1792 246 ET
1829 188 2062 246 ΜΟΒΤΕ
2101 190 2159 244 Β.
2201 190 2264 245 ν.
2307 191 2594 248 MAUM.

3543 195 3679 252 1376

287 304 475 375 lineis,
500 305 564 362 in
592 309 756 366 arcto
781 310 958 382 panis
979 314 1036 368 et
1054 326 1228 385 aqum
1242 313 1474 385 jejunio
1489 314 1841 372 visitabatur
1858 312 1938 370 ab
1973 316 2022 371 Α
2048 311 2391 382 ﬂuentibus,
2423 331 2812 389 nequaquam
2868 315 3035 390 potui
3093 331 3275 388 quem
3327 315 3696 388 incoeperam

285 391 436 464 ipsa.
459 394 704 455 Quantas
735 401 936 453 autem
961 398 1185 455 virtutis
1211 405 1269 457 et
1288 401 1567 458 efﬁcaciae
1590 403 1662 459 sit
1692 402 1942 474 mapula-

285 497 475 555 quam
494 483 677 540 Leoni
695 487 896 542 Maura
917 486 1137 558 tribuit,
1161 489 1334 545 claris
1358 490 1593 548 indiciis
1615 494 1944 564 protestan-

288 576 382 628 tur
411 577 467 628 et
494 573 754 631 Mclanus
783 575 1030 633 clericus
1075 582 1129 634 et
1161 580 1580 637 sanctissimus
1604 580 1942 637 monachus

286 667 342 718 et
363 661 644 718 Paulinus
666 664 936 734 clericus,
952 665 1142 738 ipsius
1163 671 1325 725 tactu
1346 686 1382 725 a
1402 669 1669 725 febribus
1687 668 1938 724 liberati.

287 751 354 805 Et
371 751 652 821 quamvis
667 753 781 809 hoc
800 755 1047 826 quidam
1070 757 1365 813 mansueti
1389 758 1598 814 Leonis
1619 756 1842 813 meritis
1862 761 1944 812 at-

287 837 544 894 tribuant
564 843 620 894 et
641 841 961 910 ascribant,
978 845 1176 916 potius
1201 849 1401 902 tamen
1422 845 1675 902 arbitror
1696 843 1945 900 sentien-

286 925 432 980 dum
461 928 628 999 quod
660 934 716 985 et
745 929 872 1002 ipse
903 933 1018 988 Leo
1045 933 1220 990 sentit
1249 935 1588 1004 nobiscum,
1612 940 1678 991 ut
1705 933 1851 989 illud
1880 933 1944 989 in

285 1013 539 1082 gloriam
562 1021 781 1073 sanctae
797 1018 1044 1088 virginis
1067 1027 1462 1091 convertatur,
1487 1023 1652 1096 quod
1677 1025 1942 1095 Sponsus

286 1119 431 1158 suus
460 1104 808 1161 mirabiliter
838 1115 1136 1181 operatur,
1169 1128 1244 1167 ne
1266 1113 1615 1169 murenulas
1636 1128 1851 1168 aureas
1871 1112 1946 1167 si-

284 1191 345 1246 bi
371 1200 700 1264 praesumat
731 1196 884 1253 alius
921 1215 1235 1273 usurpare,
1257 1219 1411 1274 quas
1439 1203 1500 1258 in
1533 1202 1771 1272 signum
1797 1201 1943 1257 dile-

284 1281 494 1338 ctionis
542 1288 597 1339 et
644 1292 1070 1345 ornamentum
1115 1291 1368 1360 decoris,
1415 1292 1666 1348 dilectus
1717 1292 1944 1348 dilectae

283 1369 472 1427 voluit
507 1378 888 1444 prmsentare.
936 1379 1234 1448 Nondum,
1261 1380 1443 1437 frater
1472 1381 1727 1447 Maurici,
1763 1397 1799 1437 a
1827 1395 1946 1435 me-

284 1460 478 1516 moria
506 1478 643 1518 mea
673 1463 945 1537 elapsum
970 1473 1056 1523 est
1077 1469 1243 1541 quod
1266 1473 1319 1526 te
1342 1470 1719 1526 ministrante
1750 1469 1944 1526 occul-

285 1552 404 1606 tata
427 1550 522 1621 [f.,
544 1552 803 1626 oculata]
825 1554 944 1611 ﬁde
965 1558 1241 1627 cognovi.
1271 1559 1514 1630 Expleta
1539 1575 1802 1630 namque
1823 1574 1946 1614 ma-

2053 404 2351 476 complerc
2373 408 2956 461 sermonem.Verum
2973 405 3128 461 illico
3148 403 3692 477 propterinﬁdeles,

2049 493 2356 564 magnalia
2375 495 2473 550 Dei
2496 496 2712 552 certius
2734 496 3040 569 probaturi
3046 495 3150 568 ,ad
3169 493 3588 568 Apostolorum
3608 512 3698 552 ec-

2050 581 2295 638 clesiam
2342 584 2801 655 properavimus
2847 584 3128 648 universi,
3159 582 3220 638 in
3255 582 3426 653 cujus
3457 582 3696 639 introitu

2050 668 2333 727 facientes
2373 672 2677 729 modicam
2706 673 3042 740 stationem,
3075 672 3175 728 vix
3218 671 3464 728 tandem
3491 670 3699 728 audire

2050 759 2354 831 potuimus
2375 759 2572 816 adhuc
2592 761 2839 830 legentis
2866 761 3126 818 Mauricii
3147 776 3353 817 vocem
3382 763 3623 815 tenuem
3643 763 3701 817 et

2050 845 2286 902 exilem.
2312 850 2460 903 Tum
2488 847 2657 905 ﬁnito
2687 849 3009 920 Evangelio
3036 847 3353 905 Dominicae
3379 845 3696 920 passionis,

2052 935 2448 992 communiter
2469 937 2782 994 offerentes
2801 938 3051 994 Domino
3073 936 3324 1008 gloriam
3336 938 3392 991 et
3406 935 3699 990 honorem

2051 1022 2365 1080 offerentes
2396 1024 2648 1080 Domino
2679 1025 2932 1096 gloriam
2961 1023 3191 1081 nomini
3214 1023 3363 1094 ejus,
3386 1022 3448 1078 in
3476 1021 3700 1095 templo

2053 1113 2180 1182 ejus
2209 1128 2419 1169 omnes
2466 1114 2727 1170 diximus
2768 1115 3041 1186 gloriam,
3071 1113 3269 1186 quiin
3313 1111 3534 1168 sanctis
3579 1111 3700 1166 suis

2054 1201 2346 1271 gloriosus
2375 1207 2481 1259 est.
2516 1207 2692 1260 t‘orro
2717 1204 2885 1275 virgo
2931 1203 3032 1258 Dei
3075 1201 3153 1258 ad
3182 1200 3366 1274 pedes
3394 1216 3563 1256 meos
3590 1203 3702 1255 tre-

2053 1292 2362 1349 mebunda
2388 1293 2662 1364 jacebat;
2714 1293 2842 1350 aliis
2882 1291 3303 1363 gaudentibus,
3335 1291 3470 1362 ipsa
3496 1288 3699 1356 ﬂebat,

2051 1387 2258 1454 pectus
2289 1382 2596 1451 tundebat,
2621 1387 2677 1439 et
2699 1400 2835 1456 quae
2865 1382 3117 1438 verbum
3149 1379 3354 1437 salutis
3384 1379 3700 1448 turbasset,

2053 1486 2114 1525 se
2135 1471 2526 1542 peccatricem
2557 1472 2959 1528 miserrimam
2980 1469 3346 1527 clamitabat.

2123 1558 2303 1614 Paulo
2331 1564 2467 1631 post
2492 1559 2681 1615 illuxit
2708 1560 2836 1615 dies
2868 1558 3198 1614 vocationis
3225 1557 3544 1630 praedictae,
3578 1555 3704 1610 dies

285 1639 477 1696 tutina
505 1642 776 1713 synopsi,
804 1643 1052 1702 innuisti
1074 1647 1219 1702 mihi
1241 1654 1305 1704 ut
1328 1653 1590 1705 Mauram
1613 1649 1943 1721 aspicerem
1979 1661 2017 1715 Β
2053 1649 2149 1705 cui
2195 1665 2488 1720 magnum
2530 1653 2782 1722 praeerat
2830 1649 3144 1713 luminare,
3175 1647 3478 1704 Matthaeus
3507 1643 3708 1700 videli-

287 1727 506 1784 arctius
538 1731 995 1803 amplectentem
1017 1739 1072 1792 et
1099 1735 1334 1792 dulcius
1358 1737 1733 1793 osculantem
1759 1735 1944 1792 altare

287 1815 390 1871 ubi
416 1833 630 1890 corpus
659 1820 852 1877 beatae
882 1823 1128 1894 virginis
1160 1825 1442 1881 Mastidiae
1469 1825 1807 1898 requiescit,
1839 1824 1946 1880 sed

284 1907 342 1959 et
365 1904 514 1962 hora
544 1911 709 1964 sexta
754 1925 790 1966 a
819 1910 1102 1968 fratribus
1131 1913 1469 1978 decantata,
1505 1914 1583 1970 ad
1611 1913 1797 1986 pedes
1825 1912 1946 1983 eju-

286 1991 454 2048 sdem
483 1993 684 2051 altaris
711 1996 1121 2071 lacrymarum
1166 2017 1416 2058 suarum
1462 2002 1720 2057 rivulum
1750 2005 1945 2057 osten-

285 2080 443 2147 disti,
493 2099 616 2155 quo
668 2087 946 2159 proprio’s
1004 2088 1210 2144 oculos
1264 2088 1526 2158 linivisti,
1575 2107 1708 2162 quae
1756 2090 1943 2146 linitio

286 2175 581 2241 quantum
612 2173 715 2228 tibi
744 2176 985 2247 profuit,
1020 2181 1077 2233 et
1106 2178 1296 2248 gratia
1323 2178 1730 2252 lacrymarum
1759 2195 1945 2251 quam

285 2256 495 2330 habes,
527 2264 584 2317 et
629 2263 787 2319 oculi
832 2265 1072 2322 macula
1119 2283 1307 2340 quam
1356 2268 1538 2324 modo
1587 2284 1711 2324 non
1756 2269 1945 2324 habes

289 2347 461 2404 certis
487 2351 752 2421 probant
777 2356 834 2408 et
862 2353 1378 2427 irrefragabilibus
1402 2356 1792 2427 argumentis.
1819 2360 1947 2428 Ipse

287 2450 560 2509 namque
591 2439 959 2498 mirabilium
985 2444 1138 2514 Agni
1167 2449 1222 2502 et
1260 2461 1498 2518 sponsae
1542 2463 1664 2502 suae
1696 2462 1947 2518 operum

288 2526 496 2597 quoad
517 2527 755 2596 vixeris,
785 2531 1207 2603 clarissimum,
1236 2535 1439 2591 vivum
1469 2539 1527 2592 et
1553 2552 1766 2592 verum
1787 2536 1948 2593 testi-

289 2615 563 2673 monium
594 2618 838 2676 eﬂ‘ectus
859 2638 922 2678 es
946 2641 959 2691 ;
993 2639 1138 2680 nam
1161 2623 1374 2680 laudes
1396 2624 1606 2683 Christi
1627 2629 1683 2681 et
1710 2628 1945 2693 Maurae,

289 2703 400 2758 etsi
429 2703 637 2777 lingua
667 2712 878 2777 taceat,
899 2712 1107 2767 oculus
1130 2717 1333 2769 tamen
1359 2729 1723 2787 quocunque
1753 2730 1948 2788 perre-

288 2792 444 2848 xeris
471 2797 798 2867 praedicare
828 2815 950 2855 non
981 2806 1192 2857 cessat.

359 2882 588 2939 Scimus
618 2901 852 2956 omnes,
875 2889 1114 2946 Maurici
1154 2891 1352 2948 Levita
1381 2891 1751 2964 charissime,
1781 2893 1949 2965 quod

2052 1743 2144 1794 cet
2173 1738 2481 1811 apostolus
2521 1742 2576 1795 et
2623 1737 3006 1809 evangelista,
3038 1741 3178 1793 tunc
3221 1736 3394 1807 cujus
3418 1733 3708 1804 agebatur

2054 1829 2398 1885 solemnitas
2424 1828 2719 1899 gloriosa;
2771 1828 2877 1884 sed
2923 1827 3219 1883 luminare
3262 1825 3465 1880 minus
3495 1822 3709 1893 adjun-

2053 1921 2213 1973 ctum
2258 1922 2349 1974 est
2396 1918 2467 1986 ei,
2496 1920 2698 1974 Maura
2743 1915 3016 1972 videlicet
3057 1929 3282 1988 sponsa
3335 1912 3456 1982 Dei,
3489 1909 3710 1982 placita

2051 2021 2298 2077 prorsus
2329 2010 2385 2062 et
2413 2010 2581 2077 grata
2626 2003 2918 2079 apostolo,
2959 2020 3095 2076 quae
3122 2002 3318 2076 placet
3359 2015 3564 2057 coram
3589 2000 3708 2053 Deo

2050 2093 2113 2150 in
2140 2095 2368 2151 lumine
2414 2095 2766 2163 viventium,
2798 2098 2863 2149 ut
2908 2093 3033 2164 jam
3090 2091 3206 2148 sint
3245 2090 3382 2146 duae
3435 2087 3600 2144 olivae
3653 2085 3712 2142 et

2051 2183 2174 2240 duo
2209 2183 2572 2240 candelabra
2609 2182 2864 2239 lucentia
2911 2185 3047 2237 ante
3079 2179 3420 2248 Dominum,
3451 2192 3562 2249 par
3590 2179 3713 2231 tur

2052 2279 2257 2331 turum
2285 2278 2390 2331 aut
2413 2273 2535 2330 duo
2565 2273 2716 2348 pulli
2744 2271 3188 2329 columbarum.
3214 2267 3408 2324 Habes
3437 2265 3597 2322 enim
3625 2267 3710 2332 tu,

2053 2365 2225 2421 beate
2259 2364 2528 2421 Matthaee
2557 2361 2847 2436 apostole,
2878 2363 3237 2434 potestatem
3286 2371 3556 2413 sororem
3608 2353 3716 2409 cir-

2055 2453 2457 2510 cumducendi
2483 2451 2796 2508 mulierem
2827 2450 2977 2506 sicut
2998 2449 3178 2505 frater
3195 2444 3430 2502 Domini
3451 2442 3712 2500 Jacobus

2057 2545 2113 2600 et
2134 2542 2386 2614 Cephas,
2409 2545 2466 2598 et
2493 2541 2694 2597 minus
2718 2555 2927 2596 revera
2947 2554 3155 2595 censes
3182 2552 3310 2592 esse
3333 2533 3712 2599 telonarium,

2057 2647 2246 2704 quam
2275 2647 2514 2702 sponsa:
2544 2629 2755 2687 Christi
2782 2627 3299 2701 paranymphum.
3327 2627 3442 2680 Nec
3457 2623 3587 2694 jam
3616 2619 3716 2676 de-

2049 2719 2324 2792 dignaris
2379 2720 2760 2776 invocantem
2815 2715 3108 2785 virginem
3165 2715 3229 2770 in
3284 2717 3456 2770 tuum
3503 2707 3718 2766 ascisci

2060 2809 2452 2879 consortium,
2484 2807 2586 2880 qui
2635 2812 2689 2864 te
2727 2806 2910 2862 fuisse
2957 2803 3170 2860 recolis
3220 2801 3634 2874 publicanum,
3662 2799 3720 2852 et

2063 2913 2270 2953 revera
2315 2899 2528 2952 Maurae
2579 2893 2776 2964 diligis
2821 2891 3216 2957 sanctitatem,
3246 2889 3351 2961 qui
3392 2900 3718 2960 perennem

289 2985 508 3068 parum
531 2989 816 3068 sonoram
835 2993 1043 3068 vocem
1060 2978 1410 3068 habeas,ita
1428 2984 1495 3035 ut
1513 2996 1654 3036 cum
1673 2986 1948 3037 sanctum
1983 3013 2024 3068 ρ
2062 2983 2424 3042 Mauritaniae
2453 2981 2791 3055 praedicasti
2819 2979 3110 3036 salutem:
3146 2982 3202 3033 et
3221 2991 3364 3046 erga
3395 2973 3720 3031 candidam

292 3060 682 3130 Evangelium
695 3062 948 3135 legis,ab
960 3067 1112 3123 ostio
1125 3067 1388 3124 ecclesiae
1407 3067 1604 3124 audiri
1614 3068 1713 3123 vix
1733 3068 1948 3140 possis.

298 3147 462 3204 Unde
501 3165 643 3221 ergo
691 3155 988 3211 sonoritas
1027 3155 1130 3212 illa
1155 3155 1263 3212 fuit
1290 3173 1426 3230 quae
1473 3156 1570 3212 die
1601 3159 1952 3213 Parasceves

291 3251 467 3292 aures
490 3241 724 3312 Maurae,
739 3242 846 3298 sed
868 3243 1054 3300 solius
1076 3249 1133 3301 et
1150 3244 1330 3316 longe
1350 3245 1562 3318 positae
1582 3246 1953 3318 penetravit?

294 3325 456 3383 Dicta
479 3327 776 3401 siquidem
815 3332 934 3404 die,
965 3335 1118 3390 inter
1150 3336 1390 3391 Sextam
1421 3339 1477 3392 et
1507 3339 1761 3402 Nonam,
1789 3335 1952 3408 apud

294 3417 482 3472 sancti
535 3420 805 3477 Aventini
858 3423 1170 3480 ecclesiam
1225 3425 1286 3480 in
1351 3424 1641 3480 suburbio
1705 3424 1955 3480 civitatis

292 3501 501 3575 ipsius,
534 3511 756 3564 sancte:
785 3509 1228 3582 praedicationis
1273 3512 1506 3568 semina
1534 3528 1646 3582 ego
1675 3516 1955 3584 peccator

295 3591 686 3658 miserrimus,
720 3597 853 3653 tatis
890 3599 1089 3671 qualis
1116 3601 1458 3673 episcopus,
1491 3616 1602 3672 pro
1627 3600 1808 3656 ofﬁcii
1836 3599 1956 3656 mei

295 3680 498 3740 debito
525 3683 587 3739 in
609 3686 891 3743 cordibus
907 3689 1278 3745 audientium
1294 3690 1680 3761 jaciebam,et
1700 3705 1811 3763 pro
1829 3705 1956 3746 mo-

298 3768 442 3827 dulo
465 3788 603 3829 meo
631 3774 820 3831 divini
849 3778 1142 3834 sermonis
1174 3778 1357 3834 hamo
1386 3777 1669 3850 piscabar
1705 3778 1960 3851 piscicu-

298 3857 410 3926 los,
441 3861 552 3917 etsi
576 3879 806 3935 paucos
837 3869 893 3921 et
914 3881 1156 3938 parvos.
1183 3867 1404 3922 Aderat
1436 3871 1492 3922 et
1519 3870 1719 3924 Maura
1741 3869 1958 3923 attente

303 3951 573 4021 audiens,
604 3957 660 4011 et
684 3955 899 4011 sedens
931 3955 1082 4012 inter
1110 3956 1259 4012 alios
1287 3956 1611 4020 auditores,
1639 3972 1770 4027 quae
1794 3956 1962 4011 nulla

303 4057 576 4114 unquam
604 4044 940 4114 occasione,
964 4045 1042 4101 ab
1068 4045 1420 4117 hujusmodi
1439 4044 1543 4116 pia
1568 4044 1962 4116 occupatione

301 4132 496 4203 potuit
518 4134 805 4203 revocari,
843 4134 950 4190 sed
993 4135 1136 4207 quia
1180 4151 1254 4190 ex
1305 4135 1424 4190 Deo
1472 4139 1619 4203 erat,
1652 4133 1834 4190 verba
1862 4132 1965 4189 Dei

305 4221 611 4290 audiebat,
643 4239 716 4280 ea
745 4223 807 4280 in
837 4224 1017 4280 corde
1048 4240 1178 4292 suo,
1209 4225 1386 4296 quasi
1423 4223 1484 4279 in
1513 4223 1667 4280 libro
1697 4222 1964 4279 conscri-

2062 3073 2357 3144 virginem
2399 3071 2648 3128 dulciter
2694 3067 3092 3138 mansuescis,
3123 3065 3229 3140 qui
3248 3063 3550 3136 Aithiopes
3578 3063 3720 3118 hor-

2059 3161 2224 3218 ridos
2273 3175 2664 3233 nequaquam
2710 3155 3084 3230 expavescis.
3127 3152 3491 3210 Adveniente
3544 3149 3724 3220 igitur

2060 3251 2396 3305 memorata
2421 3245 2816 3314 solemnitate,
2843 3259 3032 3317 quam
3062 3243 3258 3298 beata:
3306 3243 3524 3297 Maurae
3548 3252 3724 3293 voca-

2060 3336 2236 3392 tionis
2288 3352 2410 3391 suae
2452 3333 2802 3406 jucunditas
2850 3328 3220 3404 duplicabat,
3252 3327 3427 3383 nobis
3473 3323 3723 3382 videnti-

2059 3425 2196 3495 bus,
2223 3423 2299 3480 de
2335 3421 2551 3479 lectulo
2598 3419 2958 3477 inﬁrmitatis
2995 3434 3137 3485 suae,
3169 3419 3349 3490 prout
3383 3413 3598 3488 potuit,
3629 3426 3702 3467 ca

2061 3517 2170 3587 put
2189 3512 2391 3582 erexit,
2414 3515 2472 3568 et
2498 3513 2760 3566 erectum
2782 3509 2843 3564 in
2876 3511 3075 3580 partes
3101 3509 3362 3580 quatuor
3381 3499 3722 3570 inclinavit;

2062 3607 2119 3660 et
2147 3617 2253 3658 cur
2280 3601 2396 3657 hoc
2444 3599 2665 3656 faceret
2708 3614 2745 3654 a
2784 3599 2976 3652 Leone
3022 3592 3390 3650 familiariter
3417 3588 3725 3662 requisita.

2061 3689 2406 3764 respondit:
2467 3690 2555 3744 En
2598 3685 2886 3744 lectulum
2932 3700 3140 3741 meum
3187 3686 3447 3755 quatuor
3482 3678 3662 3735 fortes
3691 3691 3730 3764 a

2063 3763 2326 3852 quatuor
2354 3777 2628 3850 partibus
2659 3775 2958 3841 ambiunt,
2992 3776 3269 3828 cruentas
3290 3768 3514 3825 bestias
3543 3763 3732 3838 repel-

2063 3867 2276 3936 lentes,
2309 3870 2516 3922 Petrus
2548 3862 2824 3919 videlicet
2853 3866 3034 3932 atque
3063 3859 3302 3923 Paulus,
3337 3855 3649 3912 Gervasius
3675 3857 3733 3908 et

2067 3954 2390 4020 Protasius,
2421 3953 2642 4024 quibus
2674 3950 2882 4024 quoad
2926 3948 3045 4003 vixi
3093 3945 3430 4007 devotione,
3459 3957 3582 4013 qua
3625 3957 3731 4012 po-

2070 4045 2153 4100 tui
2183 4041 2499 4099 deservivi.
2537 4041 2865 4112 Statimque
2913 4036 2993 4094 ad
3038 4051 3135 4091 me
3167 4047 3457 4090 conversa
3486 4029 3734 4100 subjun-

2069 4133 2153 4189 xit
2179 4151 2193 4188 :
2228 4133 2349 4187 Hoc
2376 4133 2712 4186 extremum
2739 4143 2960 4184 munus
2991 4142 3028 4183 a
3056 4129 3111 4182 te
3135 4127 3294 4198 peto,
3325 4118 3605 4176 Prudenti
3626 4119 3736 4173 Pa-

2072 4232 2158 4279 ter
2186 4220 2488 4294 episcope,
2517 4221 2583 4274 ut
2628 4217 2691 4273 in
2730 4232 2940 4272 eorum
2968 4215 3285 4289 praesentia
3313 4210 3387 4266 de
3413 4224 3604 4265 manu
3630 4209 3737 4263 tua

302 4309 478 4410 bene,
509 4327 766 4385 cumque
795 4329 906 4386 pro
953 4314 1240 4387 temporis
1278 4313 1576 4385 exigentia
1621 4328 1965 4369 sermonem
2001 4355 2045 4410 Β
2075 4309 2426 4367 eucharistaa
2457 4310 2512 4364 et
2549 4305 2848 4363 unctionis
2887 4309 3166 4361 extremae
3207 4299 3494 4374 recipiam
3541 4311 3738 4354 sacra-

306 4400 566 4456 facerem
608 4401 684 4458 de
723 4401 1042 4458 Dominicm
1091 4402 1392 4474 passionis
1440 4407 1836 4473 sacramento,
1871 4418 1965 4458 re-

308 4493 488 4561 pente
512 4506 573 4545 se
611 4491 863 4562 erigens,
898 4492 1027 4548 aliis
1057 4492 1422 4561 sedentibus,
1459 4492 1613 4549 stetit
1651 4508 1834 4566 supra
1864 4507 1968 4564 pe-

312 4578 420 4632 des
453 4595 611 4648 suos,
643 4585 698 4636 et
726 4584 914 4636 totam
946 4597 1007 4636 se
1053 4581 1225 4650 signo
1267 4582 1513 4636 viviﬁcaa
1559 4581 1751 4636 crucis
1779 4579 1973 4636 muni-

312 4667 416 4723 vit.
449 4668 716 4743 Cumque
745 4669 1103 4742 quaesissem
1134 4670 1213 4725 ab
1247 4685 1318 4724 ea
1367 4670 1514 4742 quid
1557 4670 1609 4725 ei
1639 4669 1968 4737 accidisset,

312 4761 369 4812 et
395 4774 603 4830 quare,
635 4763 844 4815 contra
872 4774 1124 4828 morem,
1155 4774 1292 4813 cum
1318 4757 1449 4815 aliis
1475 4758 1823 4815 sedentibus
1848 4773 1974 4815 non

312 4848 562 4915 sederet,
597 4852 662 4905 ut
682 4854 809 4905 erat
835 4849 968 4922 ipsa
1006 4847 1350 4905 verecundo
1380 4847 1569 4918 vultu,
1601 4851 1659 4904 et
1685 4846 1975 4903 columbi-

312 4952 393 4992 na
441 4936 839 5010 simplicitate,
879 4936 1228 5011 respondit:
1281 4939 1477 5004 Estne,
1524 4937 1714 5004 Pater,
1763 4934 1975 4992 seden-

314 5026 486 5098 dum,
525 5026 774 5100 quando
822 5032 1098 5083 sanctum
1145 5027 1360 5096 legitur
1409 5023 1844 5095 Evangelium?
1893 5026 1977 5079 En

314 5116 630 5174 Mauricius
673 5118 876 5172 Levita
923 5116 985 5172 in
1023 5115 1274 5172 ecclesia
1319 5115 1748 5189 Apostolorum
1778 5112 1978 5170 Domi-

314 5208 519 5264 nicam
551 5207 728 5281 ccepit
754 5206 950 5277 legere
998 5205 1365 5278 passionem,
1399 5206 1448 5261 si
1493 5205 1689 5278 placet
1733 5201 1981 5260 astanti-

315 5299 459 5366 bus,
491 5297 729 5354 omissis
760 5294 1076 5369 paululum
1132 5293 1264 5350 aliis
1316 5293 1719 5358 audiendam;
1755 5291 1982 5348 statim-

317 5404 438 5460 que
468 5387 518 5442 si
543 5385 689 5460 quid
714 5385 990 5442 audirent
1037 5400 1073 5440 a
1101 5380 1631 5439 circumstantibus
1678 5379 1982 5452 inquisivi,

321 5478 598 5550 factoque
626 5474 859 5532 silentio
908 5478 1030 5529 tota
1059 5471 1379 5528 multitudo
1431 5487 1492 5526 se
1544 5469 1692 5526 nihil
1735 5485 1983 5542 prorsus

323 5567 531 5622 audire
556 5564 884 5638 respondit,
908 5562 1068 5618 unde
1093 5560 1358 5616 divinam
1384 5559 1721 5631 intelligens
1748 5559 1808 5615 in
1834 5574 1984 5632 pt‘tB-

324 5654 484 5714 clara
513 5654 738 5726 virgine
783 5651 1064 5719 adfuisse,
1091 5650 1363 5707 virtutem
1412 5649 1695 5722 tacrymis
1720 5647 1976 5726 ubertim

2074 4403 2298 4467 menta,
2331 4397 2498 4471 quod
2542 4402 2598 4454 et
2648 4396 2872 4453 factum
2925 4398 3049 4463 est;
3101 4392 3420 4462 statimque
3468 4387 3737 4444 oratione

2076 4489 2387 4545 Dominica
2414 4487 2719 4554 inchoata,
2744 4501 2882 4541 cum
2906 4481 3243 4539 secundum
3263 4479 3611 4552 petitionem
3634 4475 3742 4529 im-

2076 4578 2324 4652 plesset,
2356 4592 2481 4649 qua
2501 4575 2719 4630 dicitur
2745 4592 2757 4630 :
2784 4573 3086 4630 Adveniat
3112 4584 3361 4640 regnum
3395 4573 3584 4635 tuum,
3608 4579 3741 4652 con-

2081 4650 2384 4726 summato
2435 4679 2710 4736 supernae
2759 4659 3093 4718 vocationis
3115 4657 3309 4729 jubilo
3363 4652 3606 4712 feliciter
3634 4650 3743 4708 mi-

2082 4755 2275 4826 gravit
2323 4754 2402 4810 ad
2449 4752 2791 4810 Dominum.
2841 4755 2972 4808 Mox
3018 4746 3378 4807 Mauriciana
3437 4746 3741 4811 matrona,

2083 4859 2252 4900 soror
2289 4843 2564 4910 Sedulius,
2597 4845 2654 4898 et
2700 4841 2836 4898 duae
2883 4839 3020 4896 ﬁlim
3050 4835 3444 4904 Mauricianaa,
3471 4833 3744 4888 Damona

2084 4936 2141 4988 et
2187 4930 2422 5000 Thecia,
2454 4929 2713 4986 cilicium
2742 4929 2818 4984 de
2872 4931 3080 4984 sancto
3129 4938 3378 4996 corpore
3419 4920 3742 4994 rapientes,

2086 5020 2148 5076 in
2196 5023 2456 5092 quatuor
2502 5017 2828 5090 particulas
2882 5015 3230 5082 diviserunt,
3277 5017 3334 5068 et
3389 5010 3502 5066 sibi
3554 5009 3748 5065 tribus

2086 5108 2347 5174 retentis,
2398 5110 2678 5179 quartam
2734 5105 2903 5175 mihi,
2949 5119 3138 5177 quam
3183 5119 3293 5174 pro
3353 5114 3580 5169 magno
3625 5098 3747 5153 the-

2090 5212 2270 5253 sauro
2318 5194 2590 5250 custodio
2649 5197 2998 5267 posuerunt,
3057 5205 3398 5264 corpusque
3450 5188 3525 5242 de
3577 5198 3748 5241 more

2088 5287 2380 5356 lavantes,
2413 5300 2639 5358 aquam
2687 5284 2749 5341 in
2787 5284 2880 5341 lac
2929 5298 3306 5343 conversam,
3338 5273 3746 5334 testimonium

2089 5377 2389 5452 pudicitiae
2438 5375 2767 5447 virginalis,
2795 5373 3122 5430 videndam
3176 5369 3327 5426 meis
3373 5363 3560 5422 oculis
3597 5379 3748 5436 pra:-

2095 5451 2425 5523 sentarunt.
2483 5466 2654 5531 Quod
2711 5465 3018 5526 Leonicus,
3072 5461 3228 5516 ﬁlius
3277 5457 3581 5515 Damonaa,
3613 5451 3746 5508 dul-

2095 5556 2302 5612 cedinc
2333 5562 2564 5629 captus,
2590 5555 2833 5612 abunde
2863 5551 3216 5624 deglutiens,
3242 5565 3278 5603 a
3309 5545 3498 5602 febrili
3532 5543 3745 5600 ardore

2097 5650 2341 5720 sanatus
2357 5648 2445 5702 est
2465 5663 2477 5713 ;
2512 5649 2792 5717 tactuque
2814 5640 3001 5702 sancti
3017 5637 3188 5696 cilicii
3213 5635 3424 5695 Thecia
3451 5650 3487 5690 a
3507 5629 3750 5690 macula
