4160 6186
501 214 637 273 1³79

1561 208 1619 263 S.
1658 203 2027 262 PRUDENTII
2063 199 2434 262 TRECENSIS
2480 209 2788 265 EPISOOPI

3766 216 3906 270 i380

498 339 700 396 denuo
730 339 972 402 Hugone
999 330 1329 387 abbate‘et
1347 329 1667 400 Adalgario
1697 328 1935 398 comite,
1961 327 2036 384 de
2056 326 2147 383 in-
2179 331 2226 384 A
2256 327 2296 383 li
2325 330 2504 386 etiam
2533 332 2847 388 occasione
2877 332 3148 389 divinam
3196 336 3406 390 contra
3435 349 3497 389 se
3529 334 3913 394 iracundiam

499 426 776 484 ﬁrmitate
797 437 866 478 ac
892 419 1342 492 recuperationc
1364 419 1414 490 ej
1425 436 1493 474 us
1522 424 1579 475 et
1597 417 1904 474 voluntate
1927 416 1989 471 in
2015 432 2151 489 pos-

499 520 694 572 terum
722 508 1011 566 veniendi
1054 508 1374 582 quaesitum
1413 513 1525 576 est,
1554 523 1790 563 necnon
1821 506 1896 562 de
1923 505 2150 562 restitu-

497 605 655 662 tione
683 616 884 657 rerum
915 598 1180 655 ecclesiis
1241 598 1343 653 Dei
1390 597 1453 653 in
1501 596 1750 653 Francia
1796 594 2145 663 constitutis,

495 710 633 766 quae
662 693 723 748 in
754 689 922 747 Italia
944 689 1089 757 sitae,
1123 704 1162 744 a
1209 688 1333 744 suis
1381 703 1492 760 pro
1520 687 1692 743 libitu
1720 686 1956 742 fuerant
1979 701 2151 740 usur-

496 788 652 857 patae
676 799 691 849 ;
721 796 929 836 verum
957 783 1014 834 et
1039 778 1114 833 de
1143 777 1442 851 episcopis
1473 781 1652 850 atque
1681 775 2021 842 comitibus,
2043 773 2148 847 qui

496 871 731 928 dudum
762 885 902 926 cum
924 871 1200 938 Augusta
1230 866 1392 922 ﬁdeli
1418 865 1737 922 devotione
1759 865 1833 920 de
1864 863 2030 920 Italia
2060 878 2146 918 ve-

494 963 728 1028 nerant,
760 963 825 1014 ut
854 956 938 1012 eis
959 961 1016 1013 et
1043 955 1216 1011 sedes
1246 954 1505 1027 propriae
1537 958 1594 1010 et
1614 953 1935 1010 comitatus
1957 968 2028 1009 ac
2049 951 2149 1007 be-

497 1049 710 1107 neﬁcia
738 1064 842 1103 seu
871 1063 964 1103 res
1003 1045 1258 1118 propriae
1288 1044 1694 1101 redderentur.
1745 1043 1834 1099 Ad
1878 1043 2007 1098 haec
2044 1045 2148 1097 Lo-

498 1139 724 1197 tharius
749 1154 856 1211 per
879 1137 1100 1192 missos
1121 1151 1282 1197 suos,
1311 1135 1605 1207 oppositis
1625 1132 1991 1206 quibusdam
2011 1147 2150 1188 con-

497 1229 844 1289 ditionibus,
862 1241 986 1282 non
1011 1226 1073 1281 in
1102 1225 1389 1280 omnibus
1416 1240 1480 1279 se
1502 1223 1777 1280 assentiri
1789 1238 1966 1295 posse
1983 1236 2151 1277 man-

499 1318 682 1375 davit.
718 1316 942 1373 Eodem
989 1319 1258 1388 tempore
1289 1313 1660 1369 Nordmanni
1708 1311 2145 1369 Dorestadum‘

499 1413 557 1465 et
585 1407 832 1464 Frisiam
853 1421 1094 1461 rursum
1120 1401 1469 1476 depopulati
1490 1406 1648 1472 sunt,
1681 1401 1787 1457 sed
1829 1405 1885 1457 et
1915 1399 2148 1466 Horich,

499 1513 602 1554 rex
635 1500 962 1564 Danorum,
1006 1509 1114 1566 per
1141 1492 1369 1562 legatos
1399 1506 1544 1547 suos
1585 1491 1644 1546 in
1685 1489 1900 1546 eodem
1930 1488 2152 1561 placito

500 1583 776 1642 amicitiae
801 1587 981 1655 atque
1024 1579 1376 1637 obedientiae
1407 1579 1782 1635 conditiones
1824 1577 2149 1646 mandans,

2258 419 2564 476 ardentius
2584 421 2873 478 incitaret.
2899 423 3008 488 Qui
3039 427 3341 478 tantorum
3363 428 3604 497 patrum
3632 441 3913 483 assensus

2258 508 2528 575 consilio,
2561 515 2777 566 cuncta
2805 511 3077 579 restituit,
3110 527 3181 567 ac
3211 512 3462 582 singulis
3490 513 3762 570 ecclesiis
3795 531 3918 571 eas-

2257 596 2397 653 dem
2422 614 2516 654 res
2549 599 2970 673 scriptionibus
2991 603 3012 635 ‘
3035 599 3260 658 annulo
3277 603 3298 636 ⁸
3331 617 3440 659 suo
3469 602 3773 660 roboratis
3790 621 3922 678 pro-

2255 686 2383 758 prie
2412 687 2754 759 resignavit.
2789 690 2970 760 Igitur
2997 689 3342 762 imperator,
3374 689 3674 764 disposita
3724 693 3921 749 Frisia:

2257 774 2681 848 Maritimaaque
2709 779 2731 813 ⁶
2763 787 2786 814 ο
2816 777 3107 842 custodia,
3141 795 3349 834 mense
3373 780 3519 835 Maio
3539 780 3621 836 ad
3651 781 3922 839 Theodoo

2256 865 2351 919 nis
2379 865 2585 920 villam
2618 865 2859 922 veniens
2888 872 2946 922 et
2972 866 3257 923 annualia
3287 868 3451 924 dona
3467 869 3788 942 recipiens,
3815 873 3922 926 iter

2259 969 2436 1009 suum
2459 954 2720 1010 Romam
2741 955 3109 1012 defensionis
3139 962 3359 1013 sanctae
3388 959 3672 1014 Romanae
3725 959 3920 1015 Eccle-

2258 1041 2359 1098 sire
2382 1047 2562 1115 atque
2593 1044 2879 1100 orationis
2911 1045 3100 1115 gratia
3143 1045 3376 1113 indixit,
3404 1045 3645 1102 directis
3677 1047 3917 1104 interim

2258 1130 2336 1186 ad
2370 1132 2711 1188 Lotharium
2740 1131 2972 1203 logatis,
2992 1133 3381 1190 monentibus
3399 1139 3464 1190 ut
3493 1151 3629 1191 eum
3660 1142 3920 1208 paterna

2257 1223 2589 1278 reverentia
2616 1222 3153 1296 susciperet,atque
3181 1223 3406 1280 itineris
3436 1230 3792 1297 apparatum
3813 1225 3918 1282 de-

2261 1315 2461 1366 center
2489 1315 2949 1384 opportuneque
3005 1317 3376 1385 procuraret.
3437 1316 3519 1370 Ea
3570 1319 3918 1387 tempestate

2259 1401 2633 1457 Nordmanni
2717 1400 3045 1473 irruptione
3104 1401 3282 1458 solita
3339 1401 3590 1459 Frisiam
3623 1403 3922 1459 irruentes

2259 1488 2320 1544 in
2351 1488 2549 1544 insula
2569 1505 2703 1561 qua:
2734 1488 3023 1545 Walacria
3044 1498 3066 1524 θ
3088 1489 3306 1545 dicitur
3320 1494 3563 1546 nostros
3585 1491 3920 1564 imparatos

2262 1577 2548 1649 aggressi,
2581 1577 2802 1634 multos
2832 1577 3303 1651 trucidaverunt,
3344 1578 3543 1652 plures
3581 1579 3917 1652 dcpraedati
3947 1565 3964 1582 ’

501 1689 564 1730 se
595 1672 936 1729 nullatenus
961 1685 1171 1726 eorum
1224 1667 1779 1742 importunitatibus
1832 1682 2152 1724 assensum
2183 1682 2225 1736 Β
2264 1671 2432 1735 sunt;
2491 1670 2547 1722 et
2593 1666 2969 1739 aliquamdiu
3020 1667 3167 1723 inibi
3221 1673 3688 1732 commorantes,
3738 1683 3923 1725 censu

499 1762 828 1837 praebuisse
884 1765 1153 1826 testatus,
1203 1759 1278 1815 de
1310 1773 1559 1814 suorum
1605 1758 1685 1814 ad
1730 1758 2153 1831 imperatorem

499 1853 822 1909 missorum
850 1848 1253 1906 interfectione
1265 1851 1630 1920 conquestus
1656 1855 1763 1916 est,
1789 1847 1895 1920 qui
1918 1846 2153 1902 dudum

499 1943 658 2000 circa
711 1939 1019 1998 Coloniam
1083 1937 1475 2010 Agrippinam
1545 1936 1953 2010 quorumdam
2005 1952 2156 2009 pra:-

501 2030 846 2103 sumptione
882 2028 1074 2084 necati
1102 2027 1366 2094 fuerant;
1407 2042 1669 2098 quorum
1717 2042 1928 2082 necem
1973 2025 2154 2081 etiam

501 2121 851 2192 imperator,
875 2117 1076 2172 missis
1092 2115 1172 2172 ad
1201 2117 1316 2172 hoc
1346 2115 1543 2171 solum
1573 2114 1803 2185 legatis,
1827 2114 2153 2186 justissime

504 2209 665 2264 ultus
686 2213 792 2264 est.
828 2209 1076 2262 Peracta
1105 2205 1440 2262 autumnali
1462 2205 1778 2260 venatione
1804 2205 1866 2260 in
1896 2205 2152 2260 Franco-

500 2297 718 2355 nofurd
748 2295 991 2370 palatio,
1025 2295 1104 2351 ad
1151 2295 1512 2367 Aquisgrani
1564 2310 1842 2350 reversus
1888 2298 1994 2362 est,
2049 2292 2152 2348 ubi

499 2388 680 2444 etiam
718 2385 885 2441 missi
907 2384 1176 2440 eiusdem
1205 2383 1423 2440 Horich
1457 2387 1769 2454 venerunt,
1817 2386 2153 2456 quaerentes

501 2489 802 2530 summam
830 2488 1060 2537 eorum,
1090 2487 1244 2543 quos
1277 2469 1405 2542 ipse
1435 2475 1643 2542 captos
1669 2487 1743 2526 ex
1780 2469 1872 2525 his
1901 2467 2151 2525 interﬁci

500 2563 740 2628 fecerat,
772 2562 875 2635 qui
904 2561 966 2616 in
996 2565 1233 2616 nostros
1254 2560 1404 2614 ﬁnes
1427 2559 1567 2614 talLa
1594 2559 1953 2615 iamdudum
1983 2556 2153 2613 moli-

499 2653 542 2708 ti
569 2655 722 2706 sunt.
751 2649 1071 2706 Azenarius
1093 2663 1357 2720 quoque,
1390 2648 1671 2703 citerioris
1704 2646 2029 2702 Wasconiaa
2055 2661 2152 2701 co-

499 2757 650 2810 mes,
691 2739 796 2813 qui
829 2743 965 2794 ante
993 2735 1217 2808 aliquot
1243 2750 1437 2791 annos
1465 2752 1501 2790 a
1523 2736 1770 2808 Pippino
1798 2734 2146 2802 desciverat,

499 2828 766 2885 horribili
795 2831 984 2883 morte
1013 2825 1249 2893 interiit;
1269 2824 1567 2897 fraterque
1590 2825 1745 2880 illius
1769 2824 2150 2881 Sancio-San-

500 2919 552 2975 ci
581 2918 858 2976 eamdem
887 2916 1194 2986 regionem
1222 2919 1481 2986 negante
1522 2914 1773 2989 Pippino
1814 2913 2144 2986 occupavit.

2261 1759 2441 1828 prout
2466 1755 2638 1811 libuit
2687 1761 2920 1823 exacto,
2971 1757 3051 1813 ad
3091 1757 3486 1814 Dorestadum
3517 1758 3738 1815 eadem
3769 1758 3921 1814 furia

2263 1850 2682 1917 pervenerunt,
2704 1850 2762 1900 et
2793 1845 3012 1900 tributa
3039 1845 3308 1902 similiter
3335 1847 3918 1918 exegerunt.meus

2264 1933 2588 2006 imperator
2619 1933 2858 2002 auditis,
2884 1935 3283 2007 praetermisso
3313 1942 3650 1993 memorato
3682 1937 3913 2006 itinere,

2262 2022 2338 2078 ad
2360 2022 2794 2094 Noviomagum
2821 2029 3104 2092 castrum,
3132 2024 3398 2080 vicinum
3425 2025 3918 2099 Dorestado,pro-

2261 2128 2472 2186 perare
2492 2128 2615 2169 non
2635 2111 2860 2169 distulit
2885 2129 2900 2178 ;
2922 2113 3094 2184 cujus
3115 2115 3379 2171 adventu
3406 2115 3785 2172 Nordmanni
3814 2132 3915 2171 au-

2261 2201 2407 2271 dito,
2431 2201 2717 2258 continuo
2748 2206 3146 2258 recesserunt.
3182 2207 3512 2276 Imperator
3561 2221 3706 2260 vero
3738 2219 3914 2274 gene-

2261 2291 2371 2346 rali
2401 2295 2699 2348 conventu
2717 2291 2943 2357 habito,
2964 2291 3203 2365 publice
3229 2309 3366 2350 cum
3395 2293 3488 2349 his
3514 2295 3916 2366 quzestionem

2259 2380 2486 2441 habuit.
2556 2397 2711 2454 quos
2764 2381 3068 2455 principes
3127 2382 3207 2438 ad
3249 2382 3527 2440 eamdem
3580 2383 3914 2440 custodiam

2259 2469 2669 2540 delegaverat.
2703 2469 2830 2531 Qua
2869 2471 3246 2527 discussione
3288 2473 3502 2545 patuit,
3553 2473 3779 2545 partim
3807 2473 3914 2528 im-

2259 2559 2672 2632 possibilitate,
2701 2559 2918 2631 partim
2935 2561 3342 2628 quorumdam
3375 2561 3786 2619 inobedientia
3814 2579 3911 2618 eos

2259 2648 2516 2703 inimicis
2544 2664 2666 2704 non
2697 2648 2967 2720 potuisse
2996 2649 3304 2718 resistere;
3337 2650 3498 2706 unde
3527 2655 3585 2706 et
3625 2651 3706 2706 ad
3757 2667 3910 2707 com-

2258 2735 2638 2808 primendam
2702 2736 3036 2793 Frisionum
3075 2740 3094 2772 τ
3169 2738 3643 2796 inobedientiam
3689 2741 3910 2797 strenui

2259 2825 2511 2881 abbates
2536 2841 2606 2881 ac
2631 2824 2877 2881 comites
2907 2825 3114 2882 directi
3147 2832 3308 2897 sunt,
3341 2833 3415 2890 et,
3442 2833 3506 2884 ut
3537 2828 3818 2901 deinceps
3843 2829 3908 2884 il-

2257 2913 2454 2970 lorum
2476 2913 2923 2970 incursionibus
2950 2915 3182 2971 facilius
3230 2915 3437 2972 obsisti
3467 2922 3667 2990 queat,
3696 2916 3908 2973 classis

502 3009 668 3065 Tunc
693 3008 871 3063 etiam
902 3005 1067 3061 Walo
1097 3003 1258 3060 abba
1283 3006 1326 3071 ³,
1358 3003 1528 3059 cuius
1555 3003 1817 3060 consiliis
1841 3003 2148 3060 Lotharius
2180 3043 2220 3100 C
2257 3021 2507 3078 quaqua
2529 3020 2738 3061 versus
2777 3003 3118 3076 diligentius
3159 3022 3341 3078 parar
3364 3007 3533 3064 iussa
3562 3013 3668 3064 est.
3702 3008 3909 3065 Lotha-

499 3098 822 3171 plurimum
861 3095 1159 3164 utebatur,
1191 3093 1252 3148 in
1283 3093 1452 3148 Italia
1476 3093 1643 3150 obiit.

1120 3234 1526 3293 DCCCXXXVII

570 3368 897 3438 Imperator
919 3365 1120 3419 autem
1149 3364 1288 3433 post
1312 3358 1594 3415 natalitize
1647 3358 2010 3417 celebritatis
2048 3378 2144 3418 so-

497 3455 738 3520 lemnia,
768 3451 1182 3524 puriﬁcatione
1207 3450 1232 3488 b
1262 3448 1454 3503 beata:
1481 3463 1718 3518 semper
1761 3448 2007 3520 virginis
2037 3454 2148 3508 Ma-

497 3543 596 3598 riae
625 3542 1049 3613 episcoporum
1089 3542 1453 3592 conventum
1511 3537 1570 3590 in
1610 3537 1792 3608 Aquis
1823 3537 2052 3602 habuit,
2085 3540 2145 3595 in

496 3645 620 3702 quo
652 3629 726 3683 de
755 3627 975 3682 sanctis
1008 3624 1107 3680 Dei
1133 3623 1396 3680 ecclesiis
1442 3624 1771 3696 plurimum
1829 3631 2144 3683 tractatum

496 3723 605 3786 est,
632 3724 690 3775 et
720 3715 868 3790 quid
897 3715 1112 3787 cuique
1135 3714 1340 3769 ordine
1370 3715 1614 3787 proprio
1661 3715 2020 3779 conveniret,
2043 3733 2145 3790 pa-

496 3807 781 3864 tefactum
807 3810 986 3878 atque
1016 3803 1381 3876 descriptum
1412 3807 1518 3859 est.
1560 3803 1818 3877 Epistola
1855 3806 2032 3862 etiam
2063 3807 2142 3864 ab

494 3897 709 3955 eodem
754 3893 1188 3952 venerabilium
1241 3892 1665 3966 episcoporum
1717 3899 2015 3952 conventu
2063 3896 2142 3952 ad

494 3987 820 4060 Pippinum
847 3983 1074 4040 directa
1101 3986 1209 4053 est,
1231 3981 1295 4037 in
1325 3983 1347 4016 ³
1397 3997 1522 4056 qua
1571 3997 1712 4038 eum
1758 3982 1965 4039 salutis
2018 4000 2141 4042 suae

491 4089 860 4147 magnopere
885 4075 1268 4142 monuerunt,
1291 4075 1349 4126 et
1372 4071 1641 4143 insuper,
1669 4074 1734 4126 ut
1762 4087 1995 4129 memor
2009 4090 2139 4130 mo-

491 4163 571 4220 ris
599 4161 1052 4236 progenitorum
1078 4175 1349 4225 suorum,
1371 4159 1675 4232 praecipue
1696 4159 1949 4230 piissimi
1975 4164 2138 4230 geni-

490 4251 635 4307 toris
663 4249 874 4318 sui,res
897 4248 1288 4306 ecclesiarum
1303 4247 1404 4302 Dei
1425 4246 1660 4319 pridem
1691 4262 1728 4302 a
1753 4247 1876 4302 suis
1898 4248 2138 4307 invasas

492 4343 673 4413 atque
696 4337 960 4412 direptas
989 4335 1308 4407 integritati
1338 4351 1547 4392 earum
1571 4333 1921 4406 restitueret,
1949 4352 2025 4395 ne
2055 4345 2140 4397 ta-

2256 3095 2380 3150 rius
2410 3099 2609 3150 autem
2663 3093 2862 3151 clusas
2901 3096 2963 3151 in
2991 3095 3241 3168 Alpibus
3295 3097 3490 3153 muris
3538 3097 3911 3153 ﬁrmissimis

2255 3184 2468 3240 arctari
2497 3183 2799 3257 prmcepit.
2829 3187 2894 3240 Et
2923 3183 3318 3248 Landbertus,
3352 3185 3648 3242 fautorum
3693 3185 3914 3242 Letha-

2255 3271 2323 3328 rii
2354 3274 2677 3338 maximus,
2717 3276 2774 3329 et
2799 3275 2987 3344 Hugo,
3026 3289 3195 3330 socer
3242 3273 3420 3338 illius,
3452 3275 3770 3331 defunctus
3799 3279 3912 3332 est.

2255 3364 2484 3418 Interea
2509 3362 2817 3425 Brittones,
2851 3361 3122 3434 quadam
3166 3361 3484 3420 insolentia
3513 3363 3680 3431 moti,
3720 3363 3911 3420 rebel-

2253 3449 2376 3507 lare
2407 3451 2604 3507 conati
2657 3455 2824 3519 sunt;
2883 3467 3146 3524 quorum
3191 3457 3395 3507 motus
3439 3452 3773 3525 imperator
3826 3453 3912 3508 di-

2251 3544 2412 3596 recta
2434 3539 2810 3612 expeditione
2835 3539 2950 3595 cito
2981 3539 3741 3614 compressit,redditaque
3771 3558 3910 3598 nos-

2254 3629 2356 3685 tris
2390 3633 2540 3683 terra
2588 3633 2644 3683 et
2674 3627 2827 3684 datis
2871 3627 3206 3696 obsidibus,
3239 3627 3445 3685 ﬁdeles
3487 3645 3616 3686 sese
3660 3629 3909 3703 polliciti

2253 3722 2857 3790 suntpermansuros.
2881 3720 3017 3774 Post
3051 3717 3180 3774 haec
3210 3718 3563 3775 adveniente
3593 3724 3778 3792 atque
3807 3736 3914 3776 an-

2249 3809 2471 3862 nuente
2499 3805 2757 3861 Ludoico
2782 3809 2839 3861 et
2857 3805 3054 3860 missis
3086 3805 3338 3879 Pippini,
3362 3807 3654 3880 omnique
3678 3807 3911 3880 populo

2249 3895 2354 3968 qui
2381 3897 2709 3968 praesentes
2752 3894 2813 3949 in
2866 3895 3051 3967 Aquis
3084 3895 3308 3966 palatio
3347 3895 3563 3952 adesse
3590 3897 3746 3952 iussi
3788 3897 3914 3952 fue-

2248 3989 2402 4054 rant,
2433 3983 2597 4040 dedit
2624 3983 2746 4039 ﬁlio
2798 3999 2908 4039 suo
2938 3983 3148 4040 Carolo
3197 3985 3531 4041 maximam
3589 3986 3912 4056 Belgarum

2248 4079 2505 4149 partem,
2537 4073 2599 4129 id
2625 4078 2716 4129 est
2745 4089 2782 4129 a
2812 4073 2967 4129 mari
2991 4089 3099 4146 per
3127 4073 3279 4130 ﬁnes
3301 4076 3575 4132 Saxonize
3606 4093 3806 4150 usque
3829 4075 3912 4132 ad

2247 4166 2398 4221 ﬁnes
2430 4163 2852 4219 Ribuariorum
2878 4166 3070 4219 totam
3095 4165 3116 4198 ⁸
3155 4163 3426 4234 Frisiam,
3484 4169 3542 4221 et
3570 4182 3678 4238 per
3702 4167 3859 4222 ﬁnes
3897 4165 3912 4195 ‘

2248 4252 2670 4310 Ribuariorum
2737 4251 3054 4308 comitatus
3111 4252 3302 4310 Moilla
3339 4261 3379 4323 ⁸,
3436 4255 3646 4323 Batua,
3724 4258 3909 4312 Ham-

2248 4341 2475 4399 melant
2501 4343 2544 4408 θ,
2580 4343 2858 4409 Mosagao
2893 4358 2906 4408 ;
2961 4339 3180 4398 deinde
3219 4359 3362 4400 vero
3401 4343 3704 4416 quidquid
3755 4345 3910 4402 inter

1788 4435 2178 4498 VARIANTES
2238 4439 2622 4496 LECTIONES

565 4513 580 4546 ¹
615 4512 992 4586 Dorestatum
1027 4505 1241 4586 Caesa.
1295 4503 1530 4586 ’_A_bbas
1547 4505 1622 4560 Β.
1673 4506 1884 4586 ξἠὒςρξι
1904 4506 2014 4586 _Ch.
2087 4510 2395 4586 “Easdem
2421 4507 3075 4586 resc_riptionibus_Ch._
3114 4512 3135 4545 ⁵
3162 4513 3233 4568 In
3255 4512 3902 4583 autographosinedu-

490 4582 584 4638 bio
605 4583 788 4658 anulo
803 4583 1042 4658 legitugi.
1101 4578 1256 4658 “MCh.
1277 4584 1331 4634 et
1353 4578 1427 4658 β,
1457 4577 1753 4658 disposita
1775 4577 2414 4658 Frisiaemaritimaque
2435 4577 2736 4658 custodia;
2757 4581 2917 4658 quod
2932 4583 3018 4658 ita
3033 4577 3429 4658 depravatum
3445 4577 3906 4658 esseputo,quia

482 4655 798 4724 propriam
812 4649 967 4711 vocis
985 4649 1276 4709 Maritima
1302 4650 1421 4707 vim
1441 4665 1560 4704 non
1575 4649 2008 4707 intellexeﬁnt.
2065 4655 2084 4687 ⁷
2114 4649 2528 4720 Fresnionum,
2551 4649 2782 4708 Chesnf
2818 4653 2838 4686 ⁸
2867 4656 2908 4708 t.
2945 4655 3000 4708 F.
3027 4649 3168 4727 etp.
3193 4654 3236 4710 f.
3256 4657 3319 4711 Β.
3337 4655 3495 4714 deest
3511 4649 3623 4714 Cic.
3677 4659 3698 4691 9
3721 4649 3904 4716 Hanc

2093 4753 2137 4806 N
2143 4752 2295 4809 ΟΤᾸΞ

556 4845 574 4918 ς
598 4843 791 4918 [fratre
819 4838 1196 4918 imperatoris
1219 4855 1232 4904 ;
1253 4836 1325 4893 cf.
1353 4836 1543 4917 Vitam
1559 4835 1867 4918 _L_ud‘o.vici,
1898 4843 2128 4918 cap.55.
2163 4841 2208 4897 Ι)
2243 4839 2578 4918 Qampagiia
2594 4839 2972 4918 e§_ﬂ{arit'ima
2986 4856 3086 4918 me
3092 4840 3313 4918 legisse
3321 4843 3722 4918 memini,non
3735 4845 3904 4918 quod

554 4909 582 4949 δ
613 4912 711 4988 l_iic
729 4907 1081 4988 cpnve'ntus
1093 4924 1256 4988 anno
1283 4907 1573 4988 superiori
1602 4907 1843 4988 habitus
1877 4907 1992 4988 est;
2020 4926 2132 4988 nec
2240 4907 3197 4988 SeelandiaaFrisia,et_Maritima
3218 4929 3256 4970 a
3274 4907 3605 4988 Campania
3625 4907 3905 4973 Romana

485 4978 583 5050 die
612 4981 1038 5037 Purificationis
1065 4981 1256 5036 beatae
1286 4978 1563 5050 Virginis,
1589 4979 1693 5050 sed
1722 4983 1890 5036 sexta
1917 4980 2013 5036 die
2052 4982 2132 5037 fe-

483 5048 730 5119 bruarii,
759 5055 822 5106 ut
845 5052 1262 5108 demonstrant
1288 5048 1491 5120 verba,
1527 5048 1750 5120 quibus
1774 5051 2127 5107 inchoatur:

488 5121 635 5177 Cum
670 5123 1137 5177 convenissemus
1167 5123 1496 5190 episcopi...

483 5193 547 5250 in
577 5192 894 5250 secretario
918 5192 1416 5264 Qasilicw_sarzcta3
1438 5194 1759 5264 Genetricis
1771 5195 1884 5248 Dei
1897 5193 2128 5264 Mariae,

482 5265 643 5336 quod
667 5265 892 5322 dicitur
904 5262 1255 5336 Legeranis,
1273 5277 1433 5336 anno
1463 5263 1904 5336 incarnationis
1933 5262 2132 5319 Domi-

483 5331 550 5390 izi
585 5336 947 5394 NostriJesu
974 5331 1203 5404 Christi
1239 5335 1341 5388 836
1371 5333 1582 5389 indict.
1637 5333 1722 5404 14,
1781 5349 1945 5390 anno
1992 5348 2131 5391 vero

481 5407 721 5474 imperii
746 5405 1025 5476 praedicti
1045 5402 1293 5459 Cmaris
1313 5407 1403 5472 23,
1433 5406 1464 5457 8
1485 5402 1710 5458 scilicet
1737 5405 1960 5460 Iduum
1972 5420 2133 5461 men-

482 5477 560 5532 sis
583 5478 903 5532 Februarii
923 5480 1197 5538 BOUQUET.

554 5549 808 5620 {Frisia
834 5548 1270 5620 Mai'itiquae
1298 5544 1360 5620 h,
1393 5559 1444 5600 e.
1471 5543 1669 5620 Frisia:
1689 5549 1745 5620 et
1779 5547 2127 5620 Seelandiae,

483 5619 698 5678 eodem
726 5617 912 5676 modo
931 5631 1054 5690 quo
1092 5616 1156 5673 in
1172 5615 1395 5675 chartis
1414 5615 1597 5674 medii
1637 5617 1748 5676 aevi
1777 5619 1946 5678 haud
1965 5615 2126 5694 raro,
2167 5707 2172 5713 '

2239 4997 2488 5059 prorsus
2508 4982 2780 5059 diversae,
2804 4981 2913 5038 sed
2928 4983 3092 5056 quod
3113 5001 3323 5059 earum
3348 4981 3549 5059 partes
3579 4986 3827 5044 fuerint.

2311 5053 2735 5126 ‘Aqudmanm:
2761 5053 2969 5126 usque
2985 5058 3268 5112 continuo
3298 5053 3668 5114 recesserunt
3693 5075 3772 5115 ex
3787 5075 3902 5116 no-

1576 5122 2135 5198 quisgranipalatii
2242 5123 2378 5180 stris
2409 5123 2701 5198 decerpta
2717 5123 2778 5179 in
2805 5122 3088 5198 clironico
3131 5127 3206 5183 de
3248 5130 3428 5198 gestis
3471 5131 3902 5188 Nordmanno-

2239 5195 2479 5272 rum_in_
2500 5195 2764 5272 Erancia,
2791 5197 2958 5272 quod
2980 5197 3136 5272 infra
3163 5195 3461 5272 sequetur.

2312 5276 2333 5303 ο
2356 5266 2670 5322 Walchern
2691 5267 2752 5323 in
2785 5266 3115 5326 S‘eclandia.

2311 5337 2325 5367 ¹
2353 5339 2476 5396 Per
2499 5339 2648 5412 ﬁnes
2665 5337 2845 5412 idest
2862 5341 3014 5412 inde
3040 5357 3078 5398 a
3101 5342 3323 5411 ﬁnibus
3343 5361 3357 5412 ;
3380 5345 3702 5402 comitatus
3734 5346 3900 5403 enim

2234 5409 2365 5488 jam
2394 5409 2750 5488 nominandi
2779 5410 2982 5488 Frisiae
3012 5418 3070 5468 et
3096 5409 3420 5472 Austrasia:
3448 5421 3670 5488 partes,
3720 5424 3779 5475 et
3816 5417 3898 5474 ad

2240 5482 2392 5536 ﬁnes
2414 5481 2833 5537 Ribuariorum
2858 5482 2952 5538 siti
2983 5489 3172 5541 erant.

2311 5582 2336 5620 ε
2361 5551 2686 5610 Comitatus
2710 5553 2910 5611 Moilla
2925 5555 3005 5610 ad
3021 5556 3305 5614 Vahalem
3332 5558 3393 5614 in
3406 5559 3752 5616 conﬁnibus
3774 5560 3896 5616 Fri-

2241 5621 2344 5680 siae
2374 5627 2431 5678 et
2460 5622 2755 5682 Ribuariae
2785 5626 3126 5699 ponendus,
3147 5628 3252 5686 ubi
3277 5629 3430 5688 inter
3448 5629 3893 5703 Noviomagum
