4158 6192
288 204 414 260 1381

1809 191 2156 261 ANNALES.

3589 209 3699 272 382

281 329 503 383 Mosam
541 325 599 380 et
650 324 996 397 Sequanam
1039 341 1232 398 usque
1260 326 1341 382 ad
1369 326 1781 397 Burgundiam
1813 342 1939 382 una
1966 326 2016 381 Α
2047 327 2328 386 dentibus
2357 331 2654 388 submersi
2698 335 2856 390 sunt.
2909 333 3237 390 Ludoicus‘
3280 341 3483 392 autem
3511 339 3700 411 patris

281 430 418 470 cum
457 413 852 470 Viridunense
884 414 1160 478 constitit,
1193 418 1249 471 et
1275 415 1385 471 de‘
1412 416 1762 487 Burgundia
1803 415 1936 471 Tul-

277 502 532 573 lensem,
572 504 1040 574 Odornensemb,
1085 504 1509 576 Bedensem”,
1559 504 1935 568 Blesinsem‘,

281 594 666 657 Pertinsem',
685 598 974 667 utrosque
996 596 1332 665 Barenses‘,
1360 597 1800 663 Brioneusem',
1824 594 1940 651 Tri-

280 680 607 748 cassinum,
657 680 1115 750 Altiodrensem,
1165 683 1548 754 Senonicum,
1594 682 1938 739 Wastinen-

279 769 467 839 semh,
508 768 1012 845 Milidunensem‘,
1062 773 1501 843 Stampensem,
1554 770 1934 834 Castrinsem,

275 857 666 927 Parisiacum,
719 863 776 915 et
821 859 1036 915 deinde
1084 875 1192 932 per
1243 863 1586 933 Sequanam
1633 875 1829 932 usque
1875 859 1937 914 in

275 963 443 1004 mare
473 963 792 1018 oceanum,
844 951 901 1003 et
947 963 1054 1021 per
1083 948 1243 1004 idem
1276 966 1440 1006 mare
1471 965 1663 1022 usque
1702 949 1781 1005 ad
1823 948 1939 1004 Fri-

277 1037 434 1094 siam
460 1055 474 1106 ;
505 1052 717 1094 omnes
745 1036 1019 1092 videlicet
1050 1037 1458 1110 episcopatus,
1503 1037 1800 1107 abbatias,
1844 1053 1940 1093 co-

273 1125 540 1194 mitatus,
563 1125 765 1196 ﬁscos,
784 1129 842 1182 et
870 1127 1077 1182 omnia
1101 1127 1260 1183 intra
1280 1128 1598 1201 praedictos
1623 1127 1774 1182 ﬁnes
1799 1141 1940 1181 con-

275 1215 541 1270 sistentia
564 1229 704 1269 cum
731 1214 1018 1270 omnibus
1041 1216 1120 1272 ad
1145 1232 1206 1271 se
1235 1216 1692 1288 pertinentibus,
1712 1215 1772 1271 in
1794 1231 1940 1288 qua-

275 1317 536 1374 cumque
565 1301 811 1372 regione
837 1303 1171 1359 consistant
1203 1321 1216 1358 :
1250 1303 1452 1376 sicque
1478 1303 1725 1375 jubente
1754 1303 1941 1374 impe-

272 1395 490 1458 ratore,
510 1389 572 1445 in
595 1389 690 1444 sui
717 1391 1039 1462 preesentia
1068 1391 1357 1464 episcopi,
1388 1392 1659 1458 abbatcs,
1693 1390 1939 1447 comites

272 1483 330 1536 et
358 1477 602 1535 vassalli
631 1478 921 1534 dominici
967 1478 1029 1535 in
1077 1480 1416 1536 memoratis
1454 1480 1601 1536 locis
1644 1479 1941 1536 beneﬁcia

270 1567 588 1632 habentes,
625 1563 839 1623 Carolo
870 1583 932 1622 se
975 1569 1574 1637 commendaverunt,
1609 1573 1666 1624 et
1691 1567 1939 1624 ﬁdelita-

270 1661 395 1714 tem
423 1660 800 1714 sacramento
826 1657 1240 1715 ﬁrmaverunt.

878 1804 1329 1860 DCCCXXXVIII.

343 1931 479 1985 Post
507 1929 634 1984 hinc
661 1929 920 2002 peractis
951 1945 1137 1986 sacrae
1159 1928 1517 1992 Nativitatis,
1543 1926 1938 2001 apparitionis

273 2021 454 2091 atque
483 2017 803 2074 oblationis
829 2018 1148 2074 dominicae
1170 2017 1670 2084 solemnitatibus,
1695 2016 1939 2072 inchoa-

271 2107 470 2178 tisque
517 2107 1004 2177 Quadragesimaa
1046 2107 1309 2178 jejuniis,
1353 2106 1700 2178 imperatori
1741 2121 1938 2162 sermo

272 2195 552 2265 innotuit,
587 2195 953 2252 Ludoicumil
985 2195 1182 2252 fratris
1223 2195 1481 2251 Lotharii
1509 2196 1667 2252 intra
1699 2194 1940 2267 Alpium

274 2289 447 2358 septa
475 2284 846 2358 colloquium
867 2286 1218 2358 expetiisse3
1242 2304 1255 2354 ;
1289 2286 1455 2358 quod
1487 2286 1632 2358 quia
1661 2301 1723 2340 se
1753 2285 1940 2341 inscio

273 2373 734 2447 inconsultoque
772 2377 1265 2448 praesumpserat,
1311 2390 1467 2444 aegre
1497 2374 1647 2442 tulit,
1681 2373 1942 2430 directis-

275 2479 395 2536 que
438 2479 625 2536 quam
677 2463 984 2520 celerrime
1031 2479 1526 2537 quaquaversum
1572 2463 1937 2535 cursoribus,

275 2551 630 2623 generaliter
675 2553 884 2609 ﬁdeles
930 2553 1198 2622 accersit,
1250 2569 1624 2626 propereque
1672 2552 1940 2625 undique

276 2642 739 2699 adcurrentibus
771 2643 1037 2699 ﬁliorum
1064 2649 1409 2716 suspectum
1440 2643 1807 2716 colloquium
1835 2659 1940 2716 pa-

275 2731 495 2800 tefacit,
537 2736 593 2788 et
632 2733 681 2788 si
719 2733 804 2788 ita
845 2733 1168 2789 necessitas
1218 2733 1494 2806 postulet,
1541 2732 1620 2789 ad
1666 2733 1941 2789 resisten-

278 2820 426 2877 dum
463 2821 879 2894 paratissimos
910 2826 1133 2877 monet.
1178 2823 1306 2887 Quo
1347 2822 1644 2878 Ludoicus
1677 2823 1934 2893 cognito,

279 2914 626 2966 octavarum
679 2912 900 2965 sanctae
943 2910 1184 2965 Paschee
1226 2910 1650 2966 hebdomadat
1689 2911 1938 2981 jubente

280 3002 450 3071 patre
477 2997 738 3068 advenit,
771 2998 1185 3070 subtiliterque
1214 2997 1539 3067 discussus,
1570 2998 1816 3055 tandem
1848 3014 1941 3055 sa-
1970 3031 2010 3086 ρ

282 3091 591 3143 cramento
623 3103 760 3142 cum
790 3087 904 3143 sibi
948 3087 1211 3144 maxime
1243 3086 1521 3158 credulis,
1566 3087 1717 3142 nihil
1754 3087 1941 3143 ﬁdeli-

282 3177 387 3234 tati
416 3177 602 3248 patris
653 3180 832 3249 atque
880 3177 1097 3234 honori
1141 3176 1464 3233 adversum
1510 3176 1610 3232 illo
1641 3175 1940 3249 colloquio

279 3265 659 3337 meditatum,
688 3264 980 3333 ﬁrmavit;
1025 3265 1229 3338 sicque
1271 3265 1522 3321 remisso
1553 3265 1631 3320 ad
1674 3265 1937 3338 propria,

281 3358 348 3410 ut
372 3369 578 3410 mense
607 3353 770 3411 maio
815 3354 1164 3427 imperatori
1206 3354 1269 3410 in
1310 3354 1684 3423 Noviomago
1731 3369 1939 3410 occur-

278 3448 453 3514 reret,
498 3443 840 3514 injunctum
887 3448 994 3500 est.
1041 3447 1192 3500 Nam
1236 3442 1336 3500 illo
1381 3443 1550 3500 iuxta
1597 3443 1941 3500 condictum

281 3532 609 3605 imperator
636 3533 918 3606 progredi
937 3531 1319 3605 disponebat,
1343 3536 1642 3604 quatenus
1667 3549 1776 3589 sua
1794 3549 1942 3605 pra:-

281 3623 472 3679 sentia
495 3623 793 3679 damnum
822 3621 988 3694 quod
1019 3623 1191 3678 annis
1226 3622 1538 3695 przeteritis
1576 3622 1939 3695 piratarum5

280 3709 730 3782 importunitate
759 3715 1227 3784 nostrorumque
1257 3711 1491 3767 desidia
1512 3712 1842 3782 contigerat
1857 3711 1942 3768 vi-

283 3802 544 3868 taretur;
594 3800 925 3872 habitoque
975 3805 1273 3856 conventu
1315 3799 1606 3864 ﬁdelium,
1659 3801 1942 3873 copiosus

283 3889 440 3945 circa
459 3890 762 3946 maritima
784 3893 1116 3962 apparatus
1138 3889 1490 3946 distributus
1508 3893 1614 3946 est.
1633 3890 1788 3946 Inter
1802 3907 1938 3962 quae

285 3980 590 4035 Danorum
606 3980 814 4052 piratae
837 3979 1033 4052 patria
1054 3978 1300 4048 egressi,
1325 3982 1575 4051 ortoque
1602 3979 1801 4034 subito
1816 3995 1944 4036 ma-

283 4066 620 4126 ritimorum
645 4069 941 4126 ﬂuctuum
971 4067 1229 4137 turbine,
1270 4066 1368 4122 vix
1403 4066 1784 4139 paucissimis
1815 4083 1945 4124 eva-

2046 419 2400 491 praasentiae,
2439 421 2773 477 secundum
2817 421 2984 495 quod
3018 421 3256 493 jussum
3310 423 3520 489 fuerat,
3569 443 3699 485 sese

2046 507 2258 564 offerre
2304 525 2428 566 non
2453 510 2696 579 distulit,
2728 512 3055 584 habitaque
3099 529 3271 569 secus
3307 530 3495 586 quam
3527 531 3701 588 opor-

2045 601 2240 655 tuerat
2269 599 2706 657 conﬂictatione
2735 601 3081 669 verborum,
3110 602 3409 676 quidquid
3438 604 3593 661 ultra
3623 605 3700 662 ci-

2047 689 2256 758 traque
2304 688 2576 744 Rhenum
2622 689 2856 761 paterni
2897 689 3048 762 juris
3089 696 3505 764 usurpaverat,
3550 693 3699 750 reci-

2046 774 2244 846 piente
2265 781 2434 849 patre
2457 778 3019 849 amisit,He1isatiam
3039 779 3326 848 videlicet,
3354 782 3698 853 Saxoniam,

2046 865 2450 935 Thoringiam,
2509 868 2811 924 Austriam
2869 872 3047 941 atque
3104 868 3546 928 Alamanniam.
3606 875 3700 927 In-

2047 953 2220 1009 terim
2273 956 2741 1012 Sarracenorum
2797 957 3060 1029 piraticae
3107 956 3330 1015 classes
3385 959 3700 1016 Massiliam

2047 1043 2367 1100 Provinciae
2424 1044 2733 1112 irruentes,
2789 1045 3064 1102 abductis
3120 1047 3698 1118 sanctimonialibus,

2046 1147 2306 1204 quarum
2358 1133 2474 1190 illic
2526 1149 2650 1190 non
2695 1133 2936 1191 modica
2987 1137 3372 1206 congregatio
3419 1137 3699 1208 degebat,

2047 1220 2354 1288 omnibus,
2399 1225 2457 1278 et
2501 1221 2729 1277 cunctis
2758 1222 3096 1290 masculini,
3144 1239 3326 1279 sexus
3369 1223 3595 1280 clericis
3644 1226 3704 1280 et

2046 1307 2236 1381 laicis,
2266 1314 2620 1383 vastataque
2671 1303 2841 1382 urbe,
2885 1311 3199 1368 thesauros
3237 1328 3481 1385 quoque
3522 1312 3704 1368 eccle-

2050 1397 2276 1454 siarum
2333 1400 2544 1457 Christi
2593 1416 2799 1456 secum
2842 1401 3251 1458 universaliter
3296 1405 3702 1474 asportarunt.

2048 1486 2227 1556 Igitur
2280 1487 2606 1559 imperator
2643 1489 2722 1545 ad
2757 1488 3047 1560 placitum
3093 1507 3269 1546 suum
3300 1491 3595 1560 generale,
3623 1491 3701 1546 si-

2047 1579 2146 1631 cut
2197 1575 2562 1644 condixerat,
2619 1577 2922 1633 mediante
2966 1581 3238 1648 Augusto
3281 1579 3344 1634 in
3403 1579 3702 1637 Carisiaco

1967 1678 2008 1733 Β
2045 1665 2350 1737 pervenit;
2383 1681 2507 1738 quo
2554 1665 2808 1739 Pippino
2851 1667 3117 1739 paternis
3162 1667 3473 1741 obsequiis
3522 1668 3702 1725 assis-

2045 1758 2203 1811 tente
2227 1760 2408 1828 atque
2437 1755 2693 1824 favente,
2721 1755 2887 1812 fratri
2916 1757 3150 1825 Carolo,
3176 1762 3318 1814 tunc
3343 1758 3582 1828 cingulo
3610 1759 3703 1814 in-

2046 1843 2284 1914 signito,
2315 1859 2456 1916 pars
2484 1845 2754 1901 Niustrite
2775 1844 2854 1901 ad
2877 1859 3146 1916 praesens
3165 1845 3308 1902 data
3327 1847 3703 1916 est,ducatus

2045 1932 2316 1988 videlicet
2346 1935 2843 2003 Cenomannicus,
2893 1933 3212 2006 omnisque
3257 1935 3524 1991 occiduas
3573 1935 3704 1992 Gal-

2046 2020 2141 2076 lias
2161 2038 2267 2078 ora
2287 2023 2443 2079 intra
2465 2023 2716 2093 Ligerim
2736 2028 2792 2079 et
2816 2026 3160 2096 Sequanam
3181 2025 3704 2082 constituta.Abso-

2045 2109 2290 2183 lutoque
2335 2117 2649 2182 conventu,
2696 2113 2822 2185 ipse
2870 2112 3157 2169 orationis
3205 2113 3396 2184 gratia
3441 2114 3700 2170 Parisius

2048 2203 2512 2274 sanctorumque
2567 2206 2902 2274 martyrum
2956 2201 3234 2258 basilicas
3281 2203 3511 2259 curavit
3555 2202 3703 2258 invi-

2048 2304 2196 2345 sere.
2247 2289 2598 2362 Directoque
2638 2289 2847 2346 Carolo
2884 2290 2946 2346 in
2975 2294 3176 2362 partes
3206 2290 3700 2360 Cenomannicas,

2046 2375 2174 2448 ipse
2211 2377 2272 2432 in
2322 2379 2558 2446 Vei‘an,
2604 2378 2974 2451 Compendio
3015 2379 3344 2451 ceterisque
3390 2379 3702 2436 circumia-

2048 2464 2321 2520 centibus
2361 2465 2508 2522 locis
2549 2466 2853 2522 venationi
2891 2467 3170 2535 congruis
3208 2466 3424 2523 stativa
3465 2466 3698 2535 habuit,

2049 2555 2228 2624 atque
2284 2553 2569 2609 invitante
2613 2556 2881 2624 Hugone,
2926 2554 3106 2609 fratre
3144 2558 3200 2610 et
3242 2553 3403 2609 beati
3439 2553 3702 2617 Quintini

2047 2641 2329 2712 martyris
2348 2642 2695 2698 monasterii
2723 2642 2960 2705 abbate,
2985 2641 3253 2697 eiusdem
3279 2642 3559 2714 martyris
3588 2641 3703 2697 fes-

2048 2730 2268 2786 tivitate
2312 2730 2640 2786 honoriﬁce
2688 2729 3078 2802 alacriterque
3108 2730 3427 2796 celebrata,
3459 2730 3701 2788 Attinia-

2047 2836 2188 2876 cum
2235 2820 2609 2893 perveniens,
2672 2819 2949 2877 Carolum
3006 2819 3355 2876 redeuntem
3414 2821 3697 2893 suscepit.

2051 2909 2160 2965 Ubi
2205 2909 2386 2965 etiam
2423 2908 2591 2963 missi
2639 2907 2858 2963 Horich
2904 2907 3224 2975 venientes,
3268 2909 3600 2979 piratarum
3637 2910 3700 2965 in

2046 3001 2283 3054 nostros
2311 2998 2461 3052 ﬁnes
2482 2995 2715 3052 dudum
2739 2995 3094 3051 irruentium
3125 2996 3423 3053 maximos
3453 3013 3490 3054 a
3518 3014 3580 3054 se
3619 2999 3698 3054 ob

2047 3087 2422 3160 imperatoris
2436 3085 2782 3142 ﬁdelitatem
2802 3089 3010 3157 captos
3029 3089 3210 3157 atque
3234 3085 3486 3143 interﬁci
3499 3088 3697 3144 iussos

2046 3175 2390 3244 retulerunt,
2445 3177 2713 3247 petentes
2767 3173 3014 3245 insuper
3069 3173 3181 3229 sibi
3226 3173 3357 3230 dari
3405 3175 3700 3232 Frisianos

2048 3270 2227 3337 atque
2256 3263 2600 3320 Abodritos.
2632 3262 2812 3334 Cujus
2841 3261 3065 3334 petitio,
3096 3267 3326 3334 quanto
3355 3263 3702 3338 imperatori

2045 3355 2329 3410 indecens
2383 3353 2506 3410 sive
2561 3353 2894 3422 incongrua
2949 3351 3080 3408 visa
3135 3357 3244 3421 est,
3305 3357 3470 3411 tanto
3524 3355 3700 3410 vilius

2049 3447 2249 3515 spreta
2276 3446 2333 3499 et
2356 3458 2466 3516 pro
2495 3441 2680 3498 nihilo
2706 3440 2888 3497 ducta
2917 3444 3024 3498 est.
3058 3443 3273 3497 Verum
3313 3442 3547 3514 pridem
3590 3443 3702 3500 im-

2047 3536 2320 3604 peratore
2351 3531 2409 3586 in
2440 3546 2621 3588 verno
2662 3529 3043 3586 venationem
3071 3535 3399 3599 exercente,
3448 3531 3702 3602 Adalga-

2048 3623 2172 3677 rius
2199 3626 2256 3678 et
2283 3621 2447 3692 Egilo
2472 3636 2694 3688 comes,
2728 3619 2808 3676 ad
2836 3619 3154 3675 Abodritos
3185 3625 3242 3676 et
3266 3620 3476 3677 Wilzos
3516 3638 3552 3677 a
3580 3622 3700 3679 ﬁde

2050 3710 2394 3767 deﬁcientes
2434 3710 2669 3766 dudum
2716 3709 2940 3776 directi,
2973 3710 3193 3766 reversi
3238 3715 3394 3779 sunt,
3427 3711 3702 3768 adductis

2051 3817 2254 3856 secum
2309 3799 2624 3854 obsidibus
2681 3797 3025 3869 imperatori
3090 3797 3374 3871 deinceps
3430 3800 3703 3857 subditos

2051 3888 2177 3945 fore
2223 3887 2587 3943 nuntiantes.
2646 3887 2976 3956 Imperator
3026 3900 3166 3940 vero
3223 3891 3483 3958 caaptum
3533 3904 3704 3960 pera-

2054 3992 2200 4048 gens
2231 3975 2358 4046 iter,
2390 3975 2469 4032 ad
2498 3971 2950 4030 Franconofurd
2977 3972 3287 4029 hiemandi
3335 3975 3526 4045 gratia
3561 3993 3702 4049 pro-

2055 4067 2245 4122 fectus
2276 4067 2382 4121 est.
2412 4062 2702 4136 Eclipsin"
2735 4061 2882 4117 luna
2909 4061 3358 4134 quintadecima
3377 4064 3578 4121 medio
3596 4080 3704 4123 no-

283 4237 480 4315 ljfeqm
510 4240 1006 4315 coniecturamse
1034 4238 1224 4315 ipsam
1250 4237 1640 4315 defensuram
1665 4238 2060 4315 e_s_se_cm_zﬁdo.
2092 4237 2307 4315 Caesa.
2340 4240 2395 4291 et
2415 4235 2850 4315 Bozfg._legunt
2877 4231 3086 4315 Moilla,
3104 4235 3444 4315 Ettraham,
3460 4237 3699 4315 Melant,

284 4309 577 4366 Nithardi
607 4310 859 4366 historia
893 4309 992 4365 lib.
1023 4305 1074 4364 1—.
1103 4325 1234 4379 cap.
1265 4305 1329 4364 6.’
1353 4307 1565 4380 Moilla.
1599 4307 1748 4376 Halt,
1779 4305 2290 4380 Trahammolant,
2322 4307 2481 4380 quod
2520 4307 2790 4380 Yaleziys
2825 4305 3075 4380 corrigit
3104 4305 3315 4374 Moilla,
3343 4305 3702 4380 Hattuarias,

288 4381 688 4437 Hammolant.
771 4383 786 4416 ¹
820 4381 980 4437 deest
1025 4380 1134 4436 Ch.
1175 4375 1189 4379 ⁷
1212 4383 1233 4415 ²
1266 4379 1551 4435 Lodicum
1598 4375 1740 4435 Ch.’
1787 4381 1809 4413 ³
1840 4379 2142 4448 Expetisse
2190 4375 2295 4436 Ch.
2330 4375 2348 4378 “
2375 4379 2395 4413 ⁴
2422 4377 2778 4436 Ebdomada
2819 4375 2928 4432 (1h.
2992 4375 3027 4410 ⁷⁵
3053 4379 3403 4448 Pyratarum
3449 4380 3582 4444 σιμ,
3615 4375 3703 4437 ξιά

287 4453 536 4520 pluries.
614 4455 635 4488 ⁶
667 4451 959 4510 Lodoicus
991 4452 1099 4508 Ch.
1179 4453 1197 4486 ⁷
1233 4450 1512 4524 Eclypsin
1545 4449 1758 4508 Chesn.
1790 4449 2050 4510 scribere
2076 4451 2244 4508 solet.

289 4641 347 4695 et
378 4637 935 4717 Schengenschantz
965 4637 1281 4717 hodieque
1329 4636 1818 4717 vicusuluillingen
1849 4552 2306 4717 ρξρέξῇξρτὶοιχ
2320 4637 2523 4717 adhuc
2553 4639 2772 4695 saeculo
2801 4641 3076 4712 proxime
3105 4643 3316 4717 elapso
3362 4645 3527 4716 Pays
3573 4646 3704 4704 Ble-

290 4712 509 4783 currit;
537 4708 677 4783 pagi
707 4714 912 4774 Batua,
962 4708 1346 4767 Hammolant
1390 4712 1447 4764 et
1488 4710 1767 4779 Mosagao
1799 4709 1942 4766 satis

287 4782 433 4838 noti.

359 4863 385 4887 ⁸
411 4855 500 4927 De
520 4857 585 4910 ut
614 4871 798 4927 supra
821 4869 956 4927 per,
971 4853 1134 4927 idem
1180 4868 1249 4908 ac
1279 4851 1417 4908 inde
1438 4866 1474 4908 a
1499 4868 1519 4927 ;_
1531 4866 1691 4927 nam
1730 4867 1942 4927 omnes

287 4924 433 4996 pagi
465 4925 597 4996 jam
636 4922 984 4982 re'censendi
1026 4929 1194 4981 extra
1241 4922 1650 4994 Burgundiam
1692 4923 1942 4996 eiusque

287 4997 353 5050 in
378 4996 719 5052 conﬁnibus
744 4997 1015 5053 collocati
1041 5000 1230 5052 erant.

360 5067 390 5107 δ
417 5068 506 5122 Ad
537 5067 730 5124 fontes
760 5068 1013 5124 Odornae
1035 5068 1153 5123 sive
1185 5069 1379 5136 Ornaa,
1403 5082 1540 5138 quae
1564 5065 1720 5122 infra
1749 5067 1944 5137 Vztry-

293 5139 685 5211 le-Frangazﬁ's
701 5138 1264 5211 matronam‘inﬂuit,
1287 5140 1449 5211 Pa-y_s
1471 5138 1764 5211 d’Ornois.

362 5208 612 5280 °7Pagus
630 5210 726 5265 hic
751 5210 903 5265 inter
921 5208 1261 5265 Tullensem
1291 5213 1347 5264 et
1371 5208 1704 5280 Blesensem
1721 5209 1783 5263 in
1806 5211 1945 5264 Bas-

290 5279 522 5337 siniaco
552 5281 700 5338 situs
729 5280 941 5348 fuerit;
969 5296 1113 5337 nam
1139 5295 1352 5336 vocem
1391 5279 1471 5334 ab
1497 5279 1772 5350 imperito
1801 5294 1948 5350 quo-

287 5351 437 5407 dam
476 5352 776 5409 intrusam
821 5367 976 5417 esse,
1026 5351 1204 5422 statui
1248 5350 1475 5422 nequit,
1521 5349 1688 5421 quod
1725 5349 1862 5404 eam
1891 5353 1947 5405 et

292 5423 690 5501 Nithardus‘lz
722 5425 765 5479 Ι.
795 5439 848 5480 c.
879 5428 929 5479 6.
963 5421 1252 5501 agnosgit.
1347 5421 1361 5422 ί
1637 5489 1653 5501 ,
1702 5489 1731 5501 ,_
1825 5490 1836 5501 ,

366 5493 394 5533 ει
422 5499 577 5552 Inter
607 5489 1028 5551 Odornensem'
1064 5497 1120 5549 et
1163 5495 1536 5560 Barrensem,
1580 5489 1659 5547 ad
1695 5489 1946 5547 ﬂuvium

291 5565 498 5639 qtoise
543 5567 648 5639 qui
668 5569 1026 5639 Matronam
1051 5563 1372 5639 inﬂuit,_in_
1410 5578 1532 5635 quo
1563 5577 1616 5639 e_.
1648 5577 1704 5639 g.
1740 5565 1946 5637 Blesy,

291 5633 898 5704 Blaz’ze-lé—Chdteau,
947 5635 1398 5706 Blezy-au-Bois
1422 5633 1449 5704 ξ
1465 5633 1611 5707 pagi
1637 5635 1766 5705 ejus
1806 5633 1950 5708 pars

2051 4710 2169 4765 suis
2191 4708 2495 4764 audiebat.

2123 4789 2144 4862 ξ)
2170 4780 2260 4862 nd
2285 4781 2645 4862 M‘atronam,
2674 4781 2737 4838 in
2766 4798 2908 4857 quo,
2933 4800 2985 4842 e.
3017 4787 3296 4858 g.Pertes
3316 4789 3474 4845 infra
3504 4790 3704 4848 Saint-

2051 4853 2268 4918 Dizier,
2301 4855 2358 4906 et
2383 4853 2658 4908 Pontion.

2123 4923 2143 4958 ί
2166 4927 2234 5004 In
2261 4922 2970 5004 quibus‘Bar-szir-Sez'ne
2995 4935 3054 5004 Aet
3083 4931 3560 4992 Bar-sur-Aube.

2124 5007 2148 5073 ς
2177 4995 2364 5073 Circa,
2386 4995 2668 5073 Bg‘z'erme,
2700 4999 2938 5073 Tro-ges,
2965 5002 3261 5073 Auxerre,
3283 5006 3452 5063 Sens.

2122 5063 2144 5094 ¹¹
2172 5067 2255 5122 Le
2283 5067 2578 5148 Gastinojs
2603 5085 2622 5148 ;‘
2647 5063 2840 5148 quod'
2862 5063 3070 5142 pestea
3115 5079 3172 5148 et
3212 5063 3441 5148 pagum
3484 5080 3704 5137 Milidu-

2053 5152 2304 5218 nensem
2322 5137 2883 5218 complectebatur}
2919 5159 3116 5218 pagus
3143 5137 3704 5207 intervAurelianem

2054 5224 2202 5291 sem,
2224 5208 2825 5291 Antissio’dorensem,
2851 5208 3234 5291 Senonicum,
3250 5220 3702 5277 Mih‘dunensem

2054 5285 2112 5336 et
2130 5281 2558 5352 Stampensem
2583 5281 2726 5337 situs
2748 5281 2893 5341 erat.

2127 5351 2356 5428 ‘_Circa,
2379 5352 2610 5428 Melan,
2637 5353 2940 5428 thmpes,
2974 5359 3280 5428 Chartres,
3310 5362 3508 5418 Paris.

2127 5425 2416 5499 jVernum
2446 5423 2615 5499 locus
2637 5429 2724 5482 est
2744 5423 2860 5483 Vér
2879 5423 3092 5499 dictus,
3116 5423 3414 5499 Crispiaco
3444 5438 3500 5490 et
3531 5434 3700 5491 Silvze

2057 5509 2130 5578 ac
2159 5498 2337 5578 [sarriri
2359 5494 2770 5578 propinquus._
2791 5503 2858 5578 Et
2876 5507 3030 5578 certe
3056 5494 3118 5578 in
3145 5494 3357 5578 iisdem
3383 5507 3702 5578 annalibus

2056 5564 2135 5648 ad
2159 5579 2214 5619 a.
2237 5564 2549 5648 877.;Verni
2566 5564 2714 5626 situs
2734 5571 3082 5648 designatur
3099 5572 3249 5648 inter
3265 5575 3704 5648 Compendium

2055 5639 2113 5691 et
2139 5637 2573 5695 monasterium
2604 5642 2796 5702 sancti
2819 5637 3100 5714 Dionysii.
3134 5644 3307 5708 Bovo.
