4160 6186
264 98 400 152 1385

1796 89 2137 146 ANNALES.

3547 105 3688 162 1386

265 215 496 273 animos
525 229 737 272 eorum
768 216 1282 283 terruerat;cuius
1309 216 1522 273 seriem
1541 216 1787 274 visionis
1809 215 1915 270 im-
1942 218 1989 268 Α
2097 214 2395 270 Venerunt
2441 215 2620 273 etiam
2663 215 2842 287 legati
2887 217 3228 274 Graecorum
3273 233 3310 276 a
3359 220 3684 297 Theophilo

262 303 518 377 peratori
547 303 779 359 mittere
812 303 1058 368 studuit,
1079 303 1400 361 habentem
1430 306 1589 361 hunc
1621 305 1869 361 modum
1897 322 1910 359 :

274 394 425 449 Visio
468 392 778 450 cuiusdam
823 393 1094 462 religiosi
1124 394 1468 464 presbyteri
1493 395 1566 451 de
1605 400 1767 452 terra
1792 394 1915 450 An-

259 485 493 554 glorum
522 498 654 554 qua
676 488 811 553 post
837 483 1119 539 Natalem
1168 485 1411 540 Domini
1437 487 1690 555 ei.rapto
1720 501 1756 541 a
1782 500 1914 541 cor-

257 588 400 644 pore
428 579 662 630 ostensa
692 578 798 630 est.

329 685 358 712 ‹‹
392 661 666 728 Quadam
697 665 873 717 nocte
903 677 1042 717 cum
1075 660 1234 718 idem
1261 661 1573 734 religiosus
1603 663 1914 736 presbyter

257 750 561 822 dormiret,
592 749 845 824 quidam
874 750 1057 806 homo
1085 750 1160 806 ad
1189 767 1326 807 eum
1358 752 1536 820 venit,
1561 752 1914 825 praecipiens

256 839 337 894 illi
366 843 428 894 ut
460 856 598 896 eum
630 843 998 912 sequeretur.
1025 842 1186 894 Tunc
1230 839 1324 896 ille
1371 855 1644 913 surgens,
1676 845 1914 897 secutus

255 934 343 985 est
363 945 502 984 eum
527 947 540 998 ;
568 928 782 985 ductor
812 943 955 984 vero
1001 928 1158 984 illius
1207 929 1379 986 duxit
1409 946 1546 986 eum
1579 930 1658 987 ad
1690 936 1906 987 terram

255 1017 368 1073 sibi
395 1016 685 1087 ignotam,
703 1017 805 1073 ubi
833 1017 1002 1073 varia
1031 1022 1088 1074 et
1112 1018 1263 1074 mira
1291 1019 1544 1076 aediﬁcia
1574 1023 1915 1076 constructa

253 1106 418 1178 vidit,
450 1107 601 1164 inter
646 1123 785 1180 qua
834 1106 1089 1163 ecclesia
1139 1106 1297 1164 facta
1344 1112 1488 1176 erat,
1515 1108 1576 1165 in
1601 1125 1788 1182 quam
1818 1108 1913 1165 ille

253 1197 310 1251 et
355 1197 371 1231 ¹
434 1195 647 1252 ductor
695 1195 824 1252 eius
872 1195 1155 1264 introivit,
1215 1196 1563 1270 ibidemque
1617 1196 1912 1270 plurimos

254 1298 474 1355 pueros
525 1284 790 1355 legentes
840 1283 1006 1340 vidit.
1041 1285 1311 1358 Cumque
1359 1286 1672 1342 ductorem
1732 1302 1909 1342 suum

255 1370 662 1442 interrogaret,
693 1388 771 1429 an
819 1371 1118 1445 inquirere
1161 1373 1411 1430 auderet
1459 1375 1710 1447 quinam
1740 1368 1910 1447 pueri

250 1462 466 1525 essent,
499 1460 809 1532 respondit
835 1459 889 1515 ei
923 1476 936 1514 :
975 1463 1276 1530 Interroga
1307 1461 1470 1534 quod
1505 1462 1612 1526 vis,
1649 1466 1705 1518 et
1723 1461 1910 1517 liben-

2023 301 2380 374 imperatore
2424 304 2650 375 directi,
2692 305 3064 363 Theodosius
3101 313 3120 336 ⁸
3147 307 3438 376 videlicet,
3489 313 3686 371 Calce-

2023 388 2310 447 donensis
2357 393 2858 467 metropolitanus
2911 394 3254 468 episcopus,
3286 401 3344 453 et
3371 399 3682 474 Theopha-

2021 478 2158 534 nius
2199 481 2558 553 spatharius,
2606 482 2862 540 ferentes
2908 499 3047 540 cum
3096 483 3272 542 donis
3318 485 3681 560 imperatore

2019 566 2220 636 dignis
2251 569 2603 642 epistolam;
2642 587 2797 645 quos
2824 572 3151 646 imperator
3198 573 3408 648 quinto
3439 577 3680 638 decimo

2019 655 2321 714 Kalendas
2342 659 2490 715 Iunii
2513 659 2577 716 in
2606 661 3020 732 lngulenheim
3046 663 3374 722 honoriﬁce
3398 669 3680 743 suscepit.

2020 745 2288 810 Quorum
2317 746 2534 818 legatio
2565 766 2744 823 super
2773 751 3230 810 conﬁrmatione
3251 755 3411 826 pacti
3431 761 3488 813 et
3514 759 3683 830 pacis

2021 838 2200 906 atque
2262 842 2566 910 perpetua
2633 840 2784 896 inter
2857 847 3182 916 utrumque
3257 843 3684 918 imperatorem

2019 923 2191 996 eique
2223 925 2492 982 subditos
2525 929 2800 986 amicitia
2827 935 2884 987 et
2926 931 3232 989 charitatis
3277 934 3515 1005 agebat,
3546 953 3682 994 nec-

2017 1027 2140 1068 non
2169 1013 2244 1070 de
2274 1013 2552 1088 victoriis,
2597 1033 2750 1091 quas
2793 1018 3084 1076 adversus
3139 1025 3370 1078 exteras
3400 1023 3681 1084 bellando

2018 1104 2223 1170 gentes
2249 1101 2478 1159 coalitus
2510 1104 2703 1163 fuerat
2744 1113 3084 1178 assecutus,
3119 1111 3472 1182 gratiﬁcatio
3519 1118 3577 1171 et
3617 1115 3683 1172 in

2018 1190 2270 1248 Domino
2310 1193 2622 1251 exsultatio
2665 1195 3004 1268 ferebatur;
3037 1198 3100 1254 in
3143 1200 3366 1272 quibus
3420 1203 3681 1277 impera-

2016 1282 2208 1335 torem
2239 1281 2471 1365 sibique
2498 1283 2798 1342 subiectos
2829 1287 3225 1345 amicabiliter
3269 1289 3464 1348 datori
3495 1292 3680 1350 victo-

2015 1367 2242 1425 riarum
2286 1372 2561 1428 omnium
2615 1376 2838 1444 gratias
2893 1377 3110 1434 referre
3170 1382 3464 1453 poposcit.
3527 1383 3680 1441 Misit

2017 1457 2198 1513 etiam
2247 1474 2387 1516 cum
2434 1460 2520 1516 eis
2566 1463 2895 1534 quosdam,
2925 1465 3031 1537 qui
3081 1481 3164 1534 se,
3195 1467 3258 1523 id
3303 1473 3391 1526 est
3438 1476 3680 1541 gentem

249 1549 336 1602 ter
358 1547 461 1604 tibi
490 1547 794 1606 indicabo.
829 1551 893 1604 Et
932 1564 1072 1604 cum
1103 1549 1180 1605 ad
1207 1549 1338 1606 illos
1368 1550 1905 1624 appropinquaret,
1936 1565 1982 1620 Β
2018 1562 2218 1612 suam,
2245 1548 2403 1604 Rhos
2433 1548 2462 1588 ιι
2488 1550 2690 1607 vocari
2738 1551 3041 1625 dicebant,
3064 1570 3221 1627 quos
3263 1571 3368 1613 rex
3414 1556 3678 1632 illorum,

248 1639 312 1691 ut
356 1637 579 1694 videret
621 1637 788 1711 quod
831 1637 1116 1711 legerent,
1147 1640 1419 1712 perpexit
1462 1639 1647 1696 libros
1695 1655 1906 1696 eorum

246 1739 372 1780 non
397 1726 593 1784 solum
640 1727 825 1798 nigris
851 1727 1078 1795 litteris,
1109 1744 1321 1785 verum
1349 1729 1528 1786 etiam
1557 1729 1904 1799 sanguineis

245 1829 373 1870 esse
411 1815 763 1890 descriptos,
796 1817 878 1874 ita
926 1817 1218 1888 videlicet,
1249 1823 1316 1874 ut
1363 1834 1489 1876 una
1522 1819 1680 1876 linea
1721 1818 1907 1889 nigris

244 1908 402 1960 esset
428 1903 639 1961 litteris
667 1905 985 1979 descripta,
1020 1910 1078 1963 et
1107 1907 1293 1964 altera
1334 1907 1701 1977 sanguineis.
1732 1909 1904 1964 Cum-

241 2006 359 2063 que
416 1992 904 2065 interrogassem,
938 2010 1044 2052 cur
1068 1994 1203 2054 libri
1243 1995 1325 2052 illi
1357 1995 1704 2068 sanguineis
1730 1995 1903 2052 lineis

239 2079 524 2154 descripti
571 2088 788 2147 essent,
833 2083 1142 2156 respondit
1192 2084 1406 2142 ductor
1451 2101 1665 2142 meus:
1712 2085 1902 2143 Linea

238 2169 612 2239 sanguinea,
641 2187 793 2243 quas
826 2171 888 2228 in
931 2172 1058 2229 istis
1104 2172 1271 2229 libris
1319 2173 1637 2246 conspicis,
1669 2173 1903 2230 diversa

238 2259 562 2316 hominum
609 2261 1070 2319 christianorum
1126 2267 1373 2336 peccata
1426 2268 1584 2328 sunt,
1633 2263 1778 2337 quia
1830 2280 1902 2320 ea

240 2364 378 2422 qua
408 2351 472 2408 in
517 2351 684 2408 libris
711 2351 927 2408 divinis
975 2352 1088 2408 illis
1117 2358 1418 2427 pracepta
1448 2358 1506 2411 et
1530 2354 1697 2410 iussa
1737 2360 1898 2422 sunt,

238 2439 490 2497 minime
540 2440 735 2497 facere
783 2445 840 2498 et
891 2441 1220 2514 adimplere
1276 2442 1503 2499 volunt.
1537 2443 1710 2499 Pueri
1759 2458 1902 2500 vero

237 2527 356 2597 isti,
414 2529 522 2602 qui
567 2530 665 2586 hic
713 2530 890 2604 quasi
945 2531 1204 2602 legendo
1261 2531 1625 2603 discurrunt,
1683 2532 1901 2588 anima

237 2621 381 2675 sunt
419 2622 790 2689 sanctorum,
821 2637 960 2694 qua
989 2620 1256 2694 quotidie
1283 2637 1394 2694 pro
1439 2621 1899 2678 christianorum

234 2708 504 2781 peccatis
552 2714 610 2766 et
650 2709 1018 2767 facinoribus
1066 2710 1403 2784 deplorant,
1435 2716 1493 2768 et
1533 2727 1643 2784 pro
1673 2711 1786 2766 illis
1816 2709 1902 2766 in-

234 2797 568 2869 tercedunt,
600 2803 665 2856 ut
690 2799 934 2856 tandem
964 2800 1293 2873 aliquando
1353 2799 1433 2854 ad
1487 2799 1900 2872 paenitentiam

233 2891 662 2944 convertantur
691 2906 704 2956 ;
737 2891 795 2944 et
817 2887 932 2943 nisi
959 2886 1086 2942 ista
1133 2887 1352 2943 anima
1399 2892 1746 2944 sanctorum
1776 2892 1898 2944 tam

231 2975 580 3032 incessante
632 2991 772 3032 cum
829 2975 972 3032 ﬂetu
1029 2975 1109 3032 ad
1154 2977 1340 3032 Deum
1391 2975 1740 3043 clamarent,
1772 2976 1897 3032 iam

232 3063 618 3138 aliquatenus
645 3064 782 3120 ﬁnis
809 3069 1112 3122 tantorum
1153 3064 1455 3121 malorum
1481 3065 1540 3120 in
1572 3065 1897 3122 christiano

231 3153 467 3227 populo
499 3156 674 3210 esset.
707 3154 1076 3222 Recordaris,
1109 3155 1255 3227 quia
1280 3169 1441 3211 anno
1471 3155 1754 3227 prasenti
1781 3155 1898 3211 fru-

231 3257 340 3313 ges
365 3257 492 3298 non
519 3242 719 3298 solum
742 3242 804 3298 in
834 3246 1012 3314 terra,
1035 3259 1244 3300 verum
1270 3243 1455 3299 etiam
1487 3243 1548 3299 in
1578 3243 1896 3299 arboribus

231 3336 291 3388 et
333 3331 559 3388 vitibus
609 3331 990 3390 abundanter
1018 3337 1277 3390 ostensa
1313 3337 1470 3401 sunt,
1520 3333 1625 3390 sed
1655 3337 1898 3407 propter

228 3426 485 3496 peccata
537 3421 854 3479 hominum
901 3423 1170 3480 maxima
1216 3439 1360 3497 pars
1413 3422 1654 3479 illarum
1701 3423 1894 3496 periit,

229 3527 369 3584 qua
419 3510 500 3569 ad
547 3528 725 3568 usum
783 3515 964 3585 atque
1020 3512 1332 3570 utilitatem
1389 3511 1724 3570 humanam
1771 3527 1896 3569 non

228 3599 542 3672 pervenit;
575 3600 739 3674 quod
769 3601 818 3657 si
848 3601 963 3658 cito
986 3601 1265 3659 homines
1292 3601 1595 3659 christiani
1615 3601 1689 3658 de
1715 3601 1896 3658 variis

226 3688 390 3746 vitiis
439 3692 497 3744 et
525 3689 890 3746 facinoribus
933 3706 1145 3747 eorum
1184 3706 1310 3748 non
1359 3690 1586 3762 egerint
1607 3690 1897 3763 paniten-

226 3777 400 3846 tiam,
431 3781 489 3834 et
517 3777 679 3834 diem
725 3778 1100 3836 dominicum
1129 3779 1343 3836 melius
1384 3784 1442 3836 et
1479 3778 1894 3836 honorabilius

225 3881 358 3922 non
403 3865 852 3924 observaverint
877 3869 920 3936 ³,
948 3868 1064 3925 cito
1111 3885 1292 3942 super
1333 3885 1436 3927 eos
1470 3869 1807 3926 maximum
1837 3873 1894 3925 et

221 3952 604 4012 intolerabile
633 3954 967 4028 periculum
992 3957 1225 4023 veniet;
1256 3957 1533 4015 videlicet
1560 3956 1750 4014 tribus
1770 3957 1891 4013 die-

220 4041 342 4099 bus
370 4045 430 4100 et
456 4041 734 4098 noctibus
765 4058 948 4116 super
976 4048 1196 4101 terram
1224 4044 1464 4102 illorum
1489 4043 1712 4102 nebula
1737 4043 1890 4116 spis-

223 4129 472 4187 sissima
519 4129 912 4204 expandetur,
965 4135 1022 4188 et
1077 4132 1278 4189 statim
1329 4133 1609 4190 homines
1663 4131 1888 4206 pagani

221 4234 364 4276 cum
397 4219 703 4276 immensa
727 4219 1108 4278 multitudine
1133 4221 1385 4279 navium
1415 4239 1596 4297 super
1623 4222 1758 4279 illos
1787 4238 1885 4279 ve-

2016 1635 2330 1693 Chacanus
2359 1639 2678 1710 vocabulo,
2707 1641 2786 1697 ad
2827 1657 2891 1698 se
2935 1643 3231 1715 amicitia,
3273 1645 3426 1703 sicut
3455 1663 3680 1706 assere-

2011 1722 2181 1793 bant,
2201 1741 2386 1782 causa
2406 1725 2722 1799 direxerat,
2748 1733 2957 1801 petens
2977 1745 3086 1802 per
3105 1737 3504 1792 memoratam
3523 1737 3679 1809 epis-

2012 1813 2221 1885 tolam,
2247 1819 2547 1887 quatenus
2574 1816 2944 1888 benignitate
2971 1820 3350 1892 imperatoris
3379 1822 3674 1881 redeundi

2009 1901 2356 1959 facultatem
2406 1908 2586 1977 atque
2629 1905 2921 1962 auxilium
2968 1924 3076 1980 per
3127 1909 3446 1982 imperium
3493 1929 3675 1970 suum

2011 1994 2200 2047 totum
2220 1991 2443 2048 habere
2465 1998 2730 2067 possent,
2751 1996 3044 2068 quoniam
3062 1996 3278 2056 itinera
3297 2015 3404 2072 per
3425 2017 3562 2074 qua
3591 2001 3673 2059 ad

2008 2078 2178 2136 illum
2227 2082 2807 2156 Constantinopolim
2850 2090 3156 2156 venerant,
3195 2087 3348 2144 inter
3375 2088 3672 2148 barbaras

2009 2173 2065 2225 et
2084 2169 2284 2226 nimia
2317 2170 2560 2228 feritatis
2583 2178 2790 2243 gentes
2813 2173 3287 2233 immanissimas
3307 2177 3669 2252 habuerant,

2008 2257 2232 2330 quibus
2263 2275 2386 2329 eos,
2421 2276 2495 2317 ne
2535 2260 2685 2318 forte
2732 2263 3067 2336 periculum
3096 2265 3446 2333 inciderent,
3477 2267 3670 2325 redire

2006 2345 2218 2404 noluit.
2247 2350 2514 2414 Quorum
2559 2350 2852 2408 adventus
2898 2369 3148 2410 causam
3190 2355 3517 2429 imperator
3539 2357 3670 2414 dili-

2009 2435 2244 2504 gentius
2268 2435 2658 2509 investigans,
2683 2440 2975 2512 comperit
2997 2457 3101 2499 eos
3121 2443 3313 2514 gentis
3332 2460 3462 2501 esse
3489 2447 3671 2503 Sueo-

2007 2538 2179 2591 num,
2227 2525 2634 2598 exploratores
2682 2529 2884 2601 potius
2929 2530 3102 2601 regni
3149 2531 3306 2588 illius
3357 2533 3668 2608 nostrique

2008 2628 2197 2685 quam
2237 2614 2512 2670 amicitia
2556 2615 2839 2688 petitores
2857 2623 3045 2691 ratus,
3066 2635 3252 2692 penes
3282 2635 3345 2678 se
3375 2637 3446 2679 eo
3476 2638 3670 2697 usque

2005 2702 2348 2759 retinendos
2378 2702 2683 2777 iudicavit,
2717 2705 2884 2779 quod
2905 2708 3194 2766 veraciter
3233 2709 3502 2768 invenire
3529 2727 3672 2786 pos-

2008 2793 2117 2861 set,
2146 2794 2349 2847 utrum
2395 2791 2646 2848 ﬁdeliter
2691 2809 2763 2850 eo
2804 2810 2994 2851 necne
3040 2797 3668 2872 pervenerint;idque

2005 2880 2330 2954 Theophilo
2359 2897 2466 2954 per
2491 2887 2856 2940 memoratos
2884 2883 3112 2956 legatos
3143 2901 3284 2942 suos
3313 2890 3492 2960 atque
3516 2888 3670 2960 epis-

2007 2968 2193 3026 tolam
2240 2969 2516 3028 intimare
2552 2986 2675 3028 non
2728 2971 2971 3043 distulit,
3019 2977 3077 3030 et
3119 2973 3286 3048 quod
3337 2991 3440 3032 eos
3503 2975 3664 3033 illius

2008 3074 2214 3115 amore
2241 3058 2493 3117 libenter
2520 3062 2868 3134 susceperit,
2897 3077 2968 3119 ac
2997 3063 3046 3118 si
3084 3063 3292 3121 ﬁdeles
3327 3064 3664 3124 inveniren-

2006 3151 2121 3217 tur,
2149 3152 2206 3203 et
2235 3148 2490 3206 facultas
2517 3151 2747 3224 absque
2773 3151 3010 3208 illorum
3033 3153 3300 3225 periculo
3321 3153 3382 3210 in
3402 3155 3663 3228 patriam

2005 3237 2314 3293 remeandi
2343 3237 2604 3308 daretur,
2635 3256 2774 3296 cum
2834 3241 3064 3299 auxilio
3098 3244 3529 3315 remittendos;
3569 3246 3664 3304 sin

2005 3325 2174 3397 alias,
2209 3343 2332 3384 una
2360 3345 2502 3386 cum
2531 3329 2732 3386 missis
2762 3331 2981 3387 nostris
3011 3331 3091 3388 ad
3121 3333 3248 3389 eius
3274 3335 3662 3406 praesentiam

2004 3414 2375 3488 dirigendos,
2406 3422 2471 3474 ut
2517 3417 2665 3492 quid
2714 3419 2788 3476 de
2818 3419 3038 3476 talibus
3069 3421 3199 3478 ﬁeri
3240 3421 3504 3494 deberet,
3531 3423 3662 3498 ipse

2003 3505 2383 3565 decernendo
2427 3508 2704 3566 efﬁceret.
2752 3509 2979 3576 Quibus
3025 3511 3302 3585 peractis,
3335 3513 3664 3588 imperator

2001 3594 2217 3656 urbem
2246 3597 2632 3667 Vangionum
2661 3598 2826 3657 iuxta
2877 3600 3218 3657 condictum
3249 3602 3421 3660 tertio
3451 3602 3663 3661 Kalen-

2003 3683 2114 3741 das
2152 3685 2302 3741 Iunii
2330 3687 2614 3758 pervenit,
2657 3686 2740 3742 ibi
2770 3689 3060 3760 susceptis
3089 3690 3478 3762 quibusdam,
3505 3709 3662 3766 quos

2001 3773 2081 3830 ad
2108 3773 2223 3830 hoc
2254 3775 2274 3808 ⁵
2309 3773 2643 3846 specialiter
2669 3789 2996 3846 properare
3025 3775 3304 3848 iusserat,
3354 3778 3658 3851 ﬁdelibus,

2002 3861 2342 3918 Lotharium
2373 3861 2564 3917 ﬁlium
2587 3877 2766 3918 suum
2797 3862 2876 3918 ab
2906 3861 3072 3920 Italia
3094 3863 3432 3920 venientem
3461 3871 3660 3938 pater-

1997 3966 2079 4008 no
2123 3949 2424 4024 suscipere
2472 3950 2690 4007 affectu
2732 3950 2981 4008 minime
3028 3951 3242 4009 renuit.
3277 3953 3408 4019 Quo
3451 3953 3658 4027 palam

1997 4039 2280 4098 omnibus
2326 4041 2404 4097 ad
2453 4039 2738 4112 genitoris
2784 4040 3040 4112 vestigia
3089 4042 3435 4117 suppliciter
3465 4044 3659 4118 proci-

1997 4130 2174 4188 dente
2204 4135 2259 4187 et
2285 4129 2726 4206 prateritorum
2751 4147 3107 4189 excessuum
3132 4131 3376 4190 veniam
3421 4133 3660 4192 humili-

1997 4224 2084 4278 ter
2128 4220 2490 4295 postulante,
2533 4220 2879 4294 imperator,
2937 4220 3354 4278 misericordia
3401 4239 3525 4296 qua
3573 4223 3660 4278 in-

219 4309 414 4379 nient,
444 4312 503 4365 et
546 4309 879 4367 maximam
925 4315 1158 4384 partem
1198 4312 1409 4387 populi
1437 4286 1692 4370 tat-terra
1736 4313 1886 4370 chri-
1915 4286 1961 4341 D
1997 4286 2386 4384 corporaliter
2415 4311 2437 4346 ⁶
2467 4286 2705 4384 semper
2751 4286 2942 4382 viguit
2985 4309 3199 4378 ﬂexus,
3249 4286 3552 4384 quidquid
3595 4309 3658 4366 in

220 4397 565 4454 stianorum
590 4415 729 4456 cum
758 4399 1042 4458 omnibus
1066 4418 1203 4475 qua
1222 4402 1539 4475 possident
1557 4403 1676 4473 igni
1705 4403 1885 4461 ferro-

217 4502 342 4560 que
374 4485 798 4546 devastabunt.
829 4489 944 4547 Sed
973 4494 1198 4557 tamen,
1223 4490 1272 4544 si
1302 4491 1501 4546 adhuc
1525 4507 1732 4547 veram
1763 4508 1887 4565 pa-

214 4576 539 4634 nitentiam
568 4594 746 4649 agere
792 4578 1024 4648 volunt,
1057 4581 1114 4635 et
1157 4581 1408 4650 peccata
1452 4579 1690 4636 illorum
1720 4579 1887 4638 iuxta

215 4669 598 4739 praceptum
629 4665 863 4724 Domini
889 4665 1113 4723 ieiunio
1134 4669 1191 4721 et
1215 4665 1484 4723 oratione
1513 4667 1712 4740 adque
1737 4669 1887 4726 elee-

213 4755 502 4830 mosynis
524 4758 547 4791 ³
578 4757 900 4814 emendare
931 4755 1268 4814 studuerint
1296 4758 1339 4829 ‘,
1373 4761 1514 4814 tunc
1530 4758 1642 4816 has
1671 4774 1886 4833 poenas

215 4849 274 4905 et
300 4844 580 4919 pericula
607 4862 716 4920 per
737 4845 1226 4904 intercessionem
1255 4849 1601 4905 sanctorum
1630 4847 1883 4906 evadere

211 4939 527 5010 poterunt.
569 4957 599 4986 »

1995 4416 2136 4456 eum
2161 4399 2635 4472 pracedentibus
2657 4399 2832 4455 annis
2862 4398 2990 4471 ipse
3023 4398 3236 4470 suique
3255 4397 3657 4470 deliquerant,

1993 4494 2248 4562 paterna
2275 4487 2641 4557 benignitate
2671 4487 2985 4555 concessit,
3018 4487 3102 4544 ita
3149 4490 3373 4555 tamen,
3417 4487 3465 4542 si
3495 4486 3660 4542 dein-

1994 4593 2136 4650 ceps
2181 4575 2331 4632 nihil
2374 4575 2665 4634 adversus
2693 4593 2831 4634 eum
2853 4575 3058 4650 pravis
3101 4574 3654 4632 machinationibus

1995 4666 2364 4724 molirentur.
2390 4670 2647 4723 Suorum
2668 4682 2912 4739 quoque
2952 4665 3294 4738 complures
3314 4680 3437 4722 non
3459 4664 3658 4722 solum

1991 4754 2476 4831 proprietatibus,
2517 4771 2728 4811 verum
2785 4755 2964 4812 etiam
3014 4753 3412 4811 beneﬁciariis
3471 4753 3660 4812 dona-

1991 4847 2076 4904 vit
2120 4844 2475 4913 honoribus,
2511 4843 2876 4917 insuperque
2925 4843 3322 4918 descriptione
3366 4843 3538 4916 regni
3566 4843 3660 4900 sui

1991 4933 2326 5009 aequalibus
2367 4948 2522 5007 pene
2565 4932 2842 5006 partibus
2889 4933 3167 4998 discreta,
3200 4933 3506 5008 optionem
3551 4933 3654 4998 illi,

1522 5029 1910 5087 VARIANTES
1949 5025 2352 5084 LECTIONES.

289 5116 308 5152 ί
351 5113 515 5172 deest
555 5113 691 5189 Qh_.__
722 5117 744 5152 ²
775 5115 1188 5189 honorabilius
1219 5116 1616 5176 observarint.
1666 5118 1776 5176 Ch.
1819 5119 1840 5153 ³
1879 5114 2243 5189 elemosynis
2283 5113 2393 5170 Ch.
2445 5113 2466 5148 ⁸
2507 5109 2863 5170 studuerunt
2901 5113 3011 5171 Ch.
3054 5114 3075 5149 ⁵
3115 5128 3270 5188 quos
3301 5114 3502 5172 adhuc
3543 5111 3655 5168 Ch.

214 5184 786 5260 incomparabiliter
803 5188 832 5244 ?

1815 5276 2044 5334 ΝΟΤιΕ.

291 5374 318 5400 ι
347 5363 723 5440 Theodosius
772 5365 1057 5440 patricius
1085 5371 1234 5433 erat,
1278 5382 1403 5423 non
1446 5367 1794 5440 episcopus,
1828 5372 1892 5423 ut
2001 5367 2187 5440 etiam
2212 5361 2576 5440 Curopalata
2607 5366 2663 5418 et
2693 5363 3015 5420 Cedrenus.
3047 5365 3221 5419 Bono.

219 5439 478 5517 testatur
503 5437 988 5566 chronogrﬂghia
1012 5438 1187 5508 jussu
1216 5437 1588 5495 Constantini
1627 5437 1888 5511 Porphy-

220 5509 480 5566 ronemti
530 5512 753 5566 scripta
887 5549 900 5564 .
949 5523 1033 5566 ιιι.
1084 5523 1254 5566 num.
1303 5513 1370 5566 37
1414 5528 1427 5566 :
1473 5508 1642 5566 quod
1669 5509 1888 5566 docent

823 5508 900 5566 ib.
949 5523 1033 5571 ιιι,
1084 5523 1254 5566 num.
1303 5513 1370 5566 37
1414 5528 1427 5566 :
1473 5508 1642 5583 quod
1669 5508 1888 5568 docent

220 5506 480 5575 rogeniti
530 5506 753 5582 scripta

623 5598 868 5654 PATROL.
913 5600 1064 5655 CXV.

2067 5438 2094 5477 b
2126 5435 2192 5490 Id
2210 5440 2300 5491 est
2329 5435 2524 5492 Russi.

3195 5593 3265 5647 44
