4160 6186
504 187 643 250 I387

1605 191 1662 244 S.
1693 191 2058 246 PRUDENTH
2090 183 2480 245 TRBOENSIS
2513 189 2821 245 EPISCOPI

3795 186 3929 243 1388

495 327 690 390 quam
732 328 942 370 earum
992 311 1213 381 mallet,
1245 311 1457 368 offerre
1499 323 1624 368 non
1653 311 2016 383 dedignatus
2047 315 2152 367 est.
2185 315 2232 368 A
2268 312 2446 368 nibus
2497 312 2844 385 potirentur.
2883 310 3402 382 Sacramentisque
3448 307 3845 366 multifariam
3896 328 3932 367 a

501 403 681 462 Cuius
729 401 1037 457 divisionis
1091 399 1348 457 formula
1377 402 1457 458 ita
1501 417 1562 456 se
1593 401 1850 458 habuit:
1891 404 2156 468 Quarum

501 493 685 550 altera
707 505 964 560 regnum
995 491 1172 547 Italiae
1193 496 1550 564 partemque
1582 491 1958 562 Burgundiae,
1986 491 2043 547 id
2069 499 2160 547 est

496 578 717 637 vallem
765 583 1187 652 Augustanam
1233 585 1273 652 ⁸,
1307 581 1658 636 comitatum
1710 581 2074 636 Valissorum
2107 580 2153 648 ι’,

496 669 851 726 comitatum
895 669 1270 726 Waldensem
1298 679 1322 706 ο
1352 685 1542 743 usque
1595 669 1674 726 ad
1705 685 1870 726 mare
1912 668 2156 725 Rhoda-

495 760 559 815 ni
585 759 611 795 ‘
642 775 712 816 ac
731 757 950 816 deinde
973 758 1322 816 orientalem
1354 764 1532 832 atque
1564 758 1970 832 aquilonalem
1999 758 2155 814 Rho-

495 848 642 904 dani
674 852 910 921 partem
961 865 1151 922 usque
1177 849 1256 905 ad
1286 849 1639 905 comitatum
1672 848 2152 918 Lugdunensem,

494 939 849 995 comitatum
903 938 1294 1009 Scudingium
1327 940 1342 973 ¹
1380 947 1423 1007 θ,
1455 940 1808 994 comitatum
1853 939 2154 994 Wirasco-

495 1043 633 1084 rum
663 1028 699 1099 ί,
723 1027 1076 1084 comitatum
1101 1027 1483 1084 Portisiorum
1510 1037 1569 1097 8;
1601 1027 1948 1084 comitatum
1975 1029 2156 1083 Suen-

495 1115 770 1172 tisiorum
815 1117 866 1185 ιι,
897 1116 1249 1173 comitatum
1273 1115 1783 1172 Calmontensium
1809 1115 1843 1188 ί,
1868 1115 2155 1170 ducatum

497 1204 933 1262 Mosellicorum
963 1207 1000 1270 ι,
1034 1205 1385 1262 comitatum
1424 1203 1947 1261 Arduenncnsium
1977 1205 2024 1274 ιι,
2058 1219 2156 1258 cc-

497 1293 773 1352 mitatum
827 1294 1202 1351 Condorusto
1255 1296 1290 1363 ι,
1325 1294 1464 1350 inde
1521 1307 1629 1367 per
1683 1309 1926 1349 cursum
1984 1293 2156 1348 Mosae

497 1396 692 1456 usque
738 1384 801 1439 in
839 1400 1029 1451 mare,
1079 1384 1368 1441 ducatum
1419 1383 1838 1439 Ribuariorum
1877 1391 1944 1449 ³³,
1994 1383 2156 1437 Wor-

495 1472 793 1530 mazfelda
813 1482 863 1544 ³,
883 1474 1318 1547 Sperohgouvvi
1337 1481 1379 1540 °,
1405 1473 1694 1528 ducatum
1718 1471 2026 1536 Helisatiae,
2046 1470 2158 1525 du-

493 1567 700 1617 catum
757 1561 1144 1624 Alamanniae,
1196 1561 1457 1630 Curiam,
1492 1561 1780 1616 ducatum
1830 1558 2160 1614 Austrasio-

2269 401 2542 457 Lothario
2575 401 2889 473 susceptis.
2911 418 3048 456 cum
3073 401 3130 455 in
3164 399 3392 455 Italiam
3414 398 3607 454 redire
3635 399 3928 472 permisit.

2339 496 2895 564 Imperatorautem
2925 489 3148 546 indicto
3181 487 3441 559 generali
3465 486 3689 561 placito
3714 488 3930 544 Kalen-

2265 579 2377 636 dazs
2423 580 2784 653 Septembris
2829 595 2974 651 erga
3017 578 3399 634 Cavallonem
3445 578 3520 643 ω),
3571 577 3810 648 legatos
3857 578 3935 634 ad

2268 669 2592 724 Ludoicum
2644 668 2875 736 direxit,
2921 668 3296 740 prmcipiens,
3327 672 3391 723 ut
3440 667 3593 722 fines
3641 666 3934 722 Baioarire

2265 757 2605 813 nullatenus
2652 757 2854 827 egredi
2898 757 3011 813 nisi
3060 774 3186 812 sese
3227 756 3467 812 iubente
3513 761 3933 829 praesumeret,

2264 847 2449 919 idque
2483 850 2858 902 sacramento
2885 845 3122 902 ﬁrmare
3149 846 3379 901 iuberet
3407 865 3420 908 ;
3450 845 3539 900 sin
3574 845 3744 915 alias,
3775 846 3936 901 circa

2263 937 2427 992 initia
2458 936 2815 1008 septembris
2847 935 2925 991 ad
2956 935 3346 1005 Augustliurg
3370 934 3659 990 hostiliter
3686 935 3800 991 sibi
3829 951 3932 990 oc-

2266 1041 2580 1080 cursurum
2636 1025 2883 1079 minime
2913 1023 3235 1079 dubitaret.
3271 1023 3588 1097 Descriptis
3614 1024 3818 1096 itaque
3851 1031 3936 1080 at-

2264 1130 2381 1187 que
2412 1113 2747 1179 destinatis,
2773 1113 2875 1185 qui
2905 1129 3107 1168 secum
3136 1112 3492 1183 Baioariam,
3521 1113 3569 1167 si
3600 1115 3930 1170 necessitas

2265 1203 2668 1277 compelleret,
2697 1203 2923 1276 quique
2950 1219 3090 1257 cum
3114 1203 3238 1258 ﬁlio
3280 1219 3394 1258 suo
3421 1203 3624 1260 Carolo
3651 1203 3925 1259 Cavallo-

2265 1307 2404 1349 nem
2431 1297 2641 1348 contra
2668 1297 2866 1347 motus
2910 1290 3317 1364 Aquitanicos,
3349 1291 3572 1364 quibus
3616 1310 3754 1348 cum
3779 1294 3924 1364 Pip-

2266 1384 2432 1457 pino,
2463 1382 2694 1455 Pippini
2718 1382 2860 1451 tilio,
2885 1381 3134 1455 quidam
3167 1381 3604 1454 Aquitanorum
3626 1397 3823 1454 nuper
3845 1382 3928 1438 ab

2266 1473 2626 1544 imperatore
2658 1471 3016 1534 defecerant,
3045 1470 3545 1544 compescendos,
3574 1473 3755 1527 etiam
3785 1487 3927 1527 cum

2270 1561 2607 1619 Saxonibus
2638 1561 2929 1615 adversus
2962 1561 3268 1616 Danorum
3301 1560 3797 1634 Sclavorumque,
3818 1560 3926 1633 qui

495 1663 633 1708 rum
686 1667 828 1706 cum
884 1649 1241 1706 Swalafelda
1271 1663 1298 1704 ι)
1325 1655 1384 1706 et
1432 1649 1730 1719 Nortgowi
1760 1662 1786 1702 τι
1813 1653 1872 1705 et
1921 1647 2087 1704 Hessi
2112 1650 2154 1718 ’,
2189 1670 2229 1725 Β
2270 1649 2629 1720 ferebantur,
2662 1650 2937 1706 incursus
2968 1655 3363 1718 occurrerent,
3387 1650 3512 1724 ipse
3542 1650 3604 1706 in
3629 1650 3932 1706 Crucinia-

497 1737 790 1795 ducatum
831 1738 1188 1809 Toringubze
1233 1754 1375 1794 cum
1407 1738 1672 1795 marchis
1702 1739 1725 1773 ⁸
1754 1738 1878 1794 suis
1901 1753 2159 1808 regnum

499 1828 773 1886 Saxonica
828 1843 971 1884 cum
1027 1827 1290 1886 marchis
1333 1830 1354 1862 ‘
1400 1827 1546 1896 suis,
1599 1827 1887 1884 ducatum
1944 1825 2158 1883 Fresize

498 1930 691 1990 usque
724 1919 972 1985 Mosam,
999 1917 1354 1974 comitatum
1398 1916 1766 1988 Hamarlant,
1808 1916 2160 1973 comitatum

497 2007 860 2064 Batavorum
890 2015 934 2078 τ,
966 2008 1320 2064 comitatum
1364 2006 1872 2064 Testrabenticum
1910 2015 1952 2076 ⁸,
1985 2010 2160 2063 Dore-

502 2096 700 2153 etado.
731 2097 990 2154 Alteram
1021 2102 1255 2171 partem
1287 2097 1665 2170 Burgundiaa,
1699 2096 1761 2153 id
1791 2100 1882 2153 est
1911 2097 2158 2153 comita-

497 2189 627 2242 tum
673 2187 1085 2243 Genavensem
1123 2188 1164 2258 ‘,
1198 2187 1551 2244 comitatum
1613 2186 2079 2256 Lugdunensem
2107 2197 2156 2256 II,

496 2275 850 2332 comitatum
873 2276 1368 2333 Cavallonensem
1395 2287 1440 2339 ν,
1476 2275 1827 2333 comitatum
1855 2279 2080 2330 Amaus
2111 2289 2155 2345 ι,

498 2364 851 2421 comitatum
909 2366 1324 2422 Hatoariorum
1371 2378 1418 2433 γ,
1468 2365 1818 2421 comitatum
1876 2363 2156 2434 Lingoni-

503 2469 645 2509 cum
675 2467 720 2526 ι,
764 2454 1120 2511 comitatum
1162 2453 1528 2510 Tullensium
1568 2463 1646 2519 ιι,
1677 2458 1734 2509 et
1777 2452 1858 2508 sic
1906 2468 2015 2526 per
2059 2452 2158 2508 dc-

502 2558 751 2599 cursum
783 2546 957 2599 Mosae
979 2559 1176 2618 usque
1202 2544 1263 2599 in
1284 2558 1470 2608 mare,
1491 2549 1548 2600 et
1566 2543 1718 2601 inter
1738 2546 1960 2599 Mosam
1989 2546 2045 2599 et
2065 2543 2160 2599 Se-

498 2647 793 2704 quanam,
825 2637 882 2688 et
905 2633 1057 2688 inter
1085 2635 1430 2705 Sequanam
1461 2637 1518 2689 et
1546 2632 1798 2701 Ligerim
1830 2645 1969 2688 cum
1995 2645 2158 2687 mar-

499 2721 615 2777 cba
657 2721 1017 2789 Britannica,
1064 2722 1443 2793 Aquitaniam
1487 2727 1547 2778 et
1591 2721 1970 2780 Wasconiam
2019 2734 2156 2776 cum

500 2807 766 2864 marchis
809 2807 887 2864 ad
933 2824 998 2864 se
1052 2808 1508 2881 pertinentibus,
1538 2809 1965 2882 Septimaniam
2019 2823 2157 2865 cum

497 2897 762 2954 marchis
789 2897 936 2969 suis,
963 2901 1018 2954 et
1047 2897 1424 2954 Provinciam
1467 2897 1701 2954 habuit.
1735 2899 1865 2964 Quo
1891 2899 2157 2971 superio-

2269 1756 2338 1797 co
2373 1749 2419 1776 ου
2449 1744 2643 1796 castro
2676 1755 2806 1798 sese
2833 1739 3254 1796 venationibus
3275 1740 3546 1796 alacriter
3567 1740 3928 1812 exercendo,

2268 1830 2347 1886 mi
2361 1845 2593 1886 ssorum
2634 1829 2694 1885 in
2742 1829 3082 1885 Baioariam
3125 1829 3485 1886 directorum
3513 1829 3782 1886 reditum
3809 1831 3928 1884 sta-

2268 1918 2376 1976 tuit
2403 1919 2666 1992 opperiri
2695 1920 2737 1975 ⁸.
2771 1917 2884 1985 Qui
2931 1918 3173 1987 reversi,
3199 1917 3395 1975 missis
3435 1917 3682 1975 Ludoici
3708 1918 3788 1974 ad
3817 1917 3927 1974 im-

2269 2008 2558 2082 peratoris
2578 2023 2768 2081 usque
2795 2008 3177 2080 praesentiam
3208 2007 3658 2079 comitantibus,
3688 2008 3927 2064 nuntia-

2268 2103 2502 2167 verunt,
2530 2097 2795 2170 paternis
2826 2115 2966 2154 eum
3011 2097 3381 2154 iussionibus
3422 2114 3546 2154 non
3590 2097 3927 2155 admodum

2268 2185 2568 2253 obviasse,
2597 2186 2705 2242 sed
2735 2203 2806 2242 ea
2838 2204 2898 2242 sc
2926 2188 3262 2260 parituram
3293 2187 3636 2244 conditione
3669 2204 3928 2261 spopon-

2267 2276 2448 2343 disse,
2482 2276 2530 2331 si
2564 2277 2920 2332 sacramenti
2947 2276 3199 2332 tirmitas
3244 2293 3429 2350 quam
3484 2277 3818 2350 quaerebat,
3850 2279 3926 2334 ab

2267 2365 2646 2439 imperatoris
2670 2364 2950 2421 ﬁdelibus
2982 2365 3098 2420 sibi
3129 2366 3307 2422 etiam
3328 2366 3510 2422 ﬁeret.
3535 2367 3761 2422 Verum
3785 2368 3927 2440 quia

2269 2460 2408 2511 tunc
2432 2454 2678 2524 contigit
2703 2453 2961 2510 defuisse
2992 2455 3298 2528 primates,
3319 2472 3426 2528 per
3454 2472 3611 2528 quos
3645 2455 3925 2512 eamdem

2267 2543 2609 2600 ﬁrmitatem
2641 2543 2770 2598 ﬁeri
2813 2542 3198 2616 deposcebat,
3229 2543 3386 2600 illius
3414 2544 3552 2600 ﬁdei
3595 2546 3926 2618 imperator

2268 2636 2447 2705 atque
2478 2631 2850 2705 supplicibus
2879 2633 3382 2705 promissionibus
3407 2633 3606 2706 potius
3651 2635 3923 2691 commit-

2266 2721 2516 2778 tendum
2562 2720 2797 2791 delegit,
2831 2737 3148 2795 quousque
3178 2738 3212 2778 a
3253 2722 3526 2798 partibus
3556 2722 3923 2795 Aquitanicis

2269 2808 2488 2881 adepta
2517 2807 2801 2864 divinitus
2829 2808 3079 2866 victoria
3109 2809 3365 2876 rediens,
3395 2811 3696 2866 mandatis
3723 2828 3925 2884 perse-

2266 2901 2575 2954 verantem
2607 2896 2865 2968 benigne
2912 2898 3261 2970 susciperet,
3291 2914 3467 2954 secus
3505 2917 3643 2956 vero
3673 2900 3924 2956 molien-

497 2998 627 3042 rem
653 2985 853 3059 potius
879 2985 1152 3058 eligente,
1180 2984 1507 3082 imperator
1528 2983 1891 3082 Caroloﬁlio
1923 3000 2038 3082 sup
2065 2985 2156 3082 in:
2188 3025 2229 3082 Ο
2268 2992 2386 3044 tem
2437 3000 2547 3060 pro
2598 2987 2828 3043 viribus
2885 2986 3123 3082 insequi
3177 3003 3301 3044 non
3361 2987 3640 3046 tardaret.
3693 2989 3810 3046 Sed
3867 2995 3926 3047 et

499 3074 774 3132 feriorem
801 3074 1068 3146 contulit,
1097 3088 1169 3131 ea
1198 3073 1559 3143 conditione,
1593 3079 1659 3132 ut
1704 3073 1927 3131 viventi
1975 3072 2158 3132 ﬁdeli-

497 3164 630 3223 liter
653 3165 1080 3240 obsequentes,
1103 3180 1174 3222 eo
1204 3163 1531 3222 decedente
1559 3166 1910 3222 memoratis
1939 3165 2158 3238 portio-

2268 3077 2398 3149 ipso
2420 3079 2659 3150 patente
2686 3077 2984 3134 concessit
3009 3073 3030 3112 '
3060 3076 3432 3150 quibusdam
3455 3082 3699 3150 propter
3718 3083 3924 3136 motus

2266 3164 2424 3222 illius
2450 3180 2646 3238 nuper
2672 3180 2708 3222 a
2733 3183 2800 3222 se
2847 3166 3138 3240 separatis
3187 3171 3243 3224 et
3271 3183 3472 3224 rerum
3510 3168 3528 3201 '
3555 3168 3928 3241 proprietate

1789 3271 2178 3330 VARIANTES
2220 3271 2624 3329 LECTIONES.

573 3381 588 3414 ¹
624 3377 1014 3449 Sucdingium
1041 3377 1254 3450 Chesn.
1279 3383 1335 3435 et
1361 3379 1580 3450 Bouq.,
1611 3378 1879 3450 Valesius
1900 3383 2058 3434 recte
2087 3380 2336 3450 coniecit
2359 3377 2764 3447 scudingium.
2829 3381 2858 3450 ²>
2880 3379 2965 3436 ita
2995 3379 3387 3448 depravatum
3416 3381 3664 3438 Chesm'z'
3685 3389 3740 3439 et
3764 3385 3933 3440 Bou-

501 3450 665 3555 gueti
697 3447 1002 3506 lectionem
1033 3447 1321 3503 ducatum
1352 3447 1803 3504 Austi'asiorum
1825 3465 1973 3530 tcum
2003 3449 2387 3506 Sunalafelda
2414 3454 2474 3530 et
2501 3452 2758 3530 lfiorogo,
2782 3447 3116 3518 Wiechessi,
3146 3453 3462 3508 emendare
3489 3460 3743 3510 conatus
3775 3473 3932 3512 sum.

555 3520 700 3555 num
737 3518 929 3555 nmhta
963 3520 1046 3555 [⁷1.
1103 3524 1157 3555 οι
1199 3520 1358 3555 ρηηη
1449 3521 1470 3553 ι
1502 3535 1636 3555 num
1677 3521 1868 3555 mmhm
1898 3519 1982 3555 I'A
2042 3528 2095 3555 of
2136 3521 2176 3555 D
2267 3523 2526 3555 annonam
2577 3521 2771 3555 ﬂium.)
2865 3523 2888 3555 6
2939 3524 3023 3555 nn
3053 3523 3362 3555 ...νιωληηέ
3392 3537 3404 3550 ι
3440 3523 3592 3555 tu...
3651 3532 3702 3555 nl
3743 3528 3910 3555 nn..-

555 3520 708 3599 Cum
735 3518 932 3574 archis
955 3520 1378 3599 .Ch._et_‘Bouq:
1449 3521 1470 3553 ⁸
1502 3535 1646 3599 cum
1674 3519 2007 3599 archis_
2040 3528 2095 3576 et
2124 3521 2194 3577 B.
2267 3523 2286 3555 δ
2305 3521 2529 3599 operiri
2577 3521 2795 3599 Chesn_.
2865 3523 2888 3556 θ
2931 3524 3024 3578 Ita
3052 3523 3362 3599 emendari
3383 3537 3404 3594 ,'
3440 3523 3611 3599 Ches.
3647 3532 3702 3582 et
3731 3528 3927 3599 Bouq.

506 3591 712 3660 legunt
735 3588 1013 3657 necessit,
1046 3594 1101 3645 et
1128 3588 1416 3659 Βοιαιίίη
1447 3592 1720 3660 margine
1745 3593 1994 3647 coniecit
2027 3607 2268 3648 necesse
2298 3588 2429 3648 fuit.
2499 3593 2518 3626 ⁷
2547 3607 2742 3665 nuper
2770 3593 2832 3648 in
2863 3609 2924 3649 se
2951 3595 3244 3666 separatis
3272 3588 3482 3651 verum
3513 3596 3734 3654 Chesn.

2101 3706 2322 3765 NOTAE.

569 3807 598 3839 ί
643 3801 756 3860 Val
784 3801 1049 3860 d’Aosta.
2342 3816 2363 3842 τ
2393 3809 2596 3864 Batua.

571 3874 602 3915 δ
623 3873 843 3930 Wallis.
2335 3885 2356 3914 ⁸
2384 3877 2748 3936 Testerbaut.

571 3955 595 3983 α
633 3945 1008 4014 Waadﬂand,
1028 3960 1184 4017 pays
1207 3944 1281 4003 de
1324 3943 1512 4004 Vaud.
2335 3953 2354 3986 ί
2379 3950 2549 4007 Geni.

574 4018 600 4055 ά
629 4019 820 4094 Lacus
845 4020 1159 4094 Lemanus.
2335 4035 2362 4064 ιι
2391 4024 2582 4094 Lyon.

571 4098 593 4124 ο
637 4089 802 4146 Circa
830 4089 1056 4146 Salius.
1447 4155 1452 4158 ί

498 4230 543 4286 ﬁ
571 4160 592 4195 ί
630 4159 723 4214 Ad
746 4164 1060 4232 utramque
1088 4159 1271 4216 Dubis
1303 4159 1500 4217 amnis
1530 4161 1723 4234 ripam
1749 4161 1907 4218 circa
1935 4163 2154 4218 Veson-

545 4245 671 4286 um.

2335 4106 2360 4134 ν
2393 4092 3024 4152 Chdlons-sur-Sadne.

2335 4174 2384 4218 η
2411 4164 2673 4238 Valesius
2726 4164 3116 4238 notit.pGall.,
3169 4181 3232 4238 p.

3290 4167 3416 4240 481,
3491 4168 3924 4240 corrigendum

2263 4238 2464 4290 censet
2486 4237 2718 4307 Amans
2738 4249 2760 4307 ,'

2833 4236 2932 4306 agi
2963 4236 3352 4293 Amanscnsis
3383 4236 3924 4299 meminit‘Erricus

567 4309 598 4346 ε
626 4302 708 4356 Le
733 4302 966 4376 Rertois
999 4301 1078 4357 ad
1107 4303 1315 4376 fontes
1349 4303 1548 4376 Araris
1587 4303 1934 4358 ﬂuminisin
1963 4319 2150 4375 regno
2190 4353 2209 4376 Δ
2261 4306 2599 4362 monachus
2642 4308 2703 4364 in
2738 4301 2904 4364 libro
2939 4309 3021 4364 de
3070 4308 3360 4365 Miraculis
3399 4313 3458 4366 S.
3513 4313 3922 4376 Germani,e1

499 4353 1077 4451 negaueram;
1103 4353 1984 4451 miratae;armasti;
2000 4353 2150 4448 ’ἕέῖίῖ
2177 4353 2224 4405 Α
2261 4353 3032 4451 ἔῖιῖἇξῖτὲἷῦίέὶδῖἰῖθιῖὧ
3062 4353 3499 4451 agragas
3518 4353 3924 4444 Eam;

496 4447 737 4516 nantur,
774 4446 830 4516 te
854 4445 1087 4501 Pertoz's
1119 4445 1196 4501 ad
1226 4447 1599 4516 Matronam).

569 4515 597 4551 ιι
625 4516 708 4590 _L_e_
752 4515 1030 4590 saiatoz‘s,
1065 4533 1113 4590 ep
1144 4515 1563 4590 septentrione
1594 4517 1997 4584 Portisiorum,
2029 4521 2085 4574 et
2113 4535 2149 4576 a

495 4587 744 4662 meridie
795 4587 982 4655 Tulli;
1015 4585 1304 4662 Valesius,
1339 4592 1678 4662 Bouquetus
1730 4594 1786 4645 et
1811 4590 2149 4662 Chronicon

497 4659 884 4734 Gottwicense
933 4665 1140 4716 contra
1181 4661 1456 4734 Mirmum
1482 4659 1546 4718 et
1590 4661 2020 4734 Scaabpﬂinum
2069 4663 2149 4733 (in

495 4729 952 4812 Alsat.'ll‘lustr.,_
975 4735 1116 4812 tom.
1151 4736 1194 4803 Ι,
1222 4749 1282 4805 p.
1316 4733 1467 4805 6'71.)
1497 4729 1913 4811 Sundgaviam
1941 4733 2003 4790 in
2046 4729 2146 4790 Al-

497 4806 650 4875 satia
678 4806 1160 4875 interpretantur.

563 4872 882 4960 r‘JMagnus‘
912 4875 1306 4960 Lotharingiaz-
1361 4893 1576 4950 pagus,
1624 4877 1686 4933 in
1734 4891 1856 4952 quo
1903 4876 2144 4949 Nancy,

493 4941 737 5012 Epinal’
754 4951 806 5001 et
835 4941 1253 5004 Remiremon't.
1361 4941 1382 4950 ’
1446 4941 1477 4949 “
1561 4941 1573 4949 ’
1752 4941 1774 4952 ’

564 5013 579 5089 ξ
621 5013 804 5089 Qujus
833 5020 1180 5089 metropolis
1210 5024 1477 5089 Augusta
1506 5021 1902 5077 Trevirorum.

566 5084 593 5162 ξι
621 5083 1096 5162 tn_quo__Stab[o,
1126 5083 1455 5162 Μαιῖηὶιιιῃ.

2259 4464 2346 4516 ra,
2375 4449 2699 4506 Vincenna’
2719 4455 2775 4505 et
2803 4450 2922 4507 Tila
2945 4449 3144 4508 ﬂuviis
3171 4449 3401 4510 abesse.
3433 4455 3693 4511 Hatoarii
3715 4456 3814 4512 isti
3841 4457 3923 4513 ad

2257 4519 2486 4596 {lumen
2526 4520 2756 4596 Ararim
2801 4520 3106 4591 jacebant.
3143 4525 3206 4580 In
3243 4525 3535 4581 Chronico
3578 4527 3636 4582 S.
3673 4529 3922 4596 Benigni

2259 4590 2431 4660 Hugo
2458 4590 2856 4648 Attoariorum
2885 4608 3086 4648 comes
3107 4602 3494 4652 memoratur.
3524 4597 3587 4651 In
3621 4590 3924 4655 Chronico

2260 4664 2553 4742 Iniesuensi
2584 4663 2750 4742 pa__gi_
2773 4669 2828 4742 et
2875 4665 3195 4742 comitatus
3243 4668 3607 4742 Atoariensis
3635 4671 3925 4742 trequens

2259 4733 2323 4789 fit
2372 4733 2616 4790 mentio.
2652 4735 2961 4792 Existimat
3003 4737 3274 4794 Valesius
3319 4740 3620 4796 Attuarios
3675 4733 3928 4798 Franci-

2258 4821 2394 4879 eam
2435 4812 2697 4879 gentem,
2747 4812 2955 4879 captos
2998 4813 3054 4866 et
3108 4808 3430 4866 translatos
3481 4827 3519 4869 a
3568 4812 3921 4871 Constantio

2259 4876 2471 4951 Cliloro
2492 4878 2728 4951 Caesare
2749 4876 3048 4951 nomenei
3080 4896 3240 4951 pago
3268 4880 3527 4939 dedisse.
3559 4885 3922 4948 BOlTQL’ET.—

2255 4951 2335 5004 Ex
2383 4949 2517 5020 ipsa
2565 4949 2873 5005 divisionis
2921 4949 3124 5008 tabula
3149 4949 3419 5078 agpparet,
3451 4970 3644 5028 pagos
3691 4963 3919 5013 Amans

2255 5025 2312 5076 et
2341 5020 2761 5076 Hatoariorum
2792 5037 2828 5077 a
2853 5023 3098 5078 meridie
3129 5040 3164 5078 a
3255 5027 3726 5078 septentrionem
3768 5030 3919 5078 inter

2255 5025 2312 5076 et
2341 5020 2761 5076 Hatoariorum
2792 5037 2828 5077 a
2853 5023 3098 5078 meridie
3129 5040 3164 5078 a

2253 5106 2444 5164 pagos
2475 5092 2968 5148 Cavallonenscm
3007 5099 3064 5150 et
3112 5092 3521 5164 Lingonicum,
3550 5103 3606 5153 et
3654 5099 3737 5154 ab
3769 5101 3923 5156 occi-

3255 5027 3727 5097 septentrionem
3768 5030 3924 5084 inter

564 5155 780 5244 lintre.
819 5158 1046 5214 Mosam
1084 5155 1147 5216 et
1177 5164 1378 5220 Urtam
1397 5155 1584 5220 vcirca
1611 5165 1756 5233 Huy
1775 5175 1797 5233 ;
1826 5159 1964 5218 vide
1989 5159 2143 5218 infra
2249 5155 2428 5219 dente
2453 5179 2751 5244 pagorum
2778 5165 3113 5244 scudingii,
3133 5155 3618 5244 Wirascoriim_et
3660 5155 3921 5228 t’ortiso-

562 5309 602 5379 in
619 5299 806 5379 gujus
835 5298 1185 5379 metropolis
1213 5301 1459 5379 Qolonia
1488 5303 1835 5376 Agrippina.

562 5378 588 5404 ιι
618 5373 812 5440 Pagus
843 5370 1310 5426 Wormatiensis.

559 5448 582 5474 °
611 5442 805 5514 Pagus
837 5440 1153 5514 Spirensis.

557 5523 585 5562 p
615 5509 705 5565 Ad
730 5509 922 5567 fon‘e's
953 5513 1276 5568 Alcmonaa.

555 5594 581 5634 ιι
611 5582 675 5636 In
725 5596 816 5658 eo,
846 5599 997 5658 e._g.
1028 5583 1380 5658 _Eichs_tadt,
1425 5583 1770 5656 Nurnberg,
1821 5587 1999 5658 Eger,
2034 5589 2136 5645 In-

480 5658 724 5723 gotstat,
757 5654 1076 5725 Sulzbach,
1107 5659 1165 5714 et
1188 5654 1267 5712 al.

2245 5247 2388 5311 rum
2420 5234 2562 5311 sitos
2585 5234 2772 5311 fuisse
2799 5236 2959 5311 ;rimo
2987 5237 3273 5311 Hattuarii
3305 5239 3450 5311 Ling

2251 5305 2555 5381 seba_ntur.
2592 5306 2778 5363 Vales.
2814 5307 3010 5377 Notit.,
3043 5323 3104 5381 p.
3127 5310 3250 5365 281.

3452 5239 3673 5298 onibus
3703 5257 3919 5300 accen-

2322 5389 2345 5418 ι
2374 5379 2666 5449 Langres.

2313 5456 2371 5484 ⁸⁸
2401 5449 2568 5506 Τοαι.

2317 5519 2375 5560 ιδ
2401 5518 3042 5587 Οήίιιοηεοεαν-ϐοὰιε,

2317 5599 2366 5626 οο
2401 5592 2758 5650 Kreuznach
2786 5610 2973 5668 prope
2993 5595 3242 5668 Bingen.
