4160 6186
498 124 627 180 1391

1583 119 1638 176 S.
1670 118 2042 177 PRUDENTII
2077 111 2456 171 TRECENSIS
2497 113 2811 174 EPISCOPI

3767 127 3915 182 £392

494 245 642 302 citra
661 243 960 314 Rhenum,
977 242 1196 316 partim
1224 242 1536 316 vi,partim
1567 242 1766 312 minis,
1795 243 2016 317 partim
2035 241 2144 297 ho-
2179 240 2224 294 A
2254 237 2630 309 mandatum,
2659 244 2725 296 ut
2751 239 2848 296 die
2874 239 3156 311 crastina,
3187 240 3333 313 quia
3356 241 3635 313 ejusdem
3679 247 3761 302 rei
3781 264 3919 320 gra-

493 335 762 401 noribus,
794 332 1012 406 partim
1038 332 1408 405 quibusdam
1434 333 1898 397 conditionibus,
1931 347 2144 388 omnes

492 423 754 496 partium
785 437 1034 479 suarum
1082 421 1195 478 sibi
1231 421 1320 478 vel
1371 421 1638 478 subdunt
1666 422 1762 479 vel
1807 421 2142 479 conciliant.

493 513 560 568 Et
588 510 900 568 Lotharius
937 510 1187 584 quidem
1237 509 1452 567 diebus
1501 511 1981 584 quadragesima:
2027 513 2145 568 Mo-

491 599 766 672 guntiam
793 615 987 674 usque
1010 600 1299 657 adversus
1326 599 1741 658 Hludowicum
1769 601 2145 674 procinctum

491 689 694 758 ducit;
722 689 828 747 sed
847 689 1170 748 obsistente
1195 690 1352 764 ipso,
1385 706 1422 747 a
1449 690 1702 747 transitu
1728 689 1994 746 ﬂuminis
2041 688 2146 745 diu

491 778 866 848 abstinetur;
910 795 1124 836 verum
1176 783 1315 836 astu
1359 780 1628 854 quodam
1669 783 1848 853 atque
1894 779 2146 853 perﬁdia

490 867 701 941 populi
729 867 1077 926 Hludowico
1105 868 1450 926 inhaerentis
1482 871 1496 905 ¹
1532 869 1806 926 Lothario
1836 873 2148 925 transeun-

490 960 568 1027 te,
587 956 973 1014 Hludowicus
992 957 1334 1016 Babioriam
1357 957 1580 1031 petivit.
1604 957 1881 1015 Carolum
1903 972 2146 1031 quoque

490 1061 530 1103 a
560 1048 852 1121 Sequanae
880 1047 1135 1104 transitu
1160 1047 1418 1105 Lotharii
1443 1047 1756 1121 multiplex
1774 1047 2036 1121 populus
2058 1047 2145 1103 ni-

490 1134 630 1192 titur
657 1136 959 1206 inhibere;
997 1136 1104 1210 qui
1133 1140 1356 1208 tamen,
1379 1136 1533 1193 virili
1556 1136 1873 1210 prudentia
1888 1136 2147 1209 pruden-

489 1224 653 1299 tique
681 1227 890 1283 virtute
919 1227 1284 1301 transposito
1313 1227 1584 1297 ﬂumine,
1609 1243 1821 1284 omnes
1850 1227 1912 1282 in
1937 1226 2145 1296 fugam

488 1314 585 1371 bis
613 1320 820 1389 terque
860 1317 1074 1387 coegit.
1108 1317 1440 1386 Lotharius,
1472 1317 1678 1373 audita
1707 1332 1955 1372 suorum
2004 1315 2148 1387 fuga

490 1403 803 1478 Carolique
846 1405 1132 1472 adventu,
1190 1405 1407 1462 iterum
1463 1406 1734 1462 Rhenum
1787 1404 2143 1477 transponit,

490 1494 914 1569 dispositisque
979 1495 1270 1552 adversus
1347 1495 1764 1551 Hludowicum
1834 1493 2142 1561 custodiis,

2256 327 2335 383 tia
2362 327 2425 383 in
2463 326 2597 384 loco
2643 328 2857 384 eodem
2894 329 3112 386 stativa
3139 329 3504 401 habuerunt,
3536 340 3918 394 mortuorum

2254 416 2569 484 cadavera,
2599 423 2778 491 prout
2824 419 3112 492 temporis
3152 422 3173 455 ‘
3202 422 3632 493 opportunitas
3681 425 3914 492 sineret,

2254 505 2572 579 sepulturae
2615 507 2994 565 mandarent.
3046 512 3111 565 In
3167 525 3291 582 quo
3340 510 3548 582 praelia
3605 515 3916 586 Georgius,

2254 597 2612 654 Ravennatis
2639 597 2982 672 episcopus,
3024 615 3062 656 a
3100 599 3382 670 Gregorio
3422 603 3698 660 Romano
3727 607 3922 678 ponti-

2251 685 2364 743 ﬁce
2417 685 2496 743 ad
2551 688 2894 745 Lotharium
2942 688 3274 763 fratresque
3318 690 3445 746 eius
3491 693 3666 764 pacis
3723 695 3920 766 gratia

2252 774 2528 845 directus,
2553 776 2662 832 sed
2691 792 2729 833 a
2749 777 3027 835 Lothario
3052 778 3351 848 detentus,
3379 794 3578 853 neque
3607 781 3688 838 ad
3709 782 3919 842 fratres

2251 863 2452 920 venire
2500 865 2860 937 permissus,
2888 870 3100 940 captus
3129 871 3240 938 est,
3273 871 3332 924 et
3377 884 3517 925 cum
3559 869 3794 929 honore
3838 873 3918 930 ad

2251 953 2497 1026 propria
2519 954 2826 1012 remissus.
2857 956 3168 1014 Lotharius
3187 961 3354 1028 terga
3375 963 3616 1016 vertens
3639 965 3699 1018 et
3716 967 3917 1036 Aqua-

2254 1042 2455 1114 sgrani
2504 1043 2878 1116 perveniens,
2931 1047 3195 1102 Saxones
3245 1051 3595 1121 ceterosque
3645 1052 3917 1110 conﬁnes

2251 1133 2626 1188 restaurandi
2655 1133 2843 1206 praelii
2873 1135 3064 1204 gratia
3111 1135 3224 1192 sibi
3251 1136 3569 1194 conciliare
3597 1140 3818 1209 studet,
3848 1141 3913 1197 in

2254 1225 2507 1290 tantum,
2539 1227 2605 1278 ut
2645 1223 2983 1280 Saxonibus
3013 1224 3118 1297 qui
3150 1223 3436 1296 Stellinga
3460 1224 3484 1256 ‘
3510 1226 3911 1301 appellantur,

2252 1325 2516 1382 quorum
2573 1309 2958 1383 multiplicior
3009 1327 3300 1368 numerus
3347 1313 3409 1368 in
3470 1329 3680 1370 eorum
3738 1321 3917 1386 gente

2252 1399 2528 1463 habetur,
2549 1400 2856 1472 optionem
2885 1401 3320 1473 cuiuscumque
3341 1401 3492 1473 legis
3522 1403 3619 1460 vel
3634 1405 3914 1478 antiquo-

2251 1505 2388 1545 rum
2433 1491 2739 1546 Saxonum
2777 1491 3246 1559 consuetudinis,
3274 1496 3474 1548 utram
3507 1509 3721 1550 earum
3751 1495 3912 1551 mal-

489 1583 736 1640 obviam
754 1583 1384 1656 Caroloproﬁciscitur.
1408 1582 1788 1640 Hludowicus
1812 1582 1873 1639 in
1891 1582 2146 1640 Lotharii
2176 1593 2221 1648 Β
2251 1577 2393 1648 lent,
2423 1578 2785 1635 concesserit
2811 1598 2825 1648 ;
2875 1579 2979 1652 qui
3015 1595 3253 1653 semper
3303 1580 3383 1638 ad
3409 1580 3576 1638 mala
3598 1583 3918 1656 proclives,

490 1671 786 1729 adversus
815 1686 878 1727 se
907 1671 1224 1744 dispositas
1260 1675 1489 1728 turmas
1519 1671 1769 1740 irruens,
1799 1685 2144 1744 magnaque

491 1775 566 1818 ex
611 1765 780 1835 parte
826 1760 1219 1818 internecioni
1269 1761 1528 1829 donans,
1561 1765 1787 1818 ceteros
1828 1761 1890 1817 in
1936 1764 2145 1832 fugam

491 1849 611 1920 egit
651 1864 723 1906 ac
766 1848 984 1906 deinde
1030 1849 1238 1907 Carolo
1269 1849 1432 1907 fratri
1462 1865 1643 1922 opem
1674 1849 1904 1908 laturus
1933 1865 2147 1923 prope-

487 1953 625 1995 rare
651 1937 910 1996 festinat.
942 1938 1171 1996 Interea
1194 1947 1220 1975 ι
1243 1939 1452 2012 piratae
1486 1942 1789 1996 Danorum
1809 1939 1888 1997 ab
1915 1955 2145 1997 oceano

491 2027 714 2100 Euripo
755 2028 785 2070 δ
817 2027 1067 2099 devecti,
1112 2032 1434 2086 Rotumam
1475 2034 1492 2058 ⁶
1529 2029 1845 2101 irruentes,
1886 2028 2142 2103 rapinis,

488 2115 667 2186 ferro,
693 2117 938 2192 ignique
967 2117 1355 2190 bacchantes,
1391 2119 1623 2184 urbem,
1655 2118 2011 2188 monachos,
2050 2133 2143 2174 re-

485 2203 843 2279 liquumque
867 2205 1119 2278 vulgum
1159 2211 1214 2264 et
1256 2207 1525 2264 caedibus
1565 2211 1622 2264 et
1649 2206 1982 2280 captivitate
2011 2221 2145 2279 pes-

489 2293 942 2366 sumdederunt,
1001 2298 1059 2354 et
1122 2295 1328 2353 omnia
1391 2296 1761 2353 monasteria
1821 2312 1928 2352 seu
1982 2311 2144 2368 quae-

489 2397 752 2457 cumque
776 2383 912 2442 loca
937 2383 1173 2440 ﬂumini
1205 2387 1497 2458 Sequanae
1525 2384 1894 2441 adhaerentia
1918 2388 2022 2440 aut
2043 2383 2146 2440 de-

484 2473 760 2547 populati
788 2478 945 2544 sunt,
975 2477 1079 2531 aut
1106 2473 1310 2531 multis
1359 2475 1618 2548 acceptis
1644 2474 1914 2546 pecuniis
1945 2473 2144 2531 territa

482 2562 848 2636 relinquunt.
871 2563 1217 2620 Hludowico
1243 2563 1504 2636 denique
1533 2563 1964 2638 propinquanti
1987 2566 2008 2599 ²
2039 2565 2144 2620 Ca-

483 2649 649 2707 rolus
667 2649 847 2705 frater
875 2667 1117 2706 summo
1157 2650 1454 2708 desiderio
1484 2659 1664 2724 atque
1695 2667 1901 2709 amore
1925 2651 2140 2708 obvius

481 2737 663 2810 venit,
694 2737 1034 2812 pariterque
1077 2738 1401 2810 conjuncti,
1434 2739 1587 2796 sicut
1623 2739 1884 2798 fraterna
1931 2740 2135 2796 carita-

481 2829 558 2897 te,
590 2827 673 2884 ita
719 2828 898 2884 etiam
928 2831 1261 2886 castrorum
1296 2829 1638 2899 metatione,
1671 2829 1926 2886 convivii
1955 2829 2138 2886 etiam

2251 1666 2446 1736 magis
2490 1667 2670 1724 ritum
2714 1683 3096 1740 paganorum
3133 1668 3374 1738 imitari,
3400 1685 3591 1743 quam
3637 1672 3922 1729 christia-

2252 1771 2345 1811 na:
2373 1755 2513 1812 ﬁdei
2558 1762 2939 1814 sacramenta
2968 1761 3169 1813 tenere
3199 1757 3568 1830 delegerunt.
3605 1759 3920 1832 Herioldo,

2251 1845 2526 1918 quicum
2561 1846 2770 1902 ceteris
2817 1849 3126 1903 Danorum
3169 1847 3486 1904 maritimis
3522 1849 3924 1907 incommoda

2253 1937 2417 1990 tanta
2467 1933 2557 1990 sui
2605 1951 2791 1990 causa
2839 1935 2920 1991 ad
2985 1935 3174 2008 patris
3236 1935 3518 1993 iniuriam
3578 1937 3920 2009 invexerat,

2252 2021 2571 2079 Gualacras
2592 2035 2615 2064 ο
2643 2022 2881 2097 aliaque
2911 2024 2933 2058 ⁵
2951 2023 3150 2080 vicina
3177 2023 3312 2081 loca
3339 2024 3519 2082 huius
3547 2026 3757 2083 meriti
3785 2043 3920 2098 gra-

2250 2111 2332 2168 tia
2376 2111 2439 2168 in
2483 2111 2847 2169 beneﬁcium
2903 2103 3172 2170 contulit.
3225 2114 3482 2184 Dignum
3541 2130 3692 2172 sane
3748 2116 3924 2172 omni

2249 2198 2638 2257 detestatione
2663 2199 2920 2268 facinus,
2950 2206 3015 2257 ut
3060 2202 3165 2275 qui
3194 2201 3356 2259 mala
3382 2202 3728 2260 christianis
3758 2204 3922 2261 intu-

2247 2289 2458 2361 lerant,
2521 2290 2701 2347 iidem
2784 2291 3248 2348 Christianorum
3322 2293 3490 2349 terris
3554 2298 3612 2350 et
3670 2295 3923 2367 populis

2250 2380 2582 2453 Christique
2635 2378 2897 2436 ecclesiis
2960 2381 3400 2454 praeferrentur,
3449 2386 3515 2438 ut
3568 2389 3922 2456 persecuto-

2246 2485 2342 2526 res
2369 2469 2511 2526 ﬁdei
2539 2469 2875 2526 christianaa
2921 2469 3151 2527 domini
3203 2470 3668 2528 christianorum
3699 2473 3918 2530 existe-

2246 2563 2399 2630 rent,
2429 2563 2488 2617 et
2507 2559 2858 2616 daemonum
2877 2558 3206 2616 cultoribus
3237 2560 3543 2618 christiani
3561 2561 3782 2636 populi
3811 2562 3920 2619 de-

2248 2649 2555 2706 servirent.

2317 2737 2702 2794 Hludowicus
2749 2737 2968 2810 partim
3012 2739 3360 2806 terroribus,
3419 2740 3643 2813 partim
3691 2743 3916 2812 gratia,

2248 2829 2552 2886 Saxonum
2595 2826 2846 2902 quidem
2884 2829 3248 2902 complures,
3296 2830 3759 2899 Austrasiorum,
3793 2833 3915 2887 To-

481 2915 989 2990 consiliorumque
1027 2916 1276 2988 unitate,
1308 2917 1475 2990 apud
1517 2917 1761 2974 fratrem
1794 2919 2136 2975 Lotharium
2169 2952 2208 3007 C
2245 2918 2552 2990 ringorum
2582 2923 2762 2991 atque
2787 2917 3269 2975 Alamannorum
3313 2935 3436 2975 suae
3463 2935 3672 2976 omnes
3697 2919 3917 2975 subiu-

480 3021 662 3080 super
687 3007 856 3081 pacis
886 3011 944 3063 et
971 3007 1406 3075 unanimitatis,
1438 3007 1618 3064 totius
1653 3023 1896 3082 quoque
1928 3008 2139 3082 populi

480 3099 536 3152 et
562 3095 732 3167 regni
777 3095 1233 3168 gubernatione,
1274 3096 1650 3153 creberrimis
1679 3098 1701 3132 ³
1736 3096 2137 3168 legationibus

479 3186 852 3259 satisagunt;
884 3187 989 3260 qni
1034 3191 1237 3244 tamen
1283 3186 1632 3260 saepissimis
1682 3203 1784 3244 eos
1824 3187 2035 3258 legatis
2081 3192 2138 3244 et

474 3275 826 3334 iuramentis
873 3276 1112 3347 ludens,
1145 3277 1392 3333 tandem
1424 3282 1662 3350 recepto
1703 3278 1782 3334 ab
1813 3277 2136 3350 Aquitania

475 3365 752 3439 Pippino,
783 3366 1014 3439 Pippini
1056 3365 1292 3422 dudum
1343 3365 1608 3422 defuncti
1652 3367 1848 3422 fratris
1896 3366 2040 3439 ﬁlio,
2071 3367 2134 3423 in

474 3468 638 3526 pago
666 3454 1082 3523 Altiodorensi,
1110 3455 1171 3509 in
1200 3453 1333 3511 loco
1362 3453 1469 3526 qui
1493 3454 1708 3510 dicitur
1734 3455 2130 3526 Fontanidus,

475 3545 799 3614 utrumque
827 3542 1072 3597 fratrem
1098 3542 1268 3610 regni
1307 3542 1686 3614 portionibus
1715 3544 1916 3600 hostili
1950 3560 2133 3618 appa-

473 3633 612 3686 ratu
646 3629 884 3701 privare
925 3628 1247 3686 contendit.
1290 3631 1558 3702 Cumque
1597 3631 1675 3686 ad
1718 3631 1885 3704 pacis
1929 3631 2131 3688 frater-

473 3717 796 3791 nitatisque
848 3717 1235 3775 concordiam
1289 3717 1538 3775 minime
1579 3720 1844 3776 revocari
1903 3725 2129 3794 posset,

474 3806 666 3864 obviis
708 3806 990 3864 fratribus
1037 3807 1293 3880 septimo
1323 3806 1631 3865 Kalendas
1677 3808 1805 3864 Iulii
1853 3809 1949 3865 die
1997 3810 2132 3867 sab-

472 3894 617 3954 bato
667 3912 848 3954 mane
893 3897 1275 3970 interceptus,
1320 3896 1527 3954 multis
1571 3897 1872 3972 utrimque
1914 3899 2130 3957 caden-

472 3985 659 4058 tibus,
724 3985 1137 4060 compluribus
1203 3985 1562 4060 proﬂigatis,
1631 3987 1880 4060 turpiter
1938 3988 2130 4045 victus

474 4075 725 4146 aufugit.
757 4075 1091 4133 Palantium
1121 4079 1322 4132 autem
1371 4074 1565 4132 caedes
1596 4076 1827 4148 passim
1857 4077 2129 4148 agitaba-

473 4168 590 4233 tur,
621 4165 814 4221 donec
842 4163 1226 4220 Hludowicus
1255 4169 1312 4221 et
1351 4163 1595 4221 Carolus
1644 4165 1863 4238 pietate
1902 4167 2129 4222 ferven-

2245 3012 2346 3078 gat
2372 3007 2602 3064 ditioni.
2632 3007 2898 3076 Carolus,
2930 3007 3257 3081 dispositis,
3286 3012 3585 3082 quantum
3611 3013 3918 3082 opportu-

2243 3097 2398 3154 nitas
2452 3113 2654 3153 rerum
2708 3100 2730 3134 ⁸
2785 3097 2939 3166 sivit,
2995 3098 3369 3172 Aquitanicis
3438 3099 3726 3172 partibus,
3799 3115 3921 3172 per

2244 3187 2665 3242 Cenomannos
2707 3186 2743 3254 τ,
2775 3186 3030 3242 Parisios
3057 3191 3237 3260 atque
3270 3186 3614 3258 Bellovagos
3644 3200 3689 3257 κ,
3720 3186 3922 3244 Fran-

2242 3276 2398 3332 ciam
2427 3290 2766 3347 permeans,
2800 3275 3236 3332 Hasbanienses
3260 3274 3283 3306 δ
3312 3275 3456 3346 adit,
3489 3274 3724 3348 sibique
3767 3275 3920 3350 plus

2241 3382 2447 3422 amore
2469 3381 2657 3439 quam
2683 3366 2896 3422 timore
2923 3366 3218 3424 conciliat.

2313 3455 2644 3525 Lotharius,
2705 3454 2892 3511 Rheni
2916 3467 3112 3512 amne
3151 3456 3545 3530 transposito,
3599 3455 3917 3513 Hludowi-

2241 3560 2381 3600 cum
2409 3543 2568 3600 bello
2588 3543 2872 3617 impetere
2892 3544 3145 3602 moliens
3173 3547 3221 3618 ⁷,
3251 3545 3623 3617 cogitatuum
3652 3562 3915 3603 suorum

2241 3632 2556 3691 conatibus
2589 3633 2609 3669 ⁸
2636 3632 2943 3706 frustatus,
2973 3633 3035 3690 in
3075 3634 3351 3691 Carolum
3403 3634 3602 3692 subito
3632 3636 3910 3706 vertitur,

2239 3727 2404 3779 ratus
2433 3737 2574 3779 eum
2617 3720 2855 3792 longius
2899 3739 2936 3779 a
2967 3722 3146 3780 fratre
3194 3722 3541 3780 Hludowico
3567 3724 3907 3796 separatim

2239 3826 2598 3882 aggressum
2674 3811 2906 3868 facilius
2965 3812 3387 3882 evincendum.
3435 3812 3684 3870 Carolus
3759 3813 3912 3870 Loti-

2238 3900 2386 3957 tiam
2435 3900 2449 3935 ί
2507 3899 2873 3956 Parisiorum
2922 3916 3248 3971 regressus,
3313 3901 3563 3958 transito
3619 3903 3911 3976 Sequana

2237 3988 2486 4046 ﬂumine
2545 3989 2806 4046 Lotharii
2860 3989 3270 4047 molitionibus
3325 3990 3430 4048 diu
3482 3989 3747 4048 obsistit.
3797 3993 3908 4048 Lo-

2237 4078 2466 4136 tharius
2543 4079 3010 4153 transpositione
3077 4079 3245 4136 ﬂuvii
3307 4079 3672 4153 prohibitus,
3725 4096 3906 4153 supe-

2234 4168 2423 4225 riores
2492 4168 2681 4242 ipsius
2758 4172 3043 4240 expetens
3114 4172 3314 4242 partes
3391 4184 3498 4242 per
3570 4169 3906 4242 Mauripen—

474 4259 563 4312 tes
581 4254 659 4310 ab
679 4253 1684 4312 eoruminterfectionecessandum
1705 4255 2125 4325 decreverunt;
2163 4293 2203 4331 ἡ
2237 4273 2364 4314 sem
2407 4259 2420 4310 i
2461 4273 2689 4330 pagum
2749 4259 3012 4315 Senones
3064 4261 3355 4331 penetrat,
3395 4257 3557 4314 unde
3609 4261 3668 4314 et
3715 4259 3905 4314 Ceno-

473 4343 623 4417 quin
653 4343 832 4400 etiam
859 4344 1098 4415 longius
1137 4361 1172 4401 a
1203 4344 1414 4400 castris
1459 4343 1709 4401 obtentu
1740 4345 2128 4403 Christianita-

473 4433 549 4491 tis
610 4433 902 4506 fugientes
984 4433 1264 4507 persequi
1343 4432 1672 4503 desierunt,
1705 4433 2125 4508 episcopisque

2234 4361 2494 4403 mannos
2548 4345 2712 4402 nullo
2782 4347 3023 4418 negotio
3075 4346 3306 4417 adiens,
3367 4350 3584 4404 cuncta
3637 4347 3898 4420 rapinis,

2233 4434 2546 4504 incendiis,
2571 4434 2814 4508 stupris,
2839 4434 3185 4506 sacrilegiis,
3205 4435 3728 4510 sacramentisque
3745 4436 3900 4494 adeo

1754 4577 2152 4636 VARIANTES
2204 4580 2496 4636 LECTION
2504 4579 2605 4636 ES.

546 4686 562 4720 ί
591 4684 946 4742 inhaerentes
974 4685 1084 4742 Ch.
1163 4685 1184 4720 ³
1214 4683 1664 4758 propinquante
1697 4685 1798 4742 Ch.
1879 4685 1900 4719 ³
1929 4684 2335 4758 celeberrimis
2364 4685 2475 4743 Ch.
2555 4687 2574 4719 ⁸
2605 4684 2873 4758 corporis
2905 4685 3015 4743 Ch.
3048 4692 3104 4743 et
3142 4687 3217 4742 Β.

3257 4686 3425 4755 Quod
3453 4686 3897 4744 emendandum

473 4760 696 4831 censui.
772 4759 794 4792 ⁵
822 4758 1148 4831 invexerat,
1183 4755 1370 4814 Gaula
1399 4755 1691 4826 Grusalia,
1719 4773 1855 4831 qua:
1886 4756 2080 4817 vicina
2109 4757 2240 4815 loco
2269 4757 2379 4815 Ch.
2459 4759 2480 4794 ⁸
2509 4755 2894 4815 rerum—deest
2925 4758 3035 4815 Ch.
3114 4759 3133 4792 ⁷
3163 4757 3439 4815 molliens
3470 4758 3581 4815 Ch.
3663 4760 3686 4795 ⁸
3717 4775 3899 4817 cona-

474 4827 634 4885 tibus
659 4830 818 4886 deest
844 4829 953 4887 Ch.

2067 4920 2290 4978 NOTE.

543 5022 821 5149 ἓξὲξιὲ
851 5025 1143 5083 Chronico
1170 5027 1246 5082 de
1293 5025 1472 5097 gestis
1518 5028 2003 5084 Normannorum
2027 5042 2124 5083 ex-

472 5108 830 5150 scribuntur.

539 5166 568 5207 δ
596 5166 765 5222 Freto
794 5163 1097 5238 Caletano,
1128 5168 1344 5224 Canal.

541 5246 565 5274 ο
587 5239 813 5294 Rauen.

538 5309 561 5336 "
589 5309 672 5365 Cf.
706 5305 970 5365 Nithardi
996 5305 1167 5380 Hist.,
1199 5306 1301 5361 lib.
1331 5323 1408 5377 iv,
1439 5323 1570 5380 cap.
1600 5315 1652 5365 2.

540 5393 563 5416 οδ
609 5382 958 5437 Walcheren
990 5377 1205 5435 insula.

540 5448 558 5490 ί
595 5450 676 5504 Le
694 5452 888 5506 Mans.

537 5531 564 5572 ε
590 5521 913 5577 Beauvais.

535 5588 557 5619 δ
583 5590 748 5648 Circa
777 5591 1081 5649 Leodium.

2306 5029 2321 5065 ι
2351 5027 2391 5085 Ι.
2417 5043 2470 5084 e.
2501 5027 2818 5086 Lutetiam.

2356 5098 2558 5155 Abbas
2590 5099 2814 5156 Lebeuf
2836 5102 3006 5174 putat
3043 5100 3478 5174 Mauripensem
3521 5114 3757 5174 pagum
3799 5116 3896 5158 ex-

2229 5174 2470 5245 tensum
2501 5185 2630 5226 esse
2661 5171 3374 5245 secus’ripamgdexte’ram
3393 5171 3687 5245 Sequana:
3705 5175 3893 5245 atque

2229 5242 2409 5316 etiam
2438 5257 2767 5316 parumper
2802 5242 2980 5316 secus
3028 5243 3343 5316 dexteram,
3380 5242 3618 5316 [caunte
3668 5242 3892 5316 ripam.

2229 5315 2486 5387 _V_ocatur
2504 5313 2846 5370 Morivensis
2878 5314 2938 5369 in
2970 5315 3114 5370 actis
3155 5315 3374 5387 synodi
3412 5313 3760 5387 Suessioni's
3782 5316 3892 5371 ha-

2226 5382 2557 5467 bitaganno
2589 5389 2691 5467 ΒΨ
2719 5405 2731 5453 ;
2756 5391 2811 5442 et
2837 5387 3122 5467 Morvisus
3143 5382 3212 5467 in
3244 5387 3434 5442 Caroli
3468 5386 3630 5467 Calvi
3654 5387 3890 5467 capitu-

2227 5453 2299 5527 lis
2331 5455 2791 5527 Silvacensibus,
2823 5473 2921 5512 an.
2946 5461 3069 5514 8533.
3097 5458 3322 5527 Lingua
3341 5458 3668 5514 vernacula
3689 5453 3890 5513 dictus

2225 5524 2421 5603 fuerat
2468 5528 2540 5603 ιε⁸
2561 5524 2843 5603 Μρνυοϊε,
2872 5524 3264 5600 postmodum
3313 5532 3596 5603 corrupto
3633 5529 3887 5588 nomine

2231 5597 2284 5653 le
2309 5596 2584 5655 Montois.
2621 5601 2790 5663 Bono.
