4158 6192
223 211 340 270 I393

1730 192 2079 253 ANNALES.

3478 204 3622 259 1394

217 331 463 403 iniuriat,
491 334 558 388 ut
579 346 657 387 ne
685 329 763 387 ab
819 329 970 402 ipsis
1026 328 1225 403 adytis
1273 326 1653 399 temperaret.
1704 323 1855 378 Nam
1887 319 1935 374 A
1966 321 2085 377 tem
2116 322 2507 394 celebrantes,
2561 325 2836 382 homines
2892 325 3164 399 ipsarum
3219 324 3484 398 partium
3539 324 3621 381 ad

216 436 620 497 quoscumque
641 419 917 475 salvandi
946 418 1134 489 gratia
1155 417 1449 490 repositos
1478 414 1573 471 vel
1587 413 1651 470 in
1681 409 1856 467 eccle-

217 513 306 569 siis
328 511 421 569 vel
451 512 514 567 in
543 525 753 566 earum
797 507 1237 581 gazophylaciis
1295 507 1628 570 thesauros,
1677 500 1856 558 etiam

215 600 613 661 sacerdotibus
643 602 701 655 et
727 601 1060 653 ceterorum
1105 596 1391 653 ordinum
1420 592 1646 651 clericis
1695 591 1856 646 iura-

212 694 402 749 mento
425 687 741 754 devinctis,
768 685 1026 759 reperire
1055 685 1271 757 potuit,
1303 684 1537 742 auferre
1587 695 1710 737 non
1732 678 1856 734 dis-

211 770 329 835 tulit
349 798 362 848 ;
384 779 550 852 ipsas
579 792 824 850 quoque
855 774 1337 832 sanctimoniales
1362 772 1577 830 divinis
1598 769 1857 828 cultibus

209 868 428 925 deditas
450 865 708 923 feminas
732 866 793 921 in
825 864 916 920 sui
945 868 1328 921 sacramenta
1362 862 1574 933 coegit.
1612 857 1857 918 Carolus

209 955 363 1030 apud
390 954 650 1012 Parisius
669 952 891 1010 diutius
923 952 1284 1022 diversatus,
1339 951 1554 1008 urbem
1579 948 1854 1006 Catalau-

207 1046 310 1113 nis,
340 1043 662 1102 dominicas
691 1041 1018 1100 nativitatis
1048 1042 1270 1099 festum
1309 1042 1396 1099 ibi
1448 1039 1855 1097 celebraturus

207 1136 455 1194 advenit.

872 1204 1190 1262 DCCCXLII

278 1312 415 1370 Inde
442 1315 656 1371 Trecas
681 1311 912 1379 adiens,
942 1327 1051 1385 per
1108 1312 1423 1368 Alsensem
1471 1320 1496 1347 ι
1542 1324 1770 1383 pagum
1800 1309 1856 1363 et

207 1403 431 1459 Tullum
457 1401 774 1464 civitatem,
808 1401 1021 1471 Vosegi
1051 1401 1204 1458 saltu
1251 1399 1634 1473 transposito,
1666 1412 1852 1471 penes

211 1494 662 1562 Argentoratum
727 1488 942 1545 urbem
978 1489 1143 1546 fratri
1200 1489 1546 1546 Hludowico
1604 1486 1854 1543 coniun-

209 1582 373 1652 gitur.
418 1578 734 1636 Lotharius
776 1578 944 1635 nulla
971 1579 1207 1650 penitus
1239 1595 1351 1635 sua
1392 1591 1716 1634 suorumve
1746 1573 1856 1631 uti-

1966 425 2094 467 sese
2122 413 2484 485 refugientes
2511 415 2867 488 suscipiunt,
2896 414 3265 487 fratremque
3294 416 3315 450 δ
3337 414 3621 487 persequi

1965 499 2330 560 desistentes.
2366 504 2589 571 Quibus
2638 503 3038 577 multipliciter
3092 504 3369 577 receptis,
3423 503 3621 560 fratris

1968 588 2197 647 abitum
2253 593 2448 662 gradu
2504 593 2867 650 tardiusculo
2928 592 3347 666 insequuntur,
3407 592 3553 665 quia
3596 593 3620 630 ⁸

1966 680 2131 750 apud
2159 681 2371 737 fratres
2403 699 2585 756 super
2604 682 2769 756 pacis
2798 681 3022 739 fcedere
3049 681 3187 739 licet
3211 682 3434 739 invitus
3466 685 3622 739 sata-

1966 784 2135 841 gens,
2159 770 2388 840 legatos
2420 772 2642 844 quibus
2685 771 3017 845 plurimum
3045 771 3348 828 nitebatur
3397 770 3614 841 dirigit.

1964 860 2163 917 Electo
2194 860 2272 918 ad
2290 861 2405 917 hoc
2426 863 2735 932 negotium
2750 862 2775 898 ’¹
2810 862 3165 921 Matasconis
3187 862 3355 918 urbis
3374 860 3616 933 vicinio,

1963 949 2101 1006 illuc
2139 951 2441 1024 utrimque
2480 954 2689 1020 coitur,
2720 957 2778 1010 et
2833 953 3143 1027 utriusque
3188 953 3375 1026 partis
3422 955 3619 1009 castra

1963 1049 2143 1097 Arare
2170 1040 2354 1098 ﬂuvio
2384 1041 2717 1110 dirimente,
2740 1042 2803 1100 in
2831 1042 3167 1117 quamdam
3188 1042 3444 1100 insulam
3466 1043 3620 1113 ejus-

1962 1128 2102 1186 dem
2132 1129 2397 1187 ﬂuminis
2427 1130 2507 1188 ad
2535 1147 2858 1189 commune
2888 1132 3259 1206 colloquium
3275 1134 3617 1223 aspectum-

1961 1236 2079 1295 que
2109 1224 2345 1278 coeunt.
2375 1221 2483 1278 Ubi
2500 1222 2679 1281 venia
2696 1223 2771 1280 de
2798 1223 3110 1296 prateritis
3138 1239 3458 1297 perperam
3484 1221 3617 1295 ges-

1961 1309 2035 1366 tis
2065 1310 2328 1366 vicissim
2358 1311 2661 1383 postulata
2688 1315 2867 1386 atque
2884 1317 3148 1386 accepta,
3169 1315 3616 1370 sacramentum

1961 1414 2206 1471 quoque
2235 1398 2383 1455 alter
2411 1400 2577 1456 alteri
2606 1417 2764 1457 verae
2794 1402 2963 1473 pacis
2993 1402 3499 1475 fraternitatisque
3528 1401 3617 1457 iu-

1961 1488 2263 1549 raverunt,
2297 1490 2354 1541 et
2380 1486 2454 1541 de
2484 1487 2655 1557 regni
2684 1487 2865 1543 totius
2896 1489 3084 1560 aequis
3114 1488 3496 1561 portionibus
3522 1488 3616 1545 di-

1962 1574 2239 1645 ligentius
2270 1574 2558 1631 faciendis
2610 1574 2895 1631 Kalendis
2944 1576 3301 1634 Octobribus
3358 1577 3421 1632 in
3466 1576 3616 1634 urbe

207 1671 360 1727 litate
390 1668 697 1726 inferiores
726 1667 922 1725 Galliae
943 1671 1143 1740 partes
1172 1671 1484 1741 tantopere
1504 1665 1850 1740 populatus,
1890 1667 1937 1725 Β
1966 1663 2562 1733 Mediomatricorum,
2597 1664 2757 1721 Metis
2782 1665 3080 1722 vocabulo
3111 1667 3154 1735 ⁸,
3202 1665 3613 1723 decreverunt.

203 1775 342 1830 erga
369 1758 735 1815 Parisiorum
767 1757 1040 1813 Lotltiam
1085 1756 1339 1812 ﬂuvium
1371 1758 1664 1830 Sequanae
1700 1748 1857 1810 tran-

206 1848 376 1915 siens,
416 1846 795 1921 Aquasgrani
824 1846 1018 1912 rediit,
1064 1845 1447 1919 fratrumque
1492 1842 1857 1901 coniunctio-

208 1954 344 1994 nem
373 1936 648 2005 audiens,
681 1951 839 2006 aegre
867 1934 1017 1992 tulit.
1051 1934 1432 1991 Hludowicus
1484 1938 1541 1990 et
1582 1932 1852 2000 Carolus,

204 2042 322 2099 quo
352 2025 464 2081 sibi
490 2025 726 2081 ﬁrmius
755 2025 1017 2097 populos
1066 2023 1302 2096 utrique
1334 2022 1607 2079 subditos
1664 2025 1857 2078 necte-

205 2119 354 2184 rent,
384 2117 762 2170 sacramento
811 2129 940 2170 sese
985 2111 1268 2170 alterutro
1326 2111 1759 2179 devinxerunt;
1790 2110 1858 2166 ﬁ-

204 2203 365 2260 deles
397 2218 641 2276 quoque
669 2201 878 2275 populi
904 2201 1093 2274 partis
1121 2201 1430 2274 utriusque
1460 2200 1593 2274 pari
1607 2216 1670 2256 se
1694 2200 1855 2255 iura-

200 2294 403 2349 mento
435 2290 937 2353 constrinxerunt,
970 2292 1037 2347 ut
1065 2294 1196 2347 uter
1223 2289 1575 2347 eorumdem
1604 2289 1856 2346 fratrum

200 2381 489 2437 adversus
520 2380 777 2437 alterum
799 2378 1020 2435 sinistri
1066 2378 1382 2452 quippiam
1411 2378 1737 2442 moliretur,
1768 2393 1854 2433 re-

199 2469 337 2526 licto
394 2484 642 2542 prorsus
697 2472 942 2525 auctore
1008 2467 1257 2538 dissidii,
1325 2482 1536 2525 omnes
1592 2482 1723 2524 sese
1778 2465 1857 2523 ad

203 2562 561 2616 servatorem
626 2557 1009 2615 fraternitatis
1093 2556 1488 2629 amicitiaeque
1554 2560 1856 2613 converte-

199 2653 350 2705 rent.
385 2648 612 2714 Quibus
640 2648 914 2721 patratis,
948 2647 1027 2705 ad
1069 2647 1411 2703 Lotharium
1447 2646 1615 2720 pacis
1665 2646 1856 2717 gratia

202 2738 503 2809 dirigunt;
536 2738 639 2810 qui
666 2736 878 2807 legatis
909 2751 1119 2792 eorum
1157 2736 1303 2792 asui
1333 2736 1651 2809 praesentia
1676 2740 1855 2809 atque

204 2825 526 2898 conloquio
553 2824 841 2892 inhibitis,
876 2822 956 2879 ad
985 2823 1403 2880 obsistendum
1458 2823 1741 2881 fratribus
1793 2840 1855 2879 se

203 2929 466 2985 suosque
518 2912 807 2969 hostiliter
854 2916 1171 2985 praeparat.
1206 2914 1335 2978 Quo
1363 2913 1424 2968 in
1477 2912 1749 2969 Sentiaco
1782 2914 1797 2948 ³
1830 2913 1858 2953 δ

1965 1756 2048 1810 Ea
2076 1757 2427 1827 tempestate
2457 1758 2939 1813 Normannorum
2996 1755 3200 1813 classis
3254 1756 3316 1812 in
3346 1755 3617 1829 emporio

1964 1843 2130 1916 quod
2161 1844 2566 1910 Quantovicus
2596 1846 2617 1881 ο
2636 1844 2662 1881 ἀ
2682 1844 2917 1909 dicitur,
2940 1844 3252 1918 repentino
3281 1845 3395 1901 sub
3418 1845 3617 1901 lucem

1966 1936 2229 1993 adventu
2256 1933 2826 2006 depraedationibns,
2860 1934 3200 2006 captivitate
3264 1938 3322 1990 et
3349 1948 3495 1989 nece
3526 1949 3618 1990 se-

1962 2041 2077 2082 xus
2106 2022 2411 2096 utriusque
2431 2023 2749 2080 hominum
2778 2023 2930 2080 adeo
2961 2022 3316 2080 debacchati
3345 2026 3505 2090 sunt,
3551 2026 3621 2081 ut

1964 2113 2111 2172 nihil
2135 2113 2198 2169 in
2226 2128 2297 2169 eo
2325 2116 2541 2186 praeter
2567 2112 2820 2170 aediﬁcia
2850 2113 3040 2186 pretio
3092 2114 3139 2149 ¹⁰
3167 2113 3483 2185 redempta
3528 2128 3619 2170 re-

1962 2204 2319 2277 linquerent.
2338 2204 2676 2259 Maurorum
2695 2202 2876 2259 etiam
2891 2202 3099 2275 piratae
3120 2217 3228 2275 per
3255 2201 3617 2259 Rhodanum

1962 2308 2153 2367 prope
2180 2291 2485 2348 Arelatum
2514 2290 2715 2362 delati,
2748 2295 2963 2348 cuncta
2991 2292 3226 2366 passim
3265 2290 3616 2365 deprtsdati,

1964 2383 2214 2455 impune
2260 2380 2521 2438 oneratis
2570 2380 2825 2437 navibus
2854 2381 3111 2453 regressi
3164 2384 3321 2437 sunt.
3370 2380 3617 2438 Carolus

1965 2478 2165 2529 autem
2195 2486 2232 2527 a
2276 2471 2615 2526 Matascone
2644 2470 3032 2543 Aquitaniam
3070 2470 3379 2541 ingressus
3437 2472 3619 2542 atque

1964 2563 2350 2635 pervagatus,
2381 2558 2467 2615 ad
2495 2563 2899 2617 memoratum
2928 2559 3133 2632 placiti
3156 2559 3360 2615 locum
3388 2562 3447 2615 et
3471 2561 3621 2614 tem-

1964 2666 2081 2723 pus
2111 2648 2313 2705 venire
2342 2663 2467 2705 non
2495 2648 2739 2705 distulit.
2756 2644 3069 2706 Lotharius
3096 2648 3262 2721 apud
3279 2649 3620 2718 Augustam

1964 2740 2360 2795 Treverorum
2387 2736 2617 2809 legatos
2676 2740 3020 2795 Graecorum
3048 2747 3070 2773 ο
3102 2737 3368 2809 suscipit,
3414 2735 3621 2809 eisque

1965 2827 2276 2894 absolutis,
2336 2827 2605 2882 eiusdem
2633 2826 2837 2897 placiti
2866 2830 3132 2899 tempore
3189 2825 3416 2897 palatio
3450 2824 3620 2897 quod

1965 2916 2301 2975 Theodonis
2330 2915 2472 2971 villa
2501 2915 2719 2971 dicitur
2746 2915 2982 2971 resedit.

199 3001 449 3076 palatio,
482 3017 518 3057 a
575 3000 812 3057 Mosella
867 3001 1115 3056 ﬂumine
1182 3005 1317 3057 octo
1374 3000 1560 3056 ferme
1609 3000 1855 3057 milibus
1896 3027 1937 3081 ο
2037 3004 2443 3070 Hludowicus,
2497 3008 2817 3076 peragrata
2846 3002 3014 3059 omni
3045 3002 3324 3073 Saxonia,
3374 3004 3622 3059 cunctos

202 3092 563 3156 constructo,
604 3088 874 3144 eiusdem
900 3092 921 3125 ²
953 3088 1304 3145 transeundi
1344 3088 1686 3145 facultatem
1740 3088 1855 3144 dis-

200 3178 413 3252 positis
464 3178 751 3234 custodiis
809 3178 1164 3249 denegante,
1215 3177 1599 3234 Hludovvicus
1637 3178 1853 3249 navali,

198 3267 446 3325 Carolus
501 3267 759 3341 equestri
816 3273 1133 3341 apparatu,
1179 3271 1441 3324 castrum
1480 3267 1856 3324 Conﬂuentes

196 3356 571 3430 perveniunt,
602 3355 806 3429 ibique
837 3356 1145 3413 Mosellam
1175 3356 1419 3412 viriliter
1447 3358 1469 3392 ³
1491 3356 1742 3412 transire
1770 3359 1857 3412 in-

194 3445 575 3514 choantibus,
608 3461 819 3502 omnes
850 3445 1105 3502 Lotharii
1134 3446 1401 3502 excubiae
1440 3446 1718 3501 velociter
1747 3462 1854 3502 au-

196 3534 501 3606 fugerunt.
551 3534 883 3602 Lotharius,
943 3534 1256 3607 inopinato
1302 3535 1554 3592 fratrum
1593 3534 1855 3592 adventu

194 3623 451 3691 territus,
476 3623 670 3695 cessit,
705 3623 1078 3697 sublatisque
1129 3624 1358 3680 cunctis
1381 3624 1461 3681 ad
1492 3622 1855 3697 Aquisgrani

194 3712 422 3786 palatio
446 3718 574 3770 tam
599 3718 818 3770 sanctae
852 3714 1043 3769 Mariae
1072 3730 1258 3787 quam
1287 3714 1595 3785 regalibus
1617 3716 1857 3773 thesau-

191 3801 298 3866 ris,
330 3802 496 3858 disco
526 3802 706 3859 etiam
736 3802 904 3858 mira;
934 3802 1367 3872 magnitudinis
1414 3818 1483 3859 ac
1526 3804 1854 3875 pulchritu-

190 3891 356 3947 dinis
385 3895 687 3963 argenteo,
713 3891 776 3947 in
796 3907 921 3964 quo
951 3895 1007 3947 et
1036 3890 1198 3947 orbis
1222 3891 1398 3947 totius
1428 3891 1751 3966 descriptio
1801 3898 1857 3950 et

190 3983 501 4036 astrorum
530 3980 955 4050 consideratio,
982 3983 1040 4036 et
1080 3980 1283 4036 varius
1321 3979 1701 4053 planetarum
1739 3982 1855 4037 dis-

189 4085 432 4137 cursus,
465 4070 672 4126 divisis
699 4070 780 4127 ab
823 4070 1082 4127 invicem
1112 4069 1340 4142 spatiis,
1374 4069 1560 4140 signis
1590 4070 1854 4127 eminen-

187 4158 447 4215 tioribus
480 4159 714 4232 sculpta
743 4159 1064 4215 radiabant
1092 4168 1136 4230 °,
1169 4158 1570 4231 particulatim
1599 4159 1853 4232 praeciso

188 4247 441 4321 suisque
471 4248 807 4316 distributo,
842 4265 879 4305 a
907 4248 1129 4321 quibus
1158 4253 1382 4318 tamen,
1421 4251 1704 4322 quamvis
1734 4250 1851 4307 tale

1967 3095 2079 3151 sibi
2131 3099 2378 3150 eatenus
2437 3092 2792 3149 obsistentes
2847 3092 2907 3149 vi
2952 3094 2995 3128 ¹¹
3046 3096 3227 3166 atque
3283 3094 3507 3148 terrore
3537 3091 3623 3149 ita

1964 3183 2324 3258 perdomuit,
2358 3186 2424 3239 ut
2458 3181 2907 3255 comprehensis
2937 3181 3222 3239 omnibus
3277 3178 3623 3238 auctoribus

1964 3277 2144 3331 tantae
2172 3271 2518 3344 impietatis,
2549 3271 2655 3343 qui
2684 3275 2741 3327 et
2792 3271 3181 3327 christianam
3227 3270 3412 3327 ﬁdem
3467 3284 3623 3343 pene

1963 3362 2347 3436 reliquerant,
2401 3365 2458 3416 et
2512 3360 2625 3416 sibi
2682 3359 2928 3433 suisque
2973 3359 3254 3415 ﬁdelibus
3311 3363 3623 3432 tantopere

1964 3451 2339 3521 obstiterant,
2392 3449 2494 3505 140
2523 3448 2735 3520 capitis
2776 3448 3189 3521 amputatione
3220 3447 3521 3520 plecteret,
3560 3446 3624 3501 l4

1964 3539 2233 3613 patibulo
2263 3538 2569 3611 penderet,
2602 3536 2951 3594 innumeros
2979 3535 3400 3593 membrorum
3421 3535 3626 3608 praeci.

1965 3629 2129 3685 sione
2155 3628 2382 3684 debiles
2427 3625 2725 3693 redderet,
2782 3626 3139 3699 nullumque
3170 3624 3287 3681 sibi
3320 3624 3617 3681 ullatenus

1963 3717 2366 3788 refragantem
2386 3716 2763 3787 relinqueret.
2796 3715 3027 3771 Interea
3077 3713 3509 3770 Beneventanis
3537 3712 3624 3769 in-

1963 3812 2053 3862 ter
2080 3823 2143 3862 se
2193 3803 2648 3871 dissidentibus,
2709 3801 3019 3859 Sarraceni
3067 3801 3147 3856 ab
3176 3801 3373 3856 Africa
3402 3800 3481 3855 ab
3537 3800 3621 3855 eis

1962 3894 2211 3962 invitati,
2244 3893 2441 3965 primo
2470 3890 2719 3964 quidem
2767 3889 3170 3960 auxiliatores,
3230 3887 3621 3962 postmodum

1962 4001 2105 4041 vero
2134 3982 2374 4040 violenti
2419 3982 2803 4049 insecutores,
2854 3979 3148 4053 plurimas
3200 3978 3511 4035 civitatum
3560 3976 3623 4033 vi

1963 4074 2254 4131 obtinent.
2290 4071 2535 4129 Carolus
2562 4085 2771 4127 mense
2818 4068 3056 4126 Octobri
3107 4069 3186 4125 ab
3216 4068 3365 4125 urbe
3406 4066 3622 4126 Medio-

1964 4163 2350 4221 matricorum
2396 4161 2691 4233 Vangium
2746 4159 3073 4233 profectus,
3116 4158 3469 4215 Hludowico
3506 4156 3622 4215 fra-

1965 4254 2036 4311 tri
2064 4252 2466 4322 coniungitur.
2525 4250 2757 4318 Quibus
2812 4249 2960 4306 inibi
3010 4249 3236 4306 diutius
3295 4248 3622 4322 immoran-

188 4318 473 4392 mereede
532 4337 864 4409 conductis,
923 4318 1031 4410 per
1087 4318 1478 4395 contubernia
1543 4341 1851 4397 turmatim
1891 4382 1935 4436 D
1965 4344 2145 4413 tibus,
2178 4346 2234 4399 et
2261 4318 2460 4398 missis
2491 4340 2826 4398 alternatim
2849 4340 2929 4396 ad
2955 4338 3299 4396 Lotharium
3338 4318 3622 4393 interc‘ur-

187 4425 589 4481 deserebatur
618 4429 660 4492 ³,
705 4442 812 4499 per
842 4425 1179 4483 Catalaunis
1208 4427 1467 4499 fugiens,
1500 4428 1665 4501 apud
1716 4433 1850 4486 Tre-

185 4529 300 4570 cas
334 4514 602 4586 paschali
633 4516 1005 4572 solemnitate
1033 4521 1295 4589 peracta,
1348 4517 1705 4587 Lugdunum
1747 4535 1852 4591 pe-

186 4602 304 4658 tiit.
384 4602 762 4660 Hludowicus
818 4620 1003 4677 penes
1059 4604 1367 4661 Coloniam
1436 4606 1851 4680 Agrippinam,

184 4691 446 4748 Carolus
473 4691 537 4749 in
590 4693 919 4750 Heristallio
960 4691 1185 4766 palatio
1243 4693 1520 4751 eamdem
1577 4695 1856 4755 festivita-

1483 4815 1647 4869 VARI
1654 4818 1877 4874 ANTES

1962 4432 2232 4489 rentibus
2264 4447 2335 4487 ac
2365 4431 2440 4486 de
2478 4430 2647 4501 regni
2674 4427 3054 4502 portionibus
3083 4426 3341 4484 multum
3396 4426 3621 4497 diuque

1963 4519 2463 4584 consultantibus,
2523 4517 2769 4574 tandem
2821 4517 3136 4574 inventum
3190 4519 3297 4583 est,
3338 4518 3405 4570 ut
3454 4506 3625 4568 missi

1961 4608 2210 4667 trecitini
2267 4607 2285 4644 τ
2333 4623 2441 4681 per
2493 4606 2845 4663 universum
2901 4621 3024 4662 suae
3084 4603 3326 4662 ditionis
3364 4614 3622 4673 regnum

1962 4699 2379 4769 deligerentur,
2436 4711 2698 4769 quorum
2744 4694 3039 4752 industria
3094 4692 3432 4765 diligentior
3487 4690 3639 4747 des-

1939 4814 2340 4873 LECTIONES.

268 4897 288 4931 ¹
324 4897 457 4971 Quo
506 4897 841 4971 Hisentiaco
893 4898 1001 4955 Ch.
1080 4901 1109 4971 ²ί
1134 4903 1189 4956 et
1245 4900 1515 4957 eiusdem
1550 4902 1659 4960 Ch.
1737 4905 1759 4939 ³
1798 4906 1957 4963 deest
2018 4904 2125 4960 Ch.
2206 4903 2225 4936 ‘
2256 4902 2344 4958 ita
2373 4900 2704 4971 emendavi,
2769 4899 2872 4956 Ch.
2906 4905 2960 4956 et
3010 4901 3084 4956 B.
3119 4898 3497 4971 deferebatur
3546 4899 3624 4956 ιο.

180 4973 372 5038 gunt.
450 4968 745 5025 5fratrem
771 4971 881 5027 Ch.
960 4972 982 5007 ⁸

1011 4970 1117 5043 qui
1141 4972 1169 5027 ?
1246 4974 1265 5007 ⁷
1290 4974 1610 5044 negocium
1644 4976 1754 5033 Ch.
1833 4979 1853 5012 ⁸
1883 4976 2100 5033 iterum
2138 4974 2453 5029 convenire
2500 4974 2595 5029 vel
2640 4970 2815 5029 aliud
2857 4972 3325 5044 ez'usmodigame
3352 4970 3623 5044 decreve-

181 5042 340 5122 runt
363 5041 654 5122 accidisse
682 5042 937 5122 υέάειμν..
977 5116 986 5122 _
1019 5041 1051 5077 9—
1071 5041 1480 5122 quentovicus
1502 5045 1613 5102 Ch.
1686 5048 1731 5082 ¹⁰
1763 5047 1964 5122 precio
1989 5046 2098 5104 Ch.
2179 5047 2218 5080 “
2253 5046 2337 5101 sic
2360 5044 2673 5116 tegendum
2702 5059 2943 5111 censeo;
2980 5042 3088 5100 Ch.
3121 5041 3475 5101 obsistentes
3504 5042 3617 5111 sui,

180 5114 383 5181 atque
422 5115 664 5179 terrore,
695 5115 768 5170 B.
799 5113 1164 5170 obsistentes
1199 5114 1444 5188 suisque
1466 5120 1710 5175 terrore.

1791 5216 2019 5273 NOTE.

263 5305 295 5331 ⁸
324 5297 529 5381 Abbas
593 5298 819 5382 Lebe'uf
868 5301 1184 5358 Alsensem
1240 5304 1415 5426 Butat
1464 5317 1695 5375 pagum
1737 5319 1866 5361 esse
1976 5304 2065 5360 rio
2092 5305 2282 5361 sancti
2306 5303 2540 5375 Judoci,
2564 5305 2628 5359 in
2648 5300 3287 5360 Ambianensidicecesi
3478 5309 3621 5354 vero

263 5367 426 5424 ΑΖοω
463 5369 716 5426 dictum.
739 5375 891 5426 mter
916 5374 1133 5426 Trecas
1160 5377 1217 5426 et
1285 5389 1488 5426 arrum
1516 5373 1595 5426 ad
1625 5374 1860 5426 Albam.
1973 5374 2174 5426 insum
2202 5391 2332 5426 esse
2363 5376 2553 5426 sancti
2576 5374 2783 5426 Judoci
2804 5374 3235 5426 monasterium
3255 5372 3617 5426 extstlmant.

184 5366 292 5442 ζΑ
304 5370 426 5424 zois
463 5369 716 5442 dictum,
739 5372 891 5429 inter
916 5374 1133 5429 Trecas
1160 5377 1217 5429 et

178 5441 484 5503 Bouousr.

268 5511 299 5550 δ
332 5512 562 5584 δξηῑὶθ.

270 5590 300 5659 εξ
328 5581 761 5659 Cf_._Eginhardi
793 5586 1231 5659 VitamgCaroli,
1265 5603 1397 5659 cap.
1434 5591 1520 5645 33.

220 5722 233 5733 .
271 5650 304 5691 ά
336 5650 685 5736 Αϋῇριιῐεωῐ
714 5650 1373 5736 Quantovicumlocum
1403 5674 1531 5736 esse
1559 5659 1641 5717 ad
1670 5662 1866 5726 Quan-

178 5727 359 5781 tiam
394 5727 595 5799 situm,
624 5742 748 5788 non
775 5728 953 5802 longe
979 5745 1017 5788 ο.
1046 5728 1326 5798 Stabulis,
1358 5734 1460 5789 aut
1498 5748 1536 5791 a
1564 5737 1865 5792 monaste-

1285 5373 1488 5430 arruni
1516 5373 1595 5429 ad
1625 5374 1860 5432 Albam.

1973 5374 2174 5433 ipsum
2202 5391 2332 5433 esse
2363 5367 2553 5433 sancti
2576 5374 2784 5432 Judoci
2803 5374 3235 5431 monasterium
3255 5367 3617 5426 existimant.

2027 5448 2279 5503 uatovici
2310 5447 2542 5505 cladem
2573 5446 2633 5503 in
2663 5463 2891 5504 annum
2912 5448 3017 5504 844
3064 5441 3256 5515 rejicit
3283 5439 3621 5498 Chronicon

1974 5517 2658 5594 Fon_tanellense.‘Bouo.
2852 5592 2857 5594 Α
2984 5584 3092 5594 ___.
3133 5584 3148 5594 _
3249 5582 3285 5594 ..
3378 5582 3390 5594 .
3495 5580 3592 5594 η...

1974 5596 2067 5717 Βοο
2094 5588 2160 5644 Id
2190 5593 2278 5645 est
2296 5580 2916 5662 Theodorae'Augustse
2943 5590 3001 5643 et
3025 5582 3321 5643 Michaelis
3341 5582 3471 5654 ejus
3489 5580 3616 5638 ﬁlii.

2058 5676 2147 5725 uo.

2197 5736 2286 5792 est
2320 5733 2544 5792 triceni.
