4160 6186
292 84 420 164 1397

1819 103 2154 161 ANNALES.

3551 109 3686 168 1398

286 224 681 284 marobrivee‘.
731 223 1187 281 “Ambianorum
1236 225 1578 297 episcopus,
1630 229 1689 284 et
1740 226 1940 297 Lupus
1972 226 2018 282 A
2048 230 2277 299 septem
2309 227 2542 284 milium
2590 225 2883 286 librarum
2927 228 3011 286 eis
3056 227 3340 298 exhibito,
3384 245 3422 287 a
3467 245 3708 302 progre-

285 316 495 387 abbas,
540 331 608 372 ac
651 312 753 368 filii
782 312 1034 369 Eckardi
1065 313 1297 370 comitis
1348 314 1491 383 duo,
1533 314 1673 372 item
1725 314 1940 370 Lokar-

286 405 476 476 dius’,
524 402 866 461 Guntardus
912 406 968 459 et
1023 402 1347 460 liichuinus
1406 403 1677 476 comites,
1741 403 1938 475 Engli-

285 497 478 552 winus
506 495 706 561 etiam,
740 493 960 567 aliique
987 509 1109 549 non
1149 494 1328 566 pauci
1357 493 1670 551 nobilium.
1725 497 1938 550 Nome-

287 585 500 655 nogius
533 584 706 640 Britto
738 583 948 640 eadem
980 585 1328 654 tempestate
1359 584 1512 639 iines
1546 583 1660 641 sibi
1690 581 1938 654 suisque

287 673 765 730 antecessoribus
821 671 1166 728 distributos
1221 672 1542 729 insolenter
1600 671 1935 741 egrediens,

287 767 703 822 Cenomannos
733 777 929 834 usque
967 765 1184 818 cuncta
1224 761 1403 831 longe
1449 761 1688 833 lateque
1736 776 1934 834 popu-

283 852 482 915 lando,
517 851 758 922 ignibus
807 851 983 909 etiam
1032 850 1294 924 plurima
1333 849 1682 918 cremando,
1729 866 1936 923 perve-

281 942 403 1009 nit;
433 941 536 997 ubi
565 941 774 998 audita
803 939 1328 997 Nordmannorum
1375 939 1434 996 in
1478 939 1630 996 fines
1677 940 1808 1011 ejus
1855 940 1934 997 ir-

278 1032 572 1104 ruptione,
604 1029 796 1088 redire
827 1029 1177 1101 compulsus
1207 1035 1314 1086 est.

349 1119 750 1186 Hludowicus,
772 1133 878 1174 rex
905 1118 1363 1190 Germanorum,
1413 1119 1671 1193 populos
1698 1118 1936 1178 Sclavo~

275 1226 408 1266 rum
434 1214 492 1265 et
521 1213 709 1265 terras
742 1223 1085 1279 aggressus,
1129 1208 1430 1283 quosdam
1477 1209 1539 1265 in
1567 1209 1934 1266 deditionem

273 1299 446 1372 cepit,
469 1295 780 1372 quosdam
804 1296 1112 1366 interfecit,
1133 1311 1344 1354 omnes
1365 1313 1517 1370 pene
1537 1297 1777 1354 illarum
1802 1313 1934 1370 par-
1986 1335 1988 1338 -

272 1387 421 1445 tium
463 1385 713 1458 regulos
763 1384 876 1441 sibi
917 1389 1018 1442 aut
1048 1384 1106 1442 vi
1136 1390 1241 1443 aut
1269 1386 1458 1456 gratia
1499 1386 1754 1457 subegit.
1788 1389 1934 1444 Nor-

272 1478 500 1536 tmanni
523 1477 558 1518 b
588 1475 952 1533 Britanniam
986 1475 1266 1545 insulam,
1319 1493 1391 1532 ea
1443 1493 1633 1550 quam
1669 1475 1934 1534 maxime

268 1571 436 1640 parte
462 1582 659 1642 quam
688 1564 1150 1635 Angli-Saxones
1198 1565 1486 1632 incolunt,
1539 1565 1699 1622 bello
1747 1565 1932 1637 impe-
1960 1599 2006 1652 Β

271 1658 477 1723 tentes,
509 1652 712 1710 triduo
739 1653 1072 1727 pugnando
1102 1652 1357 1708 victores
1403 1653 1616 1720 effecti,
1667 1653 1930 1725 praedas,

269 1744 538 1816 rapinas,
571 1758 744 1798 neces
775 1741 1003 1816 passim
1047 1741 1349 1808 facientes,
1398 1745 1554 1797 terra
1601 1757 1712 1814 pro
1738 1741 1931 1798 .libitu

267 1833 599 1906 potiuntur.
643 1833 868 1888 Interea
913 1829 1179 1899 fratrum,
1232 1827 1294 1884 id
1342 1835 1434 1886 est
1483 1828 1760 1900 Lotharii,
1799 1828 1931 1884 Hlu-

266 1921 484 1978 dowici
514 1923 574 1976 et
603 1917 817 1985 Caroli,
865 1917 1204 1974 alternatim
1233 1916 1492 1974 fraterno
1523 1917 1742 1974 affectu
1770 1917 1933 1988 lega-

269 2011 340 2067 tis
405 2005 798 2066 multifariam
855 2007 1352 2080 discurrentibus,
1427 2023 1635 2063 mense
1691 2007 1931 2063 Octobri

263 2098 450 2154 iidem
479 2112 667 2169 penes
690 2095 1026 2152 Theodonis
1057 2095 1259 2152 villam
1291 2096 1674 2166 conveniunt,
1699 2095 1930 2152 habito-

265 2201 386 2258 que
445 2184 662 2240 diebus
715 2183 944 2258 aliquot
997 2183 1297 2240 amicabili
1356 2183 1929 2256 pernecessarioque

266 2272 617 2346 conloquio,
642 2272 795 2329 inter
824 2287 888 2328 se
918 2269 1295 2329 fraternitatis
1326 2276 1382 2329 et
1411 2273 1672 2329 caritatis
1699 2273 1839 2344 jura
1866 2269 1927 2330 in

265 2367 583 2435 posterum
596 2375 720 2416 non
736 2358 1020 2416 violanda
1039 2359 1193 2416 confi
1202 2377 1290 2416 rm
1299 2365 1419 2417 ant.
1441 2363 1662 2417 Omnes
1682 2375 1928 2435 quoque

265 2450 714 2508 discordiarum
740 2452 966 2506 satores
991 2452 1275 2506 cauturos
1309 2448 1618 2506 sollicitius
1658 2461 1927 2506 exsecra-

267 2546 580 2614 turosque,
630 2541 687 2596 et
734 2541 955 2595 statum
1013 2537 1422 2606 ecclesiarum,
1472 2537 1925 2594 imminentibus

265 2628 726 2686 necessitatibus
774 2626 1104 2685 foedissime
1152 2627 1332 2684 rebus
1387 2627 1800 2697 dilaceratum,
1855 2642 1926 2684 ac

262 2719 548 2792 personis
575 2718 774 2774 minus
807 2718 1107 2788 congruis,
1141 2717 1201 2773 id
1230 2721 1317 2774 est
1341 2717 1528 2783 laicis,
1575 2717 1753 2788 vulgo
1781 2732 1925 2774 con-

262 2810 578 2877 traditum,
610 2808 1119 2879 redintegraturos
1169 2821 1295 2865 sese
1335 2808 1708 2882 promittunt.
1760 2805 1926 2862 Unde

263 2901 322 2956 et
352 2899 432 2955 ad
461 2897 803 2970 Pippinum,
844 2895 1248 2952 Landbertum
1279 2899 1458 2969 atque
1489 2897 1926 2966 Nomenogium

262 2987 436 3061 pacis
489 2986 677 3058 gratia
728 2984 944 3041 missos
995 2984 1218 3058 pariter
1263 2984 1587 3054 destinant,
1644 2988 1709 3041 ut
1762 2983 1926 3041 fratri

263 3075 486 3134 Carolo
512 3078 578 3131 ut
602 3073 947 3131 obedientes
977 3072 1184 3129 ﬁdeles
1215 3073 1289 3129 de
1320 3078 1515 3128 cetero
1545 3073 1927 3146 permansuri

260 3179 580 3223 occurrere
632 3180 756 3219 non
803 3162 1117 3231 differant;
1166 3163 1259 3218 sin
1308 3162 1476 3234 alias,
1531 3163 1615 3218 eis
1659 3167 1925 3237 tempore

259 3255 614 3327 opportuno
666 3251 910 3308 viriliter
963 3253 1326 3323 conglobati,
1388 3267 1600 3309 eorum
1674 3252 1924 3309 inﬁdeli-

259 3345 493 3404 tatibus
537 3342 910 3408 ulciscendis,
961 3358 1022 3400 se
1070 3343 1518 3402 iuterminando
1547 3343 1919 3418 profecturos

256 3433 688 3508 pronunciant.

331 3522 708 3582 Nordmanni
735 3536 843 3595 per
871 3521 1240 3580 Garrondam
1266 3523 1547 3579 Tolosam
1575 3537 1768 3596 usque
1788 3537 1923 3596 pro-

253 3615 617 3682 ﬁciscentes,
650 3614 891 3686 praedas
921 3612 1148 3686 passim
1174 3613 1541 3688 impuneque
1568 3612 1918 3687 perﬁciunt;

255 3704 430 3760 unde
453 3703 708 3772 regressi
734 3702 983 3774 quidam
1015 3701 1440 3776 Galhciamque
1477 3704 1763 3774 adgressi,
1787 3716 1923 3777 par-

255 3795 371 3850 tim
406 3791 843 3848 balistariorum
872 3805 1146 3861 occursu,
1178 3793 1400 3864 partim
1422 3796 1772 3865 tempestate
1795 3809 1922 3851 ma-

255 3884 346 3940 ris
372 3882 682 3954 intercepti
704 3882 1087 3954 dispereunt;
1122 3884 1228 3938 sed
1254 3887 1312 3939 et
1329 3883 1581 3956 quidam
1603 3900 1812 3940 eorum
1837 3884 1923 3941 ul-

254 3971 497 4030 terioris
518 3971 813 4044 Hispaniae
836 3975 1037 4044 partes
1060 3972 1282 4037 adorsi,
1304 3972 1411 4028 diu
1433 3973 1762 4046 acriterque
1784 3991 1922 4032 cum

256 4061 612 4121 Sarracenis
638 4060 1013 4132 dimicantes,
1036 4063 1283 4120 tandem
1303 4062 1443 4119 victi
1462 4063 1750 4122 resiliunt.

929 4207 1259 4268 DCCCXLV.

332 4330 535 4388 Hiems
554 4330 902 4402 asperrima.
926 4330 1452 4388 Nordmanncrum
1474 4348 1660 4390 naves
1682 4338 1924 4392 centum

253 4419 476 4490 viginti
498 4431 701 4476 mense
725 4420 927 4478 Martio
948 4437 1056 4493 per
1077 4423 1421 4495 Sequanam
1446 4423 1588 4479 hinc
1617 4427 1675 4479 et
1702 4423 1922 4479 abinde

253 4511 485 4564 cuncta
493 4511 818 4578 vastantes,
828 4509 1110 4566 Loticiam
1121 4511 1490 4566 Parisiorum
1506 4509 1671 4564 nullo
1683 4508 1922 4578 penitus

246 4595 598 4656 obsistente
634 4598 987 4672 pervadunt.
1028 4595 1256 4662 Quibus
1285 4613 1424 4652 cum
1445 4596 1690 4653 Carolus
1718 4610 1922 4651 occur:-

248 4702 394 4744 rere
413 4686 737 4756 moliretur,
757 4687 861 4743 sed
881 4685 1202 4759 praevalere
1219 4700 1362 4743 suos
1380 4684 1722 4742 nullatenus
1743 4700 1922 4757 posse

246 4776 650 4851 prospiceret,
682 4776 1050 4850 quibusdam
1096 4774 1504 4848 pactionibus,
1563 4778 1622 4830 et
1673 4790 1922 4840 munere

2047 315 2268 372 diendo
2298 315 2686 390 compescuit,
2715 333 2786 374 ac
2818 317 3008 374 redire
3039 318 3352 392 persuasit.
3381 318 3708 379 Fulcradus

2047 419 2249 462 comes
2271 408 2327 460 et
2347 405 2524 462 ceteri
2546 404 2941 462 Provinciales
2963 405 3042 462 ab
3065 405 3339 464 Lothario
3353 407 3376 442 ⁸
3399 406 3710 483 deﬁciunt,

2048 492 2280 570 sibique
2335 495 2693 568 potestatem
2767 494 2974 565 totius;
3017 494 3342 552 Provinciae
3384 501 3708 570 usurpant.

2048 581 2576 640 Nordmannorum
2603 598 2709 640 rex
2741 583 2946 642 Oricus
2967 592 2990 621 ο
3020 587 3333 642 sexcentas
3371 600 3559 644 naves
3600 603 3710 660 per

2045 670 2244 728 Albim
2295 671 2547 729 ﬂuvium
2605 672 2667 728 in
2718 672 3100 732 Germaniam
3155 673 3446 732 adversus
3477 675 3706 734 Hludo—

2043 761 2266 817 wicum
2293 759 2528 831 dirigit:
2562 761 2785 835 quibus
2817 763 3084 821 Saxones
3112 767 3515 831 occurrentes,
3547 781 3709 824 com-

2045 850 2232 907 misso
2262 849 2488 923 praelia,
2519 850 2754 910 Domini
2797 852 2986 910 nostri
3031 851 3175 910 Jesu
3221 852 3434 911 Christi
3484 855 3711 916 auxilio

2044 940 2296 996 victores
2338 937 2722 998 efficiuntur:
2796 941 2956 998 unde
3017 939 3295 1014 digressi,
3361 941 3711 1006 Sclavorum

2043 1028 2374 1101 quamdam
2408 1027 2706 1106 impetunt
2747 1032 2805 1087 et
2834 1029 3082 1103 capiunt
3106 1030 3425 1090 civitatem.
3457 1031 3478 1061 ‘
3499 1035 3710 1092 Fames

2043 1117 2246 1174 valida
2277 1115 2472 1175 Galliae
2501 1117 2785 1177 interiora
2832 1118 3153 1188 consumit,
3205 1119 3357 1178 adeo
3406 1123 3470 1178 ut
3516 1121 3710 1180 multa

2043 1208 2361 1264 hominum
2418 1207 2586 1264 milia
2651 1207 2867 1267 eadem
2919 1207 3323 1270 invalescente
3379 1208 3710 1284 absumpta

2045 1297 2179 1354 sint.
2221 1296 2467 1355 Carolus
2519 1312 2734 1369 agrum
2779 1296 3116 1356 Floriacum
3136 1307 3178 1368 °,
3228 1298 3293 1355 in
3338 1315 3462 1374 quo
3514 1301 3709 1360 sancti

2043 1385 2342 1442 Benedicti
2393 1385 2830 1445 monasterium
2887 1387 3175 1456 consistit,
3233 1387 3556 1447 duodecim
3623 1389 3704 1448 ab

2043 1473 2501 1532 Aurelianorum
2527 1474 2675 1531 urbe
2703 1473 2919 1546 leugis,
2936 1474 3209 1548 veniens,
3232 1477 3554 1553 Pippinum
3578 1479 3706 1553 Pip-

2042 1563 2168 1637 pini
2196 1563 2388 1621 filium
2423 1562 2690 1638 suscipit,
2740 1567 2798 1620 et
2823 1563 3078 1642 receptis
3103 1564 3180 1626 ab
3211 1581 3283 1628 eo
3313 1567 3708 1628 sacramentis

2039 1651 2364 1718 ﬁdelitatis,
2396 1655 2698 1724 quatenus
2747 1652 2832 1711 ita
2879 1652 3166 1728 deinceps
3215 1653 3270 1710 ei
3322 1654 3517 1714 ﬁdelis
3555 1655 3709 1716 sicut

2038 1757 2228 1814 nepos
2253 1746 2470 1815 patruo
2500 1740 2792 1804 existeret,
2823 1744 2880 1798 et
2902 1741 2965 1800 in
2989 1741 3478 1820 quibuscumque
3501 1760 3706 1804 neces-

2041 1828 2314 1886 sitatibus
2345 1829 2460 1904 ipsi
2510 1845 2620 1904 pro
2660 1829 2891 1886 viribus
2938 1829 3230 1889 auxilium
3267 1829 3464 1899 ferret,
3518 1834 3703 1894 totius

2040 1917 2371 1992 Aquitaniae
2401 1917 2786 1979 dominatum
2834 1918 2949 1978 sibi
2992 1919 3286 1994 permisit,
3333 1923 3548 1994 praeter
3577 1919 3704 1979 Pic-

2040 2010 2234 2078 tavos,
2281 2010 2613 2068 Sanctonas
2643 2013 2699 2069 et
2728 2007 3166 2079 Ecolimenses;
3212 2009 3375 2068 unde
3404 2014 3462 2068 et
3489 2026 3703 2070 omnes

2038 2097 2397 2172 Aquitanici,
2446 2098 2552 2174 qui
2597 2102 2845 2156 eatenus
2891 2115 3032 2159 cum
3078 2098 3290 2158 Carolo
3338 2099 3593 2174 fuerant,
3620 2100 3701 2164 ad

2039 2187 2323 2247 eumdem
2379 2188 2700 2263 Pippinum
2755 2188 3040 2251 continuo
3097 2189 3188 2250 sui
3244 2189 3702 2254 conversionem

2037 2273 2270 2334 efﬁcere
2304 2277 2680 2338 studuerunt.

2107 2365 2510 2424 Beneventani
2554 2383 2695 2428 cum
2747 2367 3112 2440 Sarracenis,
3170 2367 3355 2430 veteri
3397 2367 3702 2433 discordia

2035 2455 2508 2526 recrudescente,
2595 2455 2797 2517 denuo
2866 2456 3177 2519 dissident.
3258 2457 3697 2532 Nordmanni‘,

2034 2543 2204 2602 alveo
2237 2547 2529 2618 Sequanae
2555 2560 2854 2623 remenso,
2899 2546 3094 2607 maria
3139 2550 3436 2624 repetunt,
3483 2550 3702 2608 cuncta
3797 2565 3804 2576 '

2037 2633 2220 2690 maris
2257 2631 2391 2690 loca
2437 2633 2693 2692 ﬁnitima
2736 2634 3042 2708 diripiunt,
3089 2639 3350 2708 vastant,
3399 2639 3579 2712 atque
3612 2635 3702 2694 in»

2036 2721 2264 2780 cendiis
2320 2725 2724 2784 concremant.
2802 2722 2914 2782 Sed
2970 2723 3106 2781 licet
3155 2723 3419 2799 peccatis
3476 2723 3700 2784 nostris

2036 2811 2247 2868 divinae
2277 2811 2561 2870 bonitatis
2610 2812 2859 2886 aequitas
2900 2812 3158 2874 nimium
3202 2814 3454 2883 offensa,
3505 2814 3700 2876 taliter

2035 2899 2501 2957 christianorum
2535 2905 2721 2962 terras
2751 2903 2809 2958 et
2835 2915 3026 2972 regna
3048 2901 3354 2971 attriverit,
3386 2917 3463 2963 ne
3494 2906 3698 2965 tamen

1985 2988 2212 3044 ‘etiam
2271 2989 2495 3061 pagani
2550 2988 3028 3061 improvidentite
3103 2994 3208 3050 aut
3277 2994 3434 3054 certe
3500 2991 3697 3067 impo-

2033 3078 2229 3135 tentiae
2259 3079 2580 3136 Dominum
2611 3079 3538 3155 omnipotentiaimungim’pune
3563 3081 3694 3142 diu-

2033 3168 2146 3229 tius
2203 3168 2644 3240 insimularent,
2702 3186 2841 3227 cum
2888 3186 2926 3229 a
2977 3169 3248 3244 quodam
3303 3171 3690 3244 monasterio,

2033 3258 2306 3316 Sithdiu‘
2355 3259 2622 3330 nomine,
2676 3259 2910 3334 direpto
2961 3261 3352 3334 incensaque,
3429 3262 3692 3324 oneratis

2029 3347 2287 3406 navibus
2322 3349 2702 3422 repedarent,
2749 3349 2831 3411 ita
2870 3349 3073 3412 divino
3113 3350 3336 3412 iudicio
3390 3350 3487 3415 vel
3536 3354 3694 3414 tono-

2029 3436 2153 3494 bris
2183 3437 2391 3494 caecati
2424 3442 2481 3501 et
2520 3438 2761 3498 insania
2805 3443 2947 3502 sunt
2987 3440 3265 3514 perculsi,
3312 3444 3378 3502 ut
3416 3440 3518 3502 vix
3562 3457 3696 3515 per-

2030 3527 2210 3600 pauci
2233 3527 2575 3598 evaderent,
2607 3529 2713 3606 qui
2741 3529 2844 3590 Dei
2872 3529 3296 3604 omnipotentis
3315 3530 3424 3588 iter
3445 3529 3465 3569 δ
3485 3529 3695 3593 ceteris

2028 3615 2403 3680 nunciarent.
2440 3617 2625 3684 Unde,
2655 3624 2720 3678 ut
2747 3619 2948 3689 fertur,
2981 3625 3317 3682 commotus
3355 3621 3560 3685 animo
3588 3636 3695 3685 rex

2031 3720 2240 3768 eorum
2262 3708 2283 3742 ⁸
2307 3706 2533 3770 Oricus,
2567 3707 2646 3769 ad
2678 3708 3110 3778 Hludowicum,
3142 3725 3344 3780 regem
3369 3713 3693 3772 Germano-

2030 3813 2186 3867 rum,
2217 3797 2450 3868 legatos
2480 3796 2649 3872 pacis
2694 3799 2886 3868 gratia
2931 3797 3208 3867 destinat,
3249 3800 3693 3870 captivitatem‘

2031 3885 2344 3947 absolvere
2370 3885 2807 3958 thesaurosque
2833 3889 3080 3958 paratus
3121 3902 3232 3959 pro
3275 3885 3506 3948 viribus
3529 3888 3693 3948 resti-

2032 3979 2215 4032 tuere.
2240 3974 2552 4036 Lotharius
2573 3975 2939 4036 Provinciam
2967 3973 3294 4046 ingressus,
3315 3974 3438 4038 fore
3456 3978 3646 4037 totam
3665 3978 3689 4018 ⁵

2032 4083 2154 4126 suae
2179 4064 2463 4140 potestati
2485 4068 2818 4138 recuperat.
2873 4065 3039 4134 Dani,
3068 4065 3175 4140 qui
3203 4081 3365 4129 anno
3394 4066 3690 4141 prs-terito

2029 4155 2414 4232 Aquitaniam
2465 4158 2866 4226 vastaverant,
2936 4161 3293 4224 remeantes.
3359 4159 3690 4220 Sanctonas

2029 4247 2346 4319 invadunt,
2379 4246 2766 4318 conﬂigentes
2804 4251 3108 4321 superant,
3148 4247 3486 4322 quietisque
3531 4248 3689 4307 sedi-

2030 4335 2145 4396 bus
2175 4337 2594 4394 immorantur.
2643 4335 2902 4396 Karolus
2931 4337 3292 4400 Britanniam
3320 4337 3517 4399 Gallia
3545 4353 3686 4395 cum

2029 4427 2240 4499 paucis
2271 4426 2473 4480 minus
2505 4430 2676 4480 caute
2703 4441 3047 4494 aggressus,
3094 4423 3509 4488 deﬁcientibus
3561 4425 3686 4483 suis

2029 4513 2209 4569 rebus
2291 4511 2529 4567 sinistra
2579 4512 2816 4583 fortuna
2881 4513 3193 4584 universis,
3267 4514 3686 4569 Cenomannos

2029 4601 2303 4658 festinato
2324 4600 2651 4672 revertitur,
2672 4603 3070 4676 reparatoque
3095 4601 3376 4668 exercitu,
3408 4600 3686 4660 eamdem

2029 4694 2205 4764 parat
2231 4690 2536 4763 impetere.

1564 4876 1956 4940 VARIANTES
1996 4877 2394 4940 LECTIONES.

335 4967 355 5005 ι
388 4964 504 5043 Cit.
536 4961 978 5043 somarobricre.
1011 4967 1033 5003 ³
1065 4964 1175 5029 Ch.
1207 4965 1269 5022 in
1299 4965 1574 5037 margine
1605 4963 1956 5029 Leutharius
1985 4967 2008 5004 ³
2033 4967 2295 5037 fortasse
2321 4982 2360 5028 s
2391 4967 2672 5028 Hlotaric.
2703 4968 2724 5008 ⁴
2750 4968 2948 5026 iram?
2974 4970 2997 5006 ⁵
3016 4969 3177 5028 deest
3201 4968 3312 5029 0h.
3343 4968 3688 5043 °ingressus

1865 5111 2087 5167 ΝΟΤΔΕ.

257 5036 589 5097 Bretotiam
622 5053 749 5095 sum
777 5036 888 5095 Ch.
919 5038 993 5092 Β.

335 5211 362 5241 ﬂ
522 5198 532 5209 .

337 5270 365 5312 δ
389 5198 778 5325 ﬁrmémmco
825 5267 899 5326 de
947 5268 1123 5338 gestis
1153 5271 1635 5334 Normannorum
1665 5269 1921 5343 exscrip-

261 5346 462 5469 ptlcnilir
489 5411 782 5470 Chronico
823 5411 898 5469 de
952 5413 1129 5483 gestis
1183 5417 1666 5479 Normannorum
1711 5413 1926 5472 exscri-

264 5486 464 5556 ptum.

346 5553 374 5594 ιι
399 5555 816 5630 Hamburgum
844 5553 1054 5615 innuit.

2102 5211 2126 5242 ι
2154 5200 2404 5283 Henry,
2436 5201 2542 5283 ubi
2571 5199 2802 5257 saeculis
2829 5200 3058 5276 aliquot
3085 5208 3222 5277 post
3268 5207 3435 5274 Hugo
3468 5200 3686 5258 Floria-

2032 5276 2227 5330 censis
2266 5276 2515 5345 scripsit.

2102 5346 2129 5434 f_
2156 5339 2624 5434 Chncbrbnicon.
2655 5339 2730 5401 de
2752 5345 2936 5417 gestis
2974 5349 3484 5412 Nummorum.

2105 5431 2129 5469 ε
2160 5418 2216 5471 S.
2245 5418 2483 5473 Bertini.

2105 5487 2132 5528 ιι
2160 5486 2226 5542 Id
2250 5492 2339 5544 est
2373 5487 2638 5564 captivos
2674 5489 3002 5548 universos.
