4158 6192
461 151 483 202 l
495 149 598 206 399

1086 267 1418 325 DCCCXLVl
1432 311 1444 325 .

520 378 776 433 Piratze‘
827 378 1131 430 Danorum
1180 375 1442 432 Fresiam
1494 376 1804 445 adeuntes,
1869 378 2107 448 recepto

446 481 559 542 pro
588 464 761 522 libitu
792 479 996 534 censu,
1053 465 1387 537 pugnando
1436 482 1681 540 quoque
1729 467 1980 522 victores
2024 463 2107 520 ef-

446 555 607 628 fecti,
635 557 758 610 tota
785 567 940 626 pene
969 553 1282 626 provincia
1310 555 1639 626 potiuntur.
1665 558 1886 612 Ventus
1907 553 2109 626 aquilo

445 660 556 720 per
584 647 773 700 totam
803 641 1044 699 hienem
1072 659 1268 716 usque
1293 643 1372 701 ad
1399 643 1533 716 ipsa
1561 645 1682 701 fere
1730 644 1860 700 Maii
1885 642 2109 699 mensis

444 732 618 791 initia
645 730 933 789 acerrime
964 732 1268 802 segetibus
1319 737 1376 789 et
1419 733 1608 789 vineis
1633 733 1943 790 incumbit.
1999 735 2109 788 Lu-

445 838 668 898 porum
687 819 949 878 incursio
963 821 1311 878 inferiorum
1327 821 1524 878 Galliae
1547 822 1810 895 partium
1831 821 2108 877 homines

448 911 879 970 audentissime
902 910 1169 978 devorat,
1201 911 1306 967 sed
1328 911 1458 968 etin
1481 911 1751 984 partibus
1778 911 2108 983 Aquitaniae

443 1000 509 1058 in
555 1000 810 1057 modum
865 1000 1156 1056 exercitus
1212 1017 1405 1073 usque
1459 1000 1539 1057 ad
1586 1005 1878 1056 trecentos
1925 999 2110 1055 ferme

447 1089 796 1161 conglobati
821 1092 878 1146 et
905 1105 1014 1162 per
1040 1089 1204 1146 viam
1235 1089 1393 1147 facto
1450 1090 1691 1160 agmine
1749 1089 2110 1160 gradientes,

445 1179 903 1252 volentibusque
931 1179 1201 1235 resistere
1225 1178 1450 1235 fortiter
1468 1178 1946 1251 unanimiterque
1972 1193 2113 1234 con-

445 1272 698 1326 trastare
720 1267 1008 1324 feruntur.
1032 1267 1280 1324 Carolus
1304 1267 1470 1340 apud
1517 1266 1723 1324 villam
1769 1267 1957 1323 sancti
2008 1269 2112 1322 Re-

445 1357 617 1427 migii
638 1356 666 1396 ιι
693 1397 707 1426 ,
741 1359 1153 1428 Sparnacum°
1181 1357 1453 1426 nomine,
1477 1360 1687 1412 contra
1715 1371 1948 1412 morem
1975 1371 2114 1411 con-

443 1450 692 1502 ventum
720 1444 930 1517 populi
958 1444 1050 1499 sui
1075 1444 1420 1515 generalem
1446 1459 1659 1499 mense
1691 1443 1859 1500 lunio
1879 1443 2110 1510 habuit,

444 1532 510 1590 in
531 1549 654 1606 quo
685 1532 1108 1605 episcoporum
1128 1531 1304 1601 regni
1328 1531 1419 1586 sui
1436 1531 1889 1603 pernecessaria
1908 1531 2114 1587 admo-

1518 146 1576 203 S.
1615 138 1994 202 PRUDENTII
2032 137 2408 199 TRECENSIS
2447 145 2780 204 EPISCOPI.

2135 267 2182 319 Α
2217 265 2498 326 Corduba
2523 271 2821 344 Hispaniae
2857 271 2935 328 ad
2964 270 3242 331 Carolum
3268 269 3438 343 pacis
3465 268 3736 343 petendae
3761 269 3883 326 fae-

3741 147 3880 204 M00

2216 355 2495 430 derisque
2524 358 2806 416 ﬁrmandi
2831 360 3022 431 gratia
3053 360 3317 430 veniunt,
3367 375 3521 433 quos
3571 359 3739 433 apud
3764 363 3883 416 Re-

2215 461 2455 502 morum
2496 449 3008 507 Durocortorum'
3066 450 3344 506 decenter
3395 452 3453 504 et
3501 449 3768 522 suscepit
3825 454 3879 506 et

2217 533 2490 592 absolvit.
2521 537 2686 593 Bodo
2714 539 2818 611 qui
2849 543 2986 596 ante
3018 553 3212 595 annos
3243 537 3470 610 aliquot
3498 551 3523 589 s
3552 537 3884 595 christiana

2215 623 2457 681 veritate
2487 625 2770 683 derelicta
2799 627 2876 683 ad
2909 627 3248 684 Iudaeorum
3277 625 3595 699 perﬁdiam
3630 641 3883 683 conces-

2215 719 2391 784 serat,
2435 714 2496 770 in
2526 719 2760 772 tantum
2790 717 2932 773 mali
2965 716 3234 790 profecit,
3283 721 3348 772 ut
3389 715 3451 772 in
3479 732 3694 772 omnes
3724 715 3884 772 chri-

2216 801 2440 858 stianos
2470 803 2765 876 Hispaniae
2793 805 3077 875 degentes
3117 809 3243 861 tam
3281 804 3438 876 regis
3469 821 3655 878 quam
3689 805 3883 876 gentis

2215 891 2676 950 Sarracenorum
2708 899 2943 951 animos
2977 895 3272 952 concitare
3312 894 3605 952 studuerit
3640 898 3683 964 ‘,
3729 910 3882 968 qua-

2215 983 2386 1036 tenus
2414 987 2517 1039 aut
2535 983 2736 1040 relicta
2765 983 3097 1041 christianae
3147 983 3289 1040 ﬁdei
3325 983 3614 1055 religione
3659 984 3737 1040 ad
3780 984 3879 1039 lu-

2215 1069 2485 1127 daeorum
2512 1073 2813 1129 insaniam
2848 1076 3387 1130 Sarracenorumve
3417 1073 3778 1132 dementiam
3809 1093 3878 1134 se

2215 1165 2648 1228 converterent,
2682 1167 2786 1219 aut
2814 1167 2969 1219 certe
3004 1179 3216 1220 omnes
3243 1163 3725 1221 interﬁcerentur.
3762 1168 3874 1222 Su-

2217 1265 2324 1322 per
2343 1267 2466 1322 quo
2492 1252 2766 1309 omnium
2792 1252 2948 1308 illius
2981 1254 3150 1323 regni
3173 1253 3637 1310 christianorum
3657 1256 3867 1327 petitio

2217 1338 2294 1394 ad
2327 1340 2604 1396 Carolum
2633 1357 2834 1413 regem
2882 1343 3172 1416 regnique
3223 1343 3314 1398 sui
3359 1342 3674 1416 episcopos
3722 1350 3879 1401 cete-

2218 1444 2437 1502 rosque
2467 1434 2684 1486 nostrae
2728 1430 2864 1487 ﬁdei
2913 1431 3155 1488 ordines
3198 1431 3648 1488 lacrimabiliter
3690 1434 3880 1490 missa

2219 1521 2328 1589 est,
2360 1522 2426 1574 ut
2452 1524 2821 1576 memoratus
2850 1525 3132 1594 apostata
3158 1525 3594 1593 reposceretur,
3643 1537 3717 1579 ne
3745 1523 3877 1580 diu-

443 1621 591 1679 nitio
615 1620 691 1676 de
722 1618 919 1676 causis
950 1619 1367 1676 ecclesiasticis
1395 1619 1479 1677 ita
1497 1619 1672 1676 ﬂocci
1695 1636 1888 1694 pensa
1908 1625 2014 1688 est,
2045 1625 2113 1678 ut
2141 1619 2180 1672 Β
2223 1607 2334 1666 lius
2361 1608 2696 1666 Christianis
2721 1609 2840 1666 illic
2867 1611 3247 1668 versantibus
3297 1616 3401 1668 διιί
3443 1611 3881 1684 impedimento

443 1709 547 1766 vix
575 1724 875 1783 umquam
933 1709 1265 1766 reverentia
1328 1708 1716 1783 pontiﬁcalis,
1763 1710 2110 1767 christiano-

443 1814 582 1856 rum
611 1799 906 1854 duntaxat
934 1798 1329 1871 temporibus,
1363 1798 1446 1855 sic
1479 1798 1822 1872 posthabita
1849 1799 2101 1870 legatur.

445 1886 724 1954 Quadam
755 1885 852 1942 die
881 1885 1078 1943 iunior
1102 1886 1354 1959 quidam
1378 1889 1393 1923 ¹
1423 1904 1563 1944 cum
1595 1904 1756 1961 equa
1785 1889 1987 1945 coiens
2013 1905 2100 1945 re-

443 1980 671 2050 pertus,
699 1975 924 2032 iudicio
953 1976 1323 2033 Francorum
1373 1977 1547 2033 vivus
1574 1977 1855 2035 incendio
1881 1994 2108 2034 crema-

449 2068 567 2123 tur.
596 2065 740 2121 Inde
786 2069 986 2138 partes
1014 2065 1330 2132 Britanniae
1349 2066 1604 2124 Carolus
1657 2084 1795 2124 cum
1848 2068 2109 2125 exercitu

447 2157 680 2228 petens,
711 2169 928 2228 pacem
955 2170 1095 2211 cum
1125 2155 1516 2228 Nomenogio,
1569 2155 1722 2214 duce
1756 2157 2106 2226 Brittonum,

445 2243 984 2302 intervenientibus
1013 2243 1155 2301 hinc
1184 2247 1242 2301 et
1264 2245 1405 2302 inde
1423 2248 1445 2280 ²
1479 2246 1872 2303 sacramentis
1910 2248 2107 2320 pacis-

446 2333 616 2394 citur.
650 2334 837 2391 Huius
863 2334 1008 2392 anni
1034 2350 1246 2392 mense
1271 2334 1421 2393 Maio
1443 2339 1608 2392 tanta
1638 2336 1804 2409 apud
1844 2337 2108 2394 Altiodo-

446 2439 587 2481 rum
617 2423 914 2481 civitatem
945 2423 1261 2481 inundatio
1287 2424 1629 2498 pluvarium
1661 2425 1848 2495 ﬂuxit,
1905 2431 1972 2483 ut
2007 2443 2108 2500 pa-

446 2511 625 2568 rietes
649 2516 992 2586 penetrans,
1024 2511 1187 2586 ipsas
1226 2513 1407 2570 etiam
1438 2529 1626 2587 cupas
1654 2513 1864 2587 plenas
1891 2515 2014 2572 vini
2042 2516 2105 2572 in

444 2598 703 2656 ﬂuvium
728 2605 1014 2656 Icaunam
1036 2601 1063 2641 ά
1087 2600 1372 2665 retulerit,
1403 2602 1511 2657 sed
1542 2606 1617 2672 et,
1649 2603 1816 2676 quod
1865 2608 1956 2660 est
2000 2605 2107 2661 mi-

444 2685 721 2752 rabilius,
771 2686 1106 2758 quamdam
1147 2687 1389 2745 vineam
1438 2705 1577 2745 cum
1602 2694 1778 2762 terra,
1804 2691 2023 2748 vitibus
2049 2697 2106 2749 et

446 2772 769 2831 arboribus
798 2774 1084 2831 omnibus
1108 2774 1171 2831 in
1200 2775 1365 2833 nullo
1394 2776 1754 2852 disruptam,
1784 2779 1865 2836 ita
1886 2785 1951 2837 ut
1980 2786 2107 2838 erat

448 2861 728 2931 solidam,
757 2879 794 2920 a
815 2867 986 2937 parte
1016 2867 1252 2921 Icaunaa
1290 2864 1557 2922 ﬂuminis
1596 2867 1658 2923 in
1687 2867 1936 2927 alteram
1962 2870 2106 2927 eius-

2221 1701 2323 1754 aut
2347 1699 2478 1755 neci
2508 1699 2677 1757 foret.

2288 1804 2434 1860 Dani
2465 1819 2489 1857 κ
2518 1811 2750 1878 partem
2797 1807 3092 1864 inferioris
3130 1806 3348 1878 Gallias,
3389 1823 3577 1880 quam
3615 1808 3884 1864 Britones

2213 1893 2502 1966 incolunt,
2535 1896 2848 1966 adeuntes,
2900 1901 2988 1952 ter
3025 1913 3165 1952 cum
3195 1895 3422 1952 eisdem
3454 1895 3754 1953 bellantes
3786 1912 3884 1954 su'

2211 1987 2459 2055 perant;
2516 1984 3039 2058 Nomenogiusque
3088 1984 3281 2040 victus
3339 2001 3478 2040 cum
3538 1985 3668 2041 suis
3714 1984 3882 2054 fugit,

2213 2069 2353 2126 dein
2381 2087 2487 2144 per
2517 2073 2537 2106 ⁵
2568 2070 2798 2143 legatos
2827 2072 3182 2129 muneribus
3229 2089 3266 2130 a
3314 2072 3439 2128 suis
3470 2089 3575 2130 eos
3630 2073 3878 2130 sedibus

2213 2159 2461 2218 amovit.

2287 2268 2546 2340 Sergius,
2575 2271 2882 2326 Romanus
2913 2269 3200 2343 pontifex,
3241 2272 3300 2325 vi
3326 2269 3585 2340 Kalend,
3618 2269 3884 2328 Februa-

2210 2356 2282 2412 rii
2311 2357 2681 2428 defungitur,
2727 2363 2782 2415 et
2835 2361 2949 2415 Leo
2978 2359 3040 2415 in
3071 2359 3200 2415 eius
3230 2358 3436 2416 locum
3465 2359 3718 2430 eligitur.
3756 2362 3886 2418 Sar-

2209 2447 2433 2517 raceni,
2465 2448 2724 2504 oneratis
2747 2449 3167 2505 thesaurorum
3194 2448 3600 2514 multitudine,
3629 2466 3786 2522 quos
3807 2466 3882 2506 ex

2209 2535 2460 2593 basilica
2508 2535 2667 2593 beati
2697 2537 2847 2594 Petri
2885 2536 3137 2611 apostoli
3185 2541 3584 2610 asportarant,
3616 2538 3875 2594 navibus

2211 2623 2405 2680 redire
2441 2624 2662 2692 conati,
2696 2641 2835 2680 cum
2865 2625 3018 2682 inter
3042 2624 3459 2696 navigandum
3507 2629 3627 2682 Deo
3667 2629 3723 2683 et
3763 2629 3877 2683 Do-

2215 2711 2380 2768 mino
2432 2716 2641 2768 nostro
2691 2713 2823 2770 Iesu
2862 2713 3089 2771 Christo
3133 2715 3386 2787 ejusque
3440 2715 3728 2788 apostolis
3778 2731 3886 2771 ore

2214 2799 2500 2872 pestifero
2535 2800 2915 2874 derogarent,
2961 2807 3091 2860 orto
3139 2806 3382 2876 repente
3407 2802 3724 2859 inevitabili
3755 2808 3884 2858 tur-

2214 2888 2378 2957 bine,
2413 2888 2654 2946 conlisis
2700 2890 2763 2947 in
2803 2907 2930 2948 sese
2988 2891 3269 2961 navibus,
3324 2907 3528 2949 omnes
3569 2896 3882 2965 pereunt:

448 2952 592 3010 dem
616 2952 785 3010 ﬂuvii
813 2957 1047 3028 partem
1101 2956 1557 3029 transposuerit,
1606 2973 1677 3016 ac
1707 2959 1755 3014 si
1804 2961 1866 3016 in
1890 2960 2106 3018 eodem

2222 2978 2501 3050 quaedam
2561 2980 2982 3037 thesaurorum
3036 2981 3098 3037 in
3151 2981 3383 3038 sinibus
3435 2981 3886 3052 defunctorum,

445 3055 595 3112 agro
625 3041 980 3099 naturaliter
1001 3041 1194 3099 fuerit.

527 3131 722 3187 Mense
749 3133 1006 3202 augusto
1045 3133 1357 3189 Sarraceni
1414 3134 1716 3208 Maurique
1767 3136 1958 3194 Tiberi
2003 3140 2112 3193 Ro-

375 3277 380 3281 ,
450 3232 621 3275 mam
654 3218 942 3292 aggressi,
973 3218 1289 3276 basilicam
1317 3219 1478 3277 beati
1516 3223 1666 3279 Petri
1695 3224 2108 3296 apostolorum

445 3306 739 3381 principis
807 3307 1211 3379 devastantes,
1260 3308 1481 3366 ablatis
1533 3327 1672 3367 cum
1725 3312 1858 3385 ipso
1917 3314 2108 3382 altari,

446 3395 617 3468 quod
672 3395 897 3452 tumbae
951 3397 1271 3452 memorati
1351 3399 1766 3471 apostolorum
1820 3401 2109 3477 principis

448 3484 901 3555 superpositum
931 3484 1144 3552 fuerat,
1178 3485 1462 3542 omnibus
1502 3491 1873 3547 ornamentis
1931 3499 2110 3566 atque

448 3570 771 3640 thesauris,
819 3571 1153 3642 quemdam
1211 3577 1480 3630 montem
1534 3581 1775 3634 centum
1819 3579 1897 3635 ab
1957 3580 2111 3638 Urbe

446 3657 694 3716 milibus
742 3657 1224 3716 munitissimum
1282 3670 1600 3736 occupant.
1655 3668 1816 3731 Quos
1862 3668 2110 3742 quidem

445 3746 678 3804 ducum
707 3746 730 3782 ⁸
783 3746 1027 3805 Hlotarii
1095 3748 1298 3805 minus
1341 3751 1618 3824 religiose
1671 3755 1868 3813 adorsi
1931 3761 2110 3832 atque

447 3833 627 3892 deleti
661 3839 839 3905 sunt;
874 3851 1018 3909 pars
1049 3840 1253 3894 autem
1281 3837 1546 3898 hostium
1585 3843 1903 3903 ecclesiam
1949 3847 2110 3904 beati

446 3922 616 3981 Pauli
667 3925 925 3999 apostoli
995 3926 1206 3985 adiens
1289 3945 1326 3988 a
1401 3933 1943 4006 Campaniensibus
2007 3953 2107 4012 op-

445 4028 681 4088 pressa,
711 4029 964 4088 prorsus
1020 4016 1326 4076 interfecta
1374 4025 1488 4078 est.
1551 4022 1952 4097 Hludowicus,
2005 4043 2111 4084 rex

450 4104 908 4167 Germanorum,
967 4105 1259 4165 adversus
1310 4109 1520 4167 Slavos
1597 4114 1921 4187 profectus,
1984 4121 2108 4174 tam

446 4191 729 4248 intestino
756 4207 1008 4249 suorum
1037 4196 1318 4254 conﬂictu
1346 4214 1531 4271 quam
1554 4199 1817 4258 hostium
1858 4204 2108 4263 victoria

449 4279 824 4374 conterritus,
853 4297 1129 4340 reversus
1155 4290 1261 4342 est.
1297 4287 1621 4345 Hlodoicus
1652 4290 1896 4347 Hlotarii
1924 4292 2104 4366 ﬁlius,
2138 4320 2185 4374 ι)

445 4383 553 4426 rex
595 4367 797 4442 Italiae,
838 4387 979 4428 cum
1035 4374 1376 4432 Sarracenis
1428 4392 1710 4449 pugnans
1757 4379 1950 4438 victus
2005 4384 2107 4441 vix

447 4461 706 4518 Romam
732 4463 1019 4535 pervenit.

1082 4589 1444 4649 DCCCXLVII
1453 4633 1466 4651 .

520 4691 720 4764 Legati
739 4708 763 4738 ο
824 4691 1257 4762 Abdirhaman,
1333 4699 1492 4772 regis
1533 4702 2022 4779 Sarracenorum,
2074 4724 2112 4767 a

2218 3083 2373 3140 quos
2400 3083 2568 3124 mare
2604 3068 2899 3125 littoribus
2949 3069 3251 3139 reiecerat,
3302 3069 3566 3142 inventa,
3597 3070 3682 3126 ad
3720 3069 3885 3126 beati

2225 3157 2371 3214 Petri
2411 3157 2666 3230 apostoli
2711 3158 3073 3214 memoriam
3131 3160 3513 3216 revehuntur.
3579 3160 3769 3216 Scotti
3796 3160 3823 3200 ι
3849 3176 3887 3215 a

2219 3245 2600 3302 Nortmannis
2634 3247 2656 3282 ⁶
2699 3262 2808 3320 per
2849 3263 3042 3304 annos
3085 3247 3381 3320 plurimos
3429 3248 3660 3321 impeti,
3705 3248 3891 3305 tribu-

2220 3333 2351 3392 tarii
2367 3333 2723 3404 efﬁciuntur,
2747 3336 2962 3392 insulis
2986 3336 3458 3410 circumquaque
3481 3336 3698 3410 positis
3720 3337 3889 3394 nullo

2218 3423 2527 3481 resistente
2558 3425 2726 3497 potiti
2754 3425 3143 3483 immorantes
3174 3428 3218 3482 ⁷.

2289 3531 2646 3599 Hlotharius,
2670 3531 3046 3590 llludowicus
3095 3534 3117 3569 ³
3164 3537 3223 3590 et
3262 3532 3507 3589 Carolus
3536 3533 3777 3604 legatos
3809 3535 3886 3590 ad

2220 3618 2372 3688 Oric,
2405 3623 2710 3678 Danorum
2747 3637 2972 3693 regem,
3029 3622 3352 3690 destinant,
3399 3621 3774 3680 mandantes
3823 3627 3888 3679 ut

2219 3724 2363 3766 suos
2395 3725 2432 3766 a
2459 3712 2480 3746 θ
2522 3710 2984 3768 christianorum
3027 3711 3510 3769 infestationibus
3551 3712 3883 3776 cohiberet,

2219 3797 2311 3855 sin
2342 3797 2513 3871 alias,
2562 3798 2720 3856 bello
2768 3815 2830 3857 se
2872 3799 3286 3873 impetendum
3329 3799 3681 3858 nullatenus
3711 3800 3883 3856 dubi-

2218 3889 2387 3944 taret.

2288 3998 2369 4053 Ea
2383 3999 2731 4070 tempestate
2750 3997 2931 4054 Mauri
2955 4001 3012 4054 et
3033 3997 3344 4054 Sarraceni
3364 3998 3780 4056 Beneventum
3801 4000 3887 4056 in-

2217 4083 2466 4153 vadunt,
2493 4093 2551 4143 et
2578 4102 2772 4160 usque
2804 4087 2883 4143 ad
2907 4090 3180 4146 Romana
3200 4088 3462 4145 conﬁnia
3482 4089 3881 4163 populantur.

2215 4174 2363 4232 Dani
2394 4175 2775 4249 Aquitaniam
2804 4177 3167 4234 maritimam
3191 4177 3491 4251 impetunt
3519 4183 3578 4234 et
3606 4179 3884 4252 przedan-

2215 4267 2330 4329 tur,
2362 4264 2696 4338 urbemque
2725 4266 3127 4337 Bui'degalam
3177 4267 3282 4323 diu
3326 4273 3730 4341 oppugnant;
3774 4267 3876 4322 alii

2216 4368 2460 4425 quoque
2488 4357 2791 4410 Danorum
2831 4356 3170 4429 emporium
3211 4357 3373 4429 quod
3404 4357 3794 4413 Dorestadum
3823 4357 3869 4390 ιο

2215 4441 2430 4498 dicitur
2457 4445 2515 4498 et
2540 4442 2802 4499 insulam
2828 4445 3112 4502 Batavam
3147 4448 3444 4518 occupant
3488 4449 3672 4518 atque
3723 4445 3876 4502 obti-

2213 4534 2376 4588 nent.
2428 4529 2750 4588 Hludowici
2773 4533 2840 4602 “,
2892 4535 3327 4591 Germanorum
3364 4534 3544 4604 regis,
3583 4535 3884 4590 exercitus

2213 4621 2492 4679 advertus
2518 4620 2760 4678 Sclavos
2786 4638 3068 4696 prospere
3098 4623 3407 4694 dimicant,
3461 4623 3543 4680 ita
3572 4629 3656 4688 ut,
3709 4624 3881 4697 quod

2221 4713 2358 4767 ante
2383 4725 2614 4768 annum
2643 4711 2943 4781 amiserat,
2975 4711 3299 4786 reciperet.

1741 4830 2136 4890 VARIANTES
2174 4836 2573 4894 LECTIONES.

515 4914 532 4949 ¹
568 4915 867 4974 Iuniorem
917 4933 1058 4976 cum
1110 4921 1213 4980 Ch.
1249 4923 1271 4958 ²
1301 4926 1356 4980 et
1385 4922 1606 4982 abinde
1637 4926 1751 4983 Ch.
1783 4929 1806 4962 ⁸
1837 4931 1922 4987 ila
1950 4931 2197 4988 Chesm'z‘
2221 4939 2276 4989 et
2299 4935 2434 4990 Bou
2478 4977 2490 4989 .
2527 4935 2833 4992 lectionem
2862 4933 3097 4991 dudum
3127 4951 3382 4992 con-exi.
3423 4936 3440 4968 ’δ
3463 4934 3740 4991 statuerit
3765 4936 3881 4992 Ch.

530 4984 605 5041 B.
639 4987 818 5044 deest.
859 4989 924 5050 C.
951 4993 972 5027 ⁶
1002 4994 1362 5051 Normannis
1396 4995 1505 5053 Ch.
1537 4998 1624 5053 sic
1651 5000 1902 5060 Μανίας.
1952 5003 1971 5036 ⁷
2004 5004 2195 5060 Locus
2227 5004 2395 5060 haud
2420 4951 2598 5060 gubie
2626 5012 2986 5060 corrumus:
3036 5007 3295 5060 fortasse
3345 5005 3662 5060 tenendum
3692 5024 3707 5060 :
3761 5006 3881 5060 efﬁ-

444 4984 972 5080 e:t_.§;._deesf:_:q..°
996 4994 1362 5080 _No_r'mannis
1396 4995 1505 5080 ϐξΙιἔ
1537 4984 1918 5080 sic‘plurg'es:
1952 4984 1980 5036 ἶ
2003 4984 2195 5060 ise-ii;
2225 4984 2395 5080 ᾗαῖιξι

2509 5006 2598 5062 bie
2626 5012 2986 5076 corruptus;
3033 5007 3295 5076 fortasse
3345 5005 3707 5075 legendum;
3761 5006 3888 5062 efﬁ-

441 5054 724 5140 ggqgtug;
757 5060 860 5140 qui
984 5077 1032 5118 e.
1065 5063 1451 5140 Νονιηιαηηι)
1483 5054 1772 5126 insulis...
1796 5054 3303 5136 ίίιλωοᾱιίίξῑιίηςῖιῑῑοᾱδένῖῑηῖξ’ἀλΐῖῂέεξῑέῑιῐτο
3328 5054 3736 5134 missusa.
3763 5054 3886 5135 ἓῐ.

2035 5219 2264 5276 ΝΟΤΕ.

445 5127 490 5161 ¹¹
519 5125 848 5186 Hlodowici
875 5125 990 5201 Ch,

508 5317 535 5385 ξ
563 5305 646 5385 Cf.
676 5308 1019 5385 Chronicon
1048 5311 1124 5368 de
1158 5317 1345 5385 gestis
1371 5319 1700 5376 Normann.

507 5375 538 5416 ι
567 5377 633 5432 Id
671 5384 758 5436 est
787 5381 1062 5440 Ecclesiae
1092 5375 1463 5448 RHemensis.

2210 5325 2300 5402 lib
2324 5343 2383 5402 in
2411 5329 2618 5402 Marce;
2645 5327 2916 5396 Hispan.,
2945 5343 3080 5402 cap.
3111 5330 3202 5386 27.

2282 5400 2301 5440 τ
2333 5400 2548 5456 Reims.

2279 5483 2304 5543 β
2333 5470 2417 5543 Cf.
2449 5486 2634 5543 supra
2663 5486 2761 5543 an.
2792 5473 2916 5527 839.

2275 5540 2302 5580 ιι
2334 5541 2416 5597 Cf.
2453 5540 2666 5599 Gh—ron.
2700 5542 2775 5597 de
2804 5543 3002 5614 gestis.
3039 5543 3240 5602 Norm.
3268 5558 3367 5602 an.
3400 5546 3526 5602 840.
