4158 6192
238 172 366 232 M01

862 294 1266 352 DCCCXLVIII

308 381 504 440 Sclavi
525 381 588 438 in
617 398 872 452 regnum
895 384 1227 440 Hludowici
1256 384 1546 442 hostiliter
1573 385 1882 456 irruentes,

232 471 309 529 ab
337 487 408 530 eo
444 472 508 529 in
541 473 757 530 Christi
779 474 1024 530 nomine
1048 478 1428 547 superantur.
1453 475 1697 532 Carolus
1718 479 1884 533 Nort-

235 577 601 619 mannorum
658 562 1062 634 Burdegalam
1121 565 1601 638 oppugnantium
1653 569 1885 638 partem

235 666 578 720 aggressus,
635 651 877 708 viriliter
928 656 1190 725 superat.
1250 654 1556 711 Exercitus
1601 654 1886 710 Hlotharii

231 743 438 795 contra
479 739 838 796 Sarracenos
868 741 1274 797 Beneventum
1322 743 1658 798 obtinentes
1711 742 1884 797 dimi-

236 842 406 896 cans,
434 827 622 883 victor
659 828 928 885 efﬁcitur.
964 830 1110 885 Dani
1139 864 1163 891 .
1207 831 1608 902 Burdegalam
1647 831 1886 903 Aquita-

228 915 359 979 niae,
395 915 610 972 Iudicis
627 917 1042 990 prodentibus,
1067 923 1304 992 captam
1335 919 1884 993 depopulatamque

226 1003 575 1061 incendunt.
605 1005 884 1078 Aquitani
915 1004 1145 1064 desidia
1169 1007 1502 1081 inertiaque
1533 1007 1758 1082 Pippini
1791 1024 1886 1064 co-

227 1093 363 1160 acti,
400 1093 683 1150 Carolum
705 1098 936 1166 petunt,
956 1099 1136 1168 atque
1168 1096 1227 1152 in
1257 1096 1404 1152 urbe
1429 1097 1884 1154 Aurelianorum

223 1196 378 1254 pene
403 1197 614 1238 omnes
635 1182 959 1240 nobiliores
989 1200 1127 1242 cum
1158 1185 1458 1259 episcopis
1478 1191 1535 1242 et
1556 1186 1884 1242 abbatibus

223 1269 286 1326 in
310 1285 516 1341 regem
567 1270 814 1340 eligunt,
851 1287 1146 1346 sacroque
1199 1275 1522 1332 chrismate
1545 1275 1882 1332 delibutum

223 1363 281 1416 et
310 1358 725 1416 benedictione
754 1359 1086 1435 episcopali
1130 1363 1476 1420 solemniter
1506 1366 1878 1420 consecrant.

224 1447 431 1505 Pirataa
481 1451 823 1505 Graecorum
867 1451 1190 1508 Massiliam
1234 1452 1555 1509 Provinciae
1585 1453 1752 1509 nullo
1781 1453 1884 1508 ob-

224 1538 465 1594 sistente
495 1543 821 1610 vastantes,
851 1540 1100 1614 impune
1144 1542 1451 1599 recedunt.
1483 1541 1834 1599 Nortmanni
1854 1561 1884 1602 ιι

1780 172 2101 230 ANNALES

1913 297 1965 349 Α
1995 293 2193 351 valide
2241 295 2347 352 sed
2375 294 2544 352 nulla
2591 295 2999 368 quorumlibet
3045 295 3438 354 aediﬁciorum
3469 299 3645 356 ruina

3509 175 3647 235 M0!

1993 385 2185 442 factus
2212 390 2321 442 est.
2351 386 2749 443 Godescalcus
2796 387 2994 443 Gallus
3042 387 3312 460 quidam,
3347 395 3644 446 monaste-

1991 475 2062 532 rii
2084 476 2441 532 Orbacensis
2466 477 2743 549 parosciaa
2786 477 3174 534 Suessionicas
3207 479 3542 534 monachus
3590 485 3647 536 et

1992 563 2326 636 presbyter,
2359 565 2608 620 scientia
2638 564 2923 633 tumidus,
2958 565 3331 638 quibusdam
3359 567 3643 638 supersti-

1993 651 2255 708 tionibus
2285 652 2547 720 deditus,
2583 653 2809 710 Italiam
2839 655 3036 726 specie
3064 654 3367 724 religionis
3406 671 3646 726 aggres-

1994 756 2117 806 sus,
2140 740 2279 796 inde
2306 742 2556 814 turpiter
2580 742 2820 811 eiectus,
2856 743 3233 806 Dalmatiam,
3264 743 3641 801 Pannoniam

1993 829 2389 904 Noreiamque
2417 831 2983 904 adorsus,quaedam
3015 837 3241 888 nostra:
3270 832 3444 888 saluti
3474 833 3645 890 valde

1994 919 2310 990 contraria,
2342 920 2644 993 praecipue
2665 921 2778 976 sub
2808 921 3049 977 nomine
3079 921 3642 993 praedestinationis.

1991 1007 2289 1080 pestiferis
2309 1007 2482 1064 dictis
2513 1023 2570 1065 et
2602 1009 2837 1082 scriptis
2867 1009 3204 1077 adstruens,
3227 1009 3287 1065 in
3326 1011 3646 1083 praesentia

1992 1096 2340 1168 Hludowici,
2373 1100 2806 1155 Germanorum
2829 1098 3006 1168 regis,
3039 1099 3365 1172 episcopali
3395 1100 3646 1156 concilio

1991 1185 2258 1242 detectus
2295 1191 2475 1261 atque
2530 1187 2859 1258 convictus,
2903 1187 3150 1244 tandem
3208 1188 3285 1243 ad
3333 1188 3642 1246 dioceseos

1993 1291 2116 1331 suae
2140 1275 2351 1332 urbem
2381 1277 2786 1350 metropolim,
2808 1277 3136 1334 Remorum
3177 1278 3644 1334 Durocortorum

1990 1365 2256 1437 nomine,
2279 1367 2374 1423 cui
2405 1371 2718 1437 Ingmarus
2743 1367 2833 1423 vir
2859 1367 3219 1424 venerabilis
3241 1367 3536 1439 praesidet,
3559 1382 3650 1423 re-

1991 1453 2119 1509 dire
2141 1455 2541 1527 compellitur,
2573 1460 2877 1526 quatenus
2904 1455 3022 1511 illic
3053 1455 3307 1525 dignum
3350 1471 3480 1511 suae
3520 1471 3650 1528 per-

1990 1539 2148 1596 ﬁdiae
2170 1541 2454 1596 iudicium
2489 1541 2732 1597 subiret.
2763 1544 2953 1607 Quem
2985 1549 3205 1599 sanctae
3236 1543 3337 1600 Dei
3373 1543 3646 1600 Ecclesiae

221 1627 565 1685 ltietullum1
592 1628 794 1686 vicum
819 1648 842 1677 ο
871 1631 1254 1704 populantes,
1285 1632 1564 1689 incendio
1614 1631 1876 1689 tradunt.
1909 1651 1951 1706 Β
1993 1629 2440 1686 strenuissimus
2478 1629 2670 1687 cultor
2700 1632 2721 1665 ²
2768 1629 3033 1702 Carolus,
3071 1631 3367 1687 advocato
3419 1635 3650 1687 sancto-

224 1717 406 1774 Scotti
437 1733 617 1792 super
635 1721 1041 1777 Nortmannos
1060 1721 1376 1790 irruentes,
1399 1721 1622 1778 auxilio
1646 1721 1880 1777 Domini

219 1807 410 1863 nostri
439 1808 570 1863 Iesu
599 1808 810 1865 Christi
836 1810 1092 1867 victores
1117 1826 1221 1867 eos
1254 1827 1290 1868 a
1321 1811 1446 1867 suis
1486 1810 1710 1867 ﬁnibus
1739 1827 1880 1886 pro-

219 1895 451 1969 pellunt
476 1917 490 1964 ;
522 1896 682 1953 unde
712 1901 770 1954 et
795 1913 898 1954 rex
923 1900 1262 1956 Scottorum
1291 1899 1370 1956 ad
1401 1899 1684 1956 Carolum
1713 1901 1882 1974 pacis

219 1989 279 2042 et
306 1984 580 2042 amicitiae
612 1986 806 2057 gratia
829 1986 1059 2058 legatos
1086 2004 1226 2044 cum
1282 1989 1637 2045 muneribus
1683 1990 1880 2054 mittit,

217 2073 381 2130 viam
413 2074 530 2130 sibi
548 2074 792 2146 petendi
814 2078 1068 2132 Romam
1088 2077 1338 2134 concedi
1359 2077 1883 2150 deposcens.Mau-

216 2164 271 2220 ri
301 2163 504 2220 denuo
535 2166 941 2221 Beneventum
964 2165 1282 2222 invadunt.
1315 2166 1688 2223 Guilhelmus
1721 2164 1766 2235 ἀ,
1815 2168 1881 2224 ﬁ-

216 2252 334 2310 lius
376 2253 680 2320 Bernardi,
737 2255 1070 2328 lmpurium
1091 2264 1134 2320 ⁸,
1182 2261 1240 2313 et
1284 2257 1683 2315 Barcinonam
1738 2257 1880 2314 dolo

223 2341 424 2413 magis
454 2357 643 2416 quam
669 2342 726 2399 vi
764 2345 942 2416 capit.

882 2433 1235 2491 DCCCXLIX.

293 2519 631 2576 Hlotharius
660 2522 718 2576 et
741 2521 1012 2588 Carolus,
1038 2523 1376 2580 sanioribus
1400 2525 1490 2581 usi
1510 2525 1790 2594 consiliis,
1817 2526 1879 2582 in

226 2622 448 2681 pacem
470 2623 950 2682 germanamque
973 2611 1356 2668 concordiam
1396 2613 1665 2668 redeunt.
1699 2612 1879 2686 Apud

229 2697 482 2754 Galliam
502 2713 606 2753 xui
633 2697 757 2754 Kal.
781 2699 986 2771 Martii,
1007 2705 1180 2756 nocte
1201 2703 1470 2774 sequenti
1496 2701 1722 2758 clericis
1741 2718 1882 2758 noc-

227 2790 436 2843 turnas
485 2801 692 2858 preces
746 2787 1002 2844 Domino
1050 2787 1438 2860 solventibus,
1480 2794 1647 2847 terra:
1675 2795 1878 2848 motus

1990 1733 2127 1774 rum
2201 1722 2549 1775 memoratae
2623 1718 2931 1776 dioceseos
3007 1718 3432 1792 episcoporum
3503 1735 3647 1776 con-

1987 1811 2172 1864 ventu
2193 1810 2215 1842 3
2253 1808 2284 1877 ί,
2312 1809 2437 1864 suis
2459 1808 2807 1882 aspectibus
2837 1809 3183 1882 praesentari
3210 1807 3493 1880 decrevit,
3523 1825 3648 1882 quo

1989 1899 2341 1972 perductus,
2370 1897 2610 1972 publice
2641 1897 2978 1969 ﬂagellatus
3031 1897 3340 1970 librosque
3396 1914 3647 1954 suarum

1989 1988 2401 2045 adsertionum
2449 1987 2576 2059 igni
2633 2003 2898 2044 cremare
2947 1987 3298 2060 compulsus
3345 1991 3454 2044 est.
3507 1987 3646 2044 Blu-

1988 2077 2258 2134 dowicus
2288 2083 2346 2134 et
2370 2078 2616 2134 Carolus
2665 2093 2952 2148 germana
3002 2077 3244 2132 caritate
3287 2077 3645 2133 convenien-

1988 2169 2100 2237 tes,
2148 2169 2317 2222 tanto
2357 2164 2601 2222 fraterni
2647 2167 2873 2222 amoris
2931 2163 3173 2220 vinculo
3236 2164 3496 2221 devincti
3539 2180 3646 2237 pa-

1991 2259 2254 2326 tuerunt,
2284 2258 2350 2312 ut
2376 2253 2524 2311 alter
2579 2254 2746 2311 alteri
2795 2254 3048 2311 baculos
3093 2253 3338 2327 publice
3388 2252 3649 2310 tribuen-

1988 2345 2088 2413 do,
2119 2361 2332 2415 regum
2379 2360 2598 2402 uxores
2647 2348 2705 2401 et
2731 2343 2950 2402 liberos
2999 2343 3296 2417 superstiti
3341 2357 3645 2400 commen-

1987 2435 2176 2492 daret.
3168 2441 3173 2445 '

2059 2522 2304 2580 Carolus
2324 2521 2716 2595 Aquitaniam
2736 2520 3511 2594 aggreditur.Nomenogius
3531 2520 3648 2577 Bri-

1989 2613 2074 2668 to‘
2091 2615 2380 2668 consueta
2400 2611 2651 2684 perﬁdia
2662 2610 3002 2682 Andegavis
3013 2614 3072 2666 et
3086 2609 3280 2667 vicina
3295 2610 3381 2666 eis
3398 2609 3646 2666 circum-

1988 2717 2236 2774 quaque
2259 2700 2394 2756 loca
2421 2700 2672 2756 invadit.
2708 2699 3059 2756 Nortmanni
3090 2715 3134 2767 ι,
3167 2698 3566 2755 Petrocorium
3594 2701 3643 2769 ιι,

1990 2790 2320 2862 Aquitaniae
2343 2789 2636 2846 civitatem
2649 2789 3030 2862 ,populantes
3049 2790 3084 2857 ί,
3107 2787 3644 2860 incendunt,atque

1527 2879 1928 2935 VARIANTES
1986 2879 2276 2934 LECTION
2285 2879 2364 2931 ES

297 2966 313 2999 ¹
344 2963 652 3038 Metellum
675 2963 899 3038 Chesn,
960 2970 1014 3021 et
1044 2966 1260 3036 Bouq.,
1293 2967 1398 3038 qui
1422 2972 1620 3023 tamen
1651 2965 1965 3023 metullum
1995 2967 2417 3036 corrigendum
2445 2968 2691 3022 censuit.
2770 2968 2804 3038 ’ί
2840 2966 2971 3020 Suae
3001 2963 3643 3038 perﬁdias.Strenuissi-

221 3050 361 3110 mus
390 3035 581 3110 cult_or
613 3035 724 3110 Ch.
795 3037 830 3110 _3
863 3035 1004 3110 Quae
1031 3035 1217 3110 supra
1249 3035 1554 3110 leguntur,
1582 3041 1895 3110 restituere
1921 3035 2172 3094 conatus
2199 3053 2351 3102 sum,
2386 3042 2742 3110 gntequam,
2773 3035 3070 3108 Bouqueti
3117 3038 3524 3110 conjecturam
3554 3036 3642 3110 vi-

221 3105 455 3181 dissem.
474 3107 566 3181 Ea
583 3108 670 3181 sic
698 3121 758 3163 se
785 3106 960 3181 habet
990 3105 1648 3181 perﬁdiws'upplicium
1679 3108 1900 3165 lueret:

219 3177 287 3246 gi
301 3192 478 3248 posse
500 3177 785 3248 di/‘ﬁteor.
818 3177 1164 3248 Bouquetus
1195 3177 1446 3248 adjicit:
1479 3181 1866 3236 Doctissimus
1897 3195 1932 3236 a

1981 3125 2118 3164 uem
2141 3113 2361 3163 sanctae
2392 3108 2490 3163 Dei
2529 3107 2801 3162 Ecclesiae
2833 3107 3010 3169 st.’c.,
3045 3121 3152 3162 nec
3184 3108 3272 3162 ita

1977 3181 2078 3236 bas
2117 3179 2349 3248 Lebeuf
2370 3180 2474 3251 qui
2500 3179 2658 3234 hanc
2696 3179 3010 3235 annalium
3035 3183 3273 3247 partem

3345 3122 3534 3178 uoque
3565 3107 3641 3163 le-

3358 3178 3640 3234 rudentio

223 3247 454 3314 tribuit,
496 3247 658 3304 hunc
682 3249 756 3320 de
779 3247 1165 3305 Gothescalco
1200 3247 1393 3306 locum
1417 3251 1492 3306 ab
1518 3252 1851 3307 Hincmaro
1881 3247 2316 3319 interpolatum
2339 3247 2703 3320 suspicatur,
2732 3252 2933 3320 sicque
2957 3251 3219 3318 primum
3245 3264 3281 3304 a
3307 3249 3642 3320 Prudentia

221 3320 554 3393 scriptum:
581 3318 983 3393 Godescalcus
1017 3320 1215 3393 Gallus
1271 3321 1546 3393 quidam,
1611 3322 1961 3393 monasterii
2011 3318 2369 3393 Orbacensis

2461 3321 2747 3376 iaeceseos
2786 3319 3153 3376 suessonicaa
3204 3319 3551 3374 monachus
3585 3324 3644 3375 et

247 3388 557 3470 Presbyter,
586 3390 990 3473 reprehensus
1013 3391 1179 3472 quod
1198 3388 1488 3473 quaedam
1518 3399 1733 3473 nostra;
1755 3392 1930 3448 saluti
1954 3392 2128 3448 valde
2145 3392 2798 3473 contraria,_prse_cipluc
2819 3390 3212 3473 submomiue
3241 3406 3364 3473 prce
3375 3390 3642 3471 destina-

265 3461 416 3535 onis,
450 3461 574 3516 suis
604 3461 776 3535 dictis
805 3466 862 3518 et
881 3461 1114 3535 scrip—tis
1139 3461 1494 3535 adstrueret,
1511 3464 1750 3535 italiam
1777 3478 2117 3534 aggressus,
2141 3463 2282 3518 inde
2308 3461 2556 3535 turpiter
2585 3461 2827 3535 ejectus,
2853 3461 3236 3535 Dalmatiam,
3260 3462 3637 3517 Pannoniam

220 3530 615 3606 Noricamque
639 3531 916 3606 adorsus,
944 3530 1018 3587 in'
1035 3534 1356 3605 praasentia
1379 3530 1704 3606 Hludowici
1735 3530 2170 3590 Germanorum
2190 3535 2346 3603 regis
2367 3530 2692 3606 episcopali
2714 3530 2967 3588 concilio
2999 3531 3272 3606 detectus
3287 3536 3466 3604 atque
3487 3547 3634 3588 con-
3721 3580 3727 3585 .

219 3601 428 3683 victus,
454 3601 704 3683 tandem
735 3604 814 3658 ad
843 3601 1172 3683 diqaceseos
1191 3621 1313 3660 suae
1348 3605 1558 3683 urbem
1598 3606 1979 3683 metropolim
2009 3601 2360 3683 Remorum,

2444 3603 2860 3660 urocortorum
2881 3604 3146 3666 nomine,
3182 3603 3276 3658 cui
3318 3603 3636 3672 lngmarus

219 3673 694 3801 grgflngrzbglis
715 3675 1054 3801 Ρὲειξῗέἓθέλ
1050 3676 1243 3801 redire
1272 3677 1666 3782 compellitur,
1698 3673 1888 3744 Quem
1911 3692 2035 3733 non
2065 3676 2254 3733 multo
2300 3673 2439 3750 post
2485 3675 2758 3732 Ecclesia;
2809 3675 2910 3731 Dei
2961 3674 3410 3730 strenuissimus
3455 3673 3646 3732 cultor

1830 3822 1872 3876 Ν
1879 3819 2041 3876 ΟΤΛΕ

225 3743 494 3814 Carolus,
526 3749 636 3801 etc.
715 3743 744 3779 τ
757 3745 935 3803 Britto
965 3745 1073 3802 Ch.
1325 3768 1338 3782 -

290 3919 316 3982 ξ
345 3911 430 3982 Cf.
457 3911 678 3968 Chron.
707 3910 782 3968 de
809 3911 992 3982 gestis
1023 3914 1374 3970 Nortmann.

293 3981 324 4022 δ
348 3981 431 4038 Cf.
459 3982 640 4039 idem.

295 4061 318 4087 °
346 4053 670 4122 Metullum,
702 4053 1006 4118 Metulum,
1044 4058 1309 4110 castrum
1340 4056 1401 4110 in
1432 4055 1772 4112 Pictonibus
1803 4056 1879 4111 si-

219 4127 368 4180 tum.
403 4125 577 4180 Bouo.

243 4139 368 4180 um.
403 4139 577 4189 UOUQ.

292 4195 316 4230 ἀ
333 4196 988 4270 _Guillelmus_ducatum
999 4196 1361 4270 Tolosanum
1373 4213 1412 4254 a
1427 4197 1880 4270 Pippino,Aqui-

220 4267 399 4321 tania:
440 4283 598 4338 rege,
649 4267 905 4342 obtinuit
934 4267 1027 4323 vel
1056 4272 1193 4340 post
1237 4267 1508 4342 mortem'
1534 4267 1879 4342 patrisfvel

221 4352 382 4412 anno
414 4342 537 4402 845,
569 4355 693 4412 quo
719 4339 1034 4412 Pippinus,
1056 4339 1206 4411 pace
1261 4339 1581 4412 factancum
1644 4341 1874 4411 Carolo,

223 4409 555 4464 maximam
577 4409 911 4483 Aquitaniae
942 4409 1177 4481 partem
1204 4411 1539 4483 acquisivit.
1576 4414 1747 4476 Bono.

299 4489 320 4552 _°
351 4479 694 4552 Ampuriaé-

295 4549 313 4584 '
339 4549 635 4608 Carisiaci.
669 4551 1019 4608 Hincmarus
1043 4551 1106 4606 in
1132 4551 1334 4608 libello
1366 4553 1441 4608 de
1493 4553 1879 4609 Praedestina-

220 4620 401 4687 tione,
433 4637 502 4678 ca
553 4665 566 4678 .
588 4627 643 4691 2,
676 4623 791 4678 ait:
844 4624 918 4678 In
947 4623 1232 4692 synodali
1261 4630 1556 4679 conventu
1610 4625 1674 4678 in
1707 4626 1872 4680 Cari-

220 4693 379 4748 siaco
408 4639 638 4749 palatio
668 4695 884 4749 iterum
910 4694 1154 4749 auditus
1171 4693 1593 4749 Gothescalcus
1625 4695 1698 4749 ab
1723 4696 1872 4749 enis-

218 4693 379 4748 siaco
407 4693 638 4762 palatio
668 4695 884 4750 iterum
910 4694 1154 4749 auditus
1171 4693 1593 4750 Gothescalcus
1625 4695 1698 4749 ab
1723 4696 1875 4764 epis-

221 4765 384 4832 copis
412 4771 467 4821 et
497 4768 706 4821 ceteris
738 4780 918 4836 quam
952 4765 1235 4834 plurimis
1267 4765 1413 4820 viris
1465 4766 1877 4823 ecclesiasticis

221 4840 402 4906 atque
421 4837 734 4905 religiosis,
767 4837 874 4906 qui
887 4836 1069 4892 eidem
1091 4836 1320 4905 synodo
1337 4837 1767 4906 interfuerunt,
1793 4838 1876 4892 vi-

221 4849 402 4960 atque
421 4849 734 4905 religiosis,
767 4853 872 4906 qui
887 4849 1069 4892 eidem
1091 4849 1320 4905 synoao
1337 4849 1767 4906 mter/uerunt,
1793 4852 1875 4892 vi-

220 4905 294 4977 de
324 4906 433 4961 icet
514 4907 822 4962 Wenilone
893 4908 1325 4963 Senonensium
1404 4907 1875 4977 archiepiscopo,

221 4976 551 5048 Hincmaro
580 4980 895 5034 Remorum
929 4979 1220 5048 episcopo,
1274 4979 1527 5048 aliisque
1567 4976 1874 5035 duodecim

219 5046 435 5103 ibidem
466 5050 807 5105 nominatis.
844 5051 1016 5115 Douo.

291 5117 427 5204 ερῐτ
460 5119 676 5202 Chron.
710 5119 786 5175 de
817 5119 998 5189 gestis
1027 5121 1229 5176 Norm.
1257 5135 1311 5176 a.
1337 5122 1460 5177 848.

233 5245 240 5251 .
291 5191 313 5204 '
339 5191 708 5262 Perigueua'.

1910 3921 1951 3975 C
1992 3915 2232 3969 tissimis
2260 3914 2474 3969 ictibus
2502 3918 2713 3969 sancta
2761 3912 3110 3982 patiebatur
3151 3911 3454 3967 Ecclesia:
3503 3926 3644 3967 nam

2214 3986 2466 4066 ferente
2507 3985 2903 4066 barbarorum
2952 3983 3276 4052 vesaniam,
3335 3987 3465 4038 erat
3521 3997 3642 4037 non

2666 4069 2807 4126 quia
2863 4068 2979 4126 per
3032 4069 3230 4109 omnes
3274 4068 3428 4122 pene
3458 4067 3645 4126 pagos

1989 3986 2162 4040 nullo

1988 4056 2222 4110 modica
2275 4055 2612 4124 tribulatio,

1978 4128 2168 4196 juxta
2202 4127 2502 4182 Gallicum
2534 4125 2817 4182 oceanum
2863 4125 3148 4195 dispersa:
3196 4130 3335 4180 sunt
3389 4125 3647 4180 ecclesia:

1989 4195 2280 4268 urbesque
2299 4197 2698 4266 depopulatae,
2744 4202 2922 4268 atque
2974 4198 3338 4253 monasteria
3385 4195 3640 4268 objecta.

1993 4267 2190 4325 Tanta
2234 4283 2488 4340 namque
2534 4270 2741 4338 fuerat
2784 4267 2978 4324 rabies
3023 4267 3523 4338 persequentium,
3578 4271 3645 4321 ut

1989 4355 2134 4410 quos
2171 4355 2388 4409 capere
2419 4340 2797 4396 Christianos
2829 4340 3174 4410 quivissent,
3206 4345 3312 4393 aut
3362 4352 3646 4394 mucrone

1988 4418 2294 4477 necarent,
2327 4417 2433 4467 aut
2458 4413 2635 4467 etiam
2668 4426 2811 4480 quos
2829 4411 3048 4466 horror
3077 4411 3234 4464 necis
3266 4412 3644 4465 innocentum

1986 4483 2314 4548 invaserat,
2336 4488 2590 4551 propter
2618 4483 3081 4549 redemptionem
3111 4495 3352 4536 servare
3376 4480 3645 4536 niteban-

1989 4559 2109 4607 tur.
2141 4553 2445 4608 Nonnulli
2457 4553 2724 4622 equidem
2739 4551 3224 4607 Christianorum
3249 4551 3644 4622 torvissimam

1987 4624 2225 4691 experti
2245 4621 2733 4691 persecutionem,
2763 4623 3166 4692 relinquentes
3197 4621 3430 4690 praedia
3458 4625 3513 4692 et
3536 4634 3645 4688 pa-

1989 4699 2188 4749 ternos
2214 4693 2559 4762 abjicientes
2595 4693 2842 4762 fundos,
2870 4691 3075 4762 partes
3109 4692 3370 4748 Orientis
3400 4706 3461 4746 se
3481 4691 3645 4746 inco-

1990 4765 2149 4821 latus
2171 4761 2401 4821 dedere.
2434 4761 2619 4819 Multi
2637 4761 2890 4834 denique
2915 4764 3219 4834 elegerant
3238 4763 3429 4832 magis
3450 4761 3646 4831 cuspi-

1986 4835 2160 4891 dibus
2187 4835 2530 4892 occumbere
2556 4837 2778 4904 potius,
2811 4849 2988 4904 quam
3023 4835 3346 4890 incolumes
3363 4837 3646 4904 paternos

1991 4908 2261 4977 linquere
2293 4908 2474 4962 lares.
2505 4907 2635 4961 Alii
2660 4921 2870 4974 nempe
2887 4907 3115 4974 plures,
3137 4921 3390 4976 quorum
3429 4907 3493 4960 in
3518 4920 3644 4961 cor-

1987 4978 2160 5034 dibus
2216 4979 2362 5046 ﬁdes
2425 4979 2668 5032 minime
2722 4977 2955 5032 radices
3011 4982 3269 5045 ceperat.
3333 4977 3642 5033 lavacrum

1987 5053 2212 5104 suncta‘.’
2237 5049 2702 5119 regenerationis
2728 5048 3115 5117 negligentes,
3145 5047 3248 5102 sed
3260 5062 3642 5118 paganorum

1989 5118 2317 5176 latebrosas
2347 5119 2662 5189 diligentes
2711 5121 2984 5186 astutias,
3037 5119 3282 5174 illorum
3325 5135 3387 5176 se
3427 5118 3650 5189 foederi

1987 5196 2043 5247 et
2072 5193 2230 5246 vitiis
2265 5189 2687 5260 [sociabant]...
2720 5189 2874 5260 Erat
2929 5190 3119 5258 igitur
3147 5205 3209 5247 eo
3237 5195 3497 5260 tempore
3526 5203 3648 5242 mo-

295 5269 310 5307 i
342 5260 422 5338 De
450 5259 566 5338 hac
595 5261 764 5318 clade
780 5261 1035 5338 insignis
1064 5264 1153 5318 est
1180 5260 1431 5338 epistola
1460 5261 1588 5338 Agii
1623 5261 1876 5338 Vabreng
1911 5270 1955 5323 ι)
1987 5263 2315 5338 nasterium
2341 5263 2402 5338 in
2432 5259 2747 5338 provincia
2771 5259 2986 5338 Galliae
3010 5261 3072 5316 in
3096 5259 3643 5338 Petrocoriqpago,

216 5329 302 5406 sis
323 5331 582 5406 abbatis,
611 5349 798 5406 quam
831 5329 1073 5406 ineunte
1105 5329 1327 5406 saec—ulc
1348 5329 1585 5406 decimo
1640 5331 1878 5406 scripsit

213 5399 293 5474 de
324 5403 553 5474 origine
570 5399 925 5462 'm'onasterii
965 5403 1329 5459 Vabrensis:
1384 5404 1559 5474 cujus
1609 5399 1874 5474 epistola:

215 5471 623 5541 fragmentum
653 5476 854 5532 retulit
905 5474 1160 5531 Catellus
1189 5476 1249 5530 in
1286 5471 1541 5530 Historia
1585 5471 1872 5529 co'mitum

213 5542 670 5608 Tolosanorum,
722 5563 858 5618 pag.
897 5552 1000 5602 69:
1067 5548 1372 5614 Tempore,
1416 5545 1630 5618 inquit
1666 5546 1870 5614 Agius,

260 5629 337 5668 uo
368 5629 443 5671 ea:
451 5617 733 5685 partibus
760 5621 1019 5688 Europae
1047 5618 1122 5673 ab
1151 5618 1453 5687 aquilonis
1483 5617 1730 5674 cardine
1750 5618 1872 5686 dif-

260 5629 337 5668 uo
368 5629 730 5685 expartwus
760 5629 1019 5688 Europae
1047 5629 1122 5673 ab
1151 5629 1453 5687 aquilonis
1483 5629 1730 5674 carame
1750 5629 1872 5686 cli/'-

209 5629 362 5759 zusa
387 5702 532 5758 gens
555 5689 1124 5746 Marchomanorum
1153 5688 1477 5744 saevissima
1508 5694 1688 5759 atque
1739 5689 1872 5744 bar-

217 5755 506 5817 barorum
536 5761 874 5824 immanior,
911 5759 1290 5830 Galliamque
1326 5755 1714 5831 introgréssa,
1741 5760 1866 5828 lor-

1987 5335 2224 5389 nomine
2252 5327 2574 5401 Patnatus,
2597 5333 2660 5387 in
2687 5347 2801 5404 quo
2827 5333 3082 5403 jugiter,
3139 5332 3380 5388 deiecta:
3406 5327 3645 5404 Christo

1984 5404 2472 5482 famulabantur,
2533 5403 3006 5482 nibil’ﬁhabentes
3053 5403 3646 5482 proprium-praeter

1987 5471 2147 5546 quod
2175 5490 2387 5531 norma
2427 5476 2623 5530 sancti
2673 5475 2986 5530 Benedicti
3004 5471 3646 5546 cedebatsAlianam-

1985 5543 2098 5617 que
2123 5547 2486 5601 monasteria
2518 5548 2579 5600 in
2611 5546 2812 5602 eadem
2832 5543 3147 5613 provincia
3164 5543 3379 5617 oppido
3399 5543 3641 5617 ditiora.

1985 5614 2048 5672 in
2083 5617 2314 5687 quibus,
2337 5619 2468 5686 jam
2489 5617 2626 5686 fata
2657 5618 2974 5687 ingruente
2994 5619 3175 5687 peste,
3195 5614 3387 5687 famis
3415 5614 3646 5681 pericu-

1987 5689 2043 5744 lo
2073 5685 2252 5744 multi
2279 5685 2944 5745 monachorum‘sancti
3001 5685 3314 5740 Benedicti
3367 5697 3642 5738 normam

1982 5759 2288 5832 negligere
2306 5765 2633 5832 caperunt,
2659 5761 2766 5815 etc.
2815 5759 3088 5818 Boruous.
