4160 6186
496 150 632 209 1403

491 382 656 430 nam,
683 363 857 419 Italiae
890 361 1208 428 civitatem,
1243 361 1664 433 adpraedantes
1689 362 1727 427 ί,
1774 360 1940 415 nullo
1992 359 2147 415 obsi-

495 456 679 510 stente
709 450 1013 506 maritima
1042 449 1247 506 omnia
1278 466 1474 522 usque
1505 449 1584 506 ad
1632 449 2001 506 Provinciam
2047 449 2148 504 de-

490 543 752 598 vastant.
784 539 1036 596 Karolus
1061 539 1220 595 ﬁlius
1273 539 1528 612 Pippini,
1573 539 1776 595 relicto
1820 537 2144 608 Hlothario,

492 631 736 686 fratrem
767 646 948 685 suum
988 629 1307 701 Pippinum
1338 629 1400 684 in
1447 629 1767 701 Aquitania
1819 631 2146 696 vagantem

493 719 657 777 adire
690 718 960 791 cupiens,
985 735 1021 774 a
1049 717 1331 773 ﬁdelibus
1360 717 1551 774 Caroli
1580 717 1734 787 regis
1757 717 2146 790 comprehen-

494 825 596 865 sus
620 811 726 875 est,
762 812 818 864 et
871 807 949 864 ad
1000 808 1130 878 ejus
1159 807 1542 879 praesentiam
1591 806 1958 878 perductus;
2017 804 2141 876 qui,

492 897 704 954 merito
725 897 990 970 perﬁdiae
1020 897 1080 952 in
1113 897 1393 952 eumdem
1415 900 1702 968 patruum
1729 911 1907 950 suum
1956 899 2011 950 et
2037 910 2146 965 pa-

492 991 643 1042 trem
672 1003 744 1042 ex
764 986 924 1042 fonte
952 999 1144 1052 sacro,
1169 985 1521 1041 sententiam
1549 984 1797 1056 quidem
1827 982 2146 1056 capitalem

494 1078 814 1146 meruerat,
847 1075 954 1130 sed
1010 1074 1338 1130 clementiae
1387 1080 1662 1146 respectu
1718 1077 1988 1128 servatus
2037 1076 2141 1127 est.

495 1165 660 1222 Unde
689 1169 744 1221 et
771 1180 980 1220 mense
1007 1163 1173 1219 Iunio
1205 1164 1373 1236 apud
1397 1163 1611 1219 urbem
1635 1166 1960 1219 Carnutum
1991 1184 2013 1210 ε
2047 1165 2148 1217 Ca-

494 1254 624 1310 rolo
655 1269 794 1323 rege
824 1258 1189 1310 conventum
1221 1252 1502 1319 habente,
1536 1257 1672 1324 post
1699 1251 2025 1308 missarum
2050 1267 2145 1306 so-

494 1343 718 1401 lemnia
736 1343 1064 1399 ambonem
1102 1342 1366 1399 ecclesiae
1399 1342 1832 1408 conscendens,
1892 1339 2150 1396 innotuit

496 1433 780 1490 omnibus
829 1448 974 1488 voce
1031 1433 1298 1505 propria,
1353 1447 1416 1488 se
1455 1431 1534 1487 ob
1582 1430 1798 1486 divinas
1849 1429 2146 1484 servitutis

497 1540 766 1582 amorem
794 1523 1071 1579 clericum
1106 1521 1272 1576 nullo
1299 1525 1547 1591 cogente
1574 1520 1722 1575 velle
1743 1519 1869 1574 ﬁeri
1895 1537 1907 1586 ;
1941 1519 2146 1590 ibique

1591 149 1646 203 S.
1679 146 2053 204 PRUDENTII
2078 146 2457 205 TRBOENSIS
2487 148 2804 206 EPISCOPI

444 295 448 300 ν
491 277 742 349 impune
763 275 841 331 ad
869 289 1054 330 naves
1083 277 1374 329 remeant.
1406 272 1589 329 Mauri
1619 275 1677 329 et
1702 271 2011 328 Sarraceni
2030 273 2143 327 Lu-
2176 274 2223 327 Α

3778 147 3912 204 uos

2958 325 3201 380 DCCCLl

2323 450 2730 519 Nomenogius
2760 458 2778 498 ί
2805 449 2962 505 Brito
2983 448 3253 504 moritur.
3279 447 3592 504 Lotharius
3613 450 3632 482 ⁷
3642 489 3663 518 ,
3685 448 3915 506 Hludo-

2253 538 2440 595 wicus
2470 543 2527 595 et
2565 539 2812 595 Carolus
2841 537 3006 611 apud
3037 541 3338 593 Marsnam
3360 551 3384 588 ε
3430 537 3730 610 palatium
3773 555 3914 595 con-

2253 628 2520 698 veniunt,
2549 628 2654 683 ubi
2678 628 2858 685 etiam
2879 627 3134 683 fraterne
3159 626 3371 698 paucis
3401 625 3619 682 diebus
3659 629 3909 690 morati,

2253 719 2380 774 haec
2404 717 2715 774 communi
2761 733 3080 790 procerum
3137 731 3387 772 suorum
3427 715 3680 771 consilio
3735 722 3923 790 atque

2255 823 2553 863 consensu
2622 807 2976 872 decernunt,
3032 805 3541 877 propriorumque
3591 806 3921 862 nominum

2255 897 2889 967 monogrammatibus
2916 895 3278 952 conﬁrmant
3304 895 3350 950 ιι.

2326 989 2461 1044 CAP.
2496 989 2534 1044 l.
2572 1009 2599 1039 α
2642 990 2711 1043 Ut
2751 985 3026 1042 omnium
3052 985 3488 1058 preateritorum
3518 985 3825 1044 malorum
3854 993 3914 1044 et

2255 1077 2738 1134 contrarietatum
2764 1081 2820 1132 et
2873 1075 3434 1148 supplantationum
3483 1091 3555 1132 ac
3600 1075 3916 1132 malarum

2253 1166 2772 1223 machinationum
2804 1183 2909 1220 seu
2933 1164 3414 1221 nocimentorum
3435 1164 3496 1220 in
3526 1165 3781 1221 invicem
3808 1181 3910 1220 ae—

2256 1260 2453 1312 torum
2476 1254 2721 1311 abolitio
2747 1255 2826 1309 ita
2845 1255 2995 1308 inter
3024 1268 3137 1308 nos
3161 1252 3288 1316 ﬁat,
3323 1256 3381 1307 et
3403 1267 3441 1307 a
3469 1252 3682 1307 nostris
3708 1252 3912 1308 cordi-

2256 1343 2370 1399 bus
2399 1343 2634 1416 penitus
2655 1341 2946 1398 avellatur
2965 1357 3105 1396 eum
3135 1339 3300 1396 omni
3345 1339 3578 1395 malitia
3612 1341 3668 1396 et
3696 1355 3914 1397 ranco.

2253 1450 2339 1500 re,
2371 1438 2436 1490 ut
2464 1448 2573 1489 nec
2602 1433 2665 1488 in
2690 1431 3049 1488 memoriam
3077 1430 3156 1486 ad
3172 1429 3626 1486 retributionem
3653 1429 3799 1486 mali
3822 1429 3919 1486 vel

2255 1521 2686 1578 contrarietatis
2740 1520 2835 1576 vel
2909 1518 3260 1592 improperii
3315 1518 3390 1575 de
3448 1522 3646 1576 cetero
3695 1518 3920 1575 exinde

496 1614 574 1669 ab
602 1612 898 1684 episcopis
930 1613 1034 1684 qui
1061 1613 1386 1681 praesentes
1413 1608 1664 1665 aderant
1681 1607 2058 1678 benedictus,
2090 1611 2147 1663 et
2178 1637 2219 1692 Β
2253 1610 2548 1685 quiddam
2567 1611 2688 1668 ﬁat.

497 1701 576 1758 ad
604 1699 883 1757 clericum
917 1703 1124 1756 tonsus
1145 1704 1255 1755 est.
1289 1699 1674 1754 Hludowicus
1699 1714 1802 1754 rex
1825 1699 2146 1755 Germano-

494 1808 630 1848 rum
651 1794 972 1860 zegrotans,
996 1789 1318 1845 exercitum
1343 1805 1521 1845 suum
1547 1789 1608 1844 in
1635 1789 1874 1844 Sclavos
1911 1787 2144 1857 dirigit;

495 1880 599 1953 qui
625 1879 871 1952 turpiter
900 1878 1275 1950 proﬂigatus,
1309 1877 1456 1950 quid
1486 1877 1784 1950 dispendii
1806 1877 1918 1932 sibi
1939 1877 2150 1932 absen-

495 1970 580 2026 tia
604 1969 778 2026 ducis
803 1969 1086 2034 intulerit,
1118 1968 1392 2026 cadendo
1414 1968 1820 2040 fugiendoque
1869 1970 2150 2040 expertus

497 2063 603 2116 est.
650 2057 894 2115 Carolus
937 2058 1320 2130 Aquitaniam
1369 2058 1696 2128 ingressus,
1752 2072 1908 2130 pene
1938 2072 2149 2112 omnes

496 2147 727 2203 Christo
775 2147 887 2202 sibi
917 2147 1178 2220 propitio
1199 2150 1220 2183 ²
1252 2147 1630 2204 conciliando
1659 2146 1964 2215 subiugat,
1996 2160 2152 2200 mar-

497 2253 631 2294 cam
679 2253 924 2310 quoque
946 2237 1336 2310 Hispanicam
1368 2253 1477 2310 pro
1507 2236 1678 2293 lihitu
1730 2236 2012 2309 disponit.
2041 2238 2152 2290 No-

495 2326 812 2398 menogius
843 2327 1018 2384 Britto
1042 2330 1332 2384 consueta
1363 2326 1478 2382 sibi
1523 2325 1843 2383 insolentia
1885 2324 2149 2381 baccha-

496 2417 591 2473 tus
619 2419 726 2472 est.

1210 2557 1433 2614 DCCCL

568 2683 956 2753 Guilhelmus,
984 2683 1268 2738 Bernardi
1307 2684 1485 2764 ﬁlius,
1507 2685 1569 2740 in
1598 2700 1805 2741 marca
1834 2681 2156 2754 Hispanica

498 2772 934 2829 Aledramnum
966 2774 1022 2827 et
1080 2771 1494 2828 Isembardum
1527 2772 1773 2828 comites
1803 2771 1942 2827 dolo
1973 2771 2149 2843 capit,

499 2862 607 2918 sed
637 2860 768 2933 ipse
789 2859 1056 2916 dolosius
1077 2864 1311 2934 captus,
1334 2865 1392 2917 et
1422 2861 1586 2934 apud
1609 2861 2002 2917 Barcinonem
2028 2858 2055 2898 δ
2071 2859 2153 2915 in-

495 2950 771 3008 terfectus
790 2953 897 3006 est.
928 2949 1331 3042 Maurinsque
1371 2950 1449 3006 ad
1497 2954 1823 3042 Arelatem,
1855 2949 2020 3042 nullo
2050 2949 2153 3005 ob-
2179 2979 2221 3042 ο

497 3042 751 3108 sistente,
829 3044 1043 3096 cuncta
1105 3039 1440 3105 devastant,
1499 3041 1608 3097 sed
1677 3057 1816 3096 cum
1869 3039 2147 3106 redirent,

494 3134 673 3187 vento
703 3129 1000 3186 contrario
1023 3128 1220 3186 reiecti
1243 3134 1297 3186 et
1332 3129 1617 3186 interfecti
1650 3134 1806 3186 sunt.
1843 3128 2152 3185 Lotharius

495 3213 687 3271 ﬁlium
719 3231 900 3270 suum
951 3213 1371 3272 Hludowicum
1399 3213 1420 3250 ³
1470 3218 1722 3272 Romam
1753 3214 1949 3278 mittit,
1982 3214 2085 3287 qui
2116 3229 2152 3270 a

497 3307 690 3362 Leone
719 3320 883 3378 papa
912 3304 1240 3361 honoriﬁce
1273 3309 1586 3378 susceptus
1635 3310 1692 3361 et
1721 3303 1782 3360 in
1838 3304 2154 3376 imperato-

495 3409 623 3450 rem
649 3397 865 3450 unctus
895 3397 1000 3450 est.
1033 3394 1163 3450 Orio
1185 3395 1226 3456 ⁸,
1278 3410 1380 3449 rex
1428 3397 1938 3450 Nortmannorum
1959 3395 2002 3460 ⁵,
2042 3392 2153 3447 im-

494 3479 911 3556 pugnantibus
961 3498 1091 3537 sese
1143 3481 1384 3538 duobus
1442 3480 1762 3553 nepotibUS
1797 3482 1944 3549 suis,
1995 3479 2152 3537 bello

497 3569 836 3642 impetitur:
870 3569 1092 3641 quibus
1123 3571 1440 3642 partitione
1460 3573 1630 3642 regni
1657 3571 1910 3643 pacatis,
1935 3572 2104 3628 Roric
2131 3573 2151 3607 ⁶

497 3673 688 3730 nepos
721 3657 998 3728 Herioldi,
1030 3659 1134 3730 qui
1183 3671 1375 3730 nuper
1424 3677 1460 3716 a
1510 3660 1781 3716 Lothario
1833 3659 2149 3728 defecerat,

498 3747 827 3820 assumptis
856 3749 1366 3804 Nortmannorum
1387 3758 1409 3784 °
1439 3749 1813 3820 exercitibus,
1841 3766 1979 3805 cum
2003 3747 2152 3803 mul-

495 3835 745 3893 titudine
775 3836 1020 3892 navium
1052 3837 1309 3893 Fresiam
1331 3843 1388 3895 et
1409 3842 1697 3895 Batavum
1729 3838 1991 3894 insulam
2014 3837 2152 3894 alia-

498 3941 615 4000 que
639 3925 833 3984 vicina
859 3924 993 3982 loca
1015 3941 1122 3999 per
1143 3927 1416 3983 Rhenum
1436 3931 1494 3984 et
1524 3927 1817 3984 Vahalem
1845 3923 2145 3984 devastat.

499 4015 686 4077 Quem
710 4015 1027 4072 Lotharius
1060 4031 1199 4072 cum
1239 4017 1633 4089 comprimere
1672 4017 1965 4090 nequiret,
1995 4017 2056 4072 in
2080 4015 2152 4071 ﬁ-

497 4105 638 4161 dem
666 4104 906 4176 recepit,
939 4105 1113 4178 eique
1138 4108 1534 4164 Dorestadum
1561 4110 1618 4163 et
1642 4107 1790 4163 alios
1832 4107 2151 4164 comitatus

496 4193 786 4264 largitur;
815 4198 1147 4252 ceterorum
1175 4211 1316 4253 vero
1365 4213 1508 4269 pars
1549 4196 1848 4269 Menapios
1877 4196 1925 4267 ἀ,
1956 4195 2151 4251 Tarvi-

499 4281 622 4338 sios
644 4292 664 4318 °
693 4282 964 4356 aliosque
994 4284 1327 4342 maritimos
1359 4283 1801 4359 depraedantur,
1848 4301 1988 4358 pars
2032 4283 2150 4340 Bri-

2329 1705 2462 1758 CAP.
2488 1705 2554 1758 Il.
2581 1719 2612 1754 ‹
2635 1704 2703 1758 Ut
2733 1703 2900 1757 tanta
2924 1699 3077 1756 inter
3095 1713 3231 1770 nos,
3256 1699 3510 1754 Domino
3533 1702 3921 1772 cooperante,

2259 1807 2411 1848 verre
2441 1790 2704 1847 caritatis
2735 1789 3081 1858 benignitas
3107 1787 3329 1845 abhinc
3356 1805 3594 1862 semper
3649 1795 3920 1854 maneat,

2256 1882 2332 1938 de
2363 1882 2540 1938 corde
2562 1897 2714 1954 puro
2737 1884 2793 1936 et
2809 1879 3175 1936 conscientia
3195 1879 3361 1935 bona
3386 1883 3440 1935 et
3467 1879 3589 1934 ﬁde
3608 1893 3737 1934 non
3759 1879 3918 1949 ﬁcta,

2259 1971 2388 2027 sine
2413 1971 2552 2027 dolo
2580 1974 2637 2026 et
2662 1969 3063 2037 simulatione,
3091 1972 3156 2024 ut
3197 1983 3378 2024 nemo
3420 1984 3532 2024 suo
3569 1968 3706 2041 pari
3737 1984 3916 2024 suum

2256 2077 2510 2132 regnum
2538 2064 2641 2116 aut
2665 2075 2808 2115 suos
2837 2058 3065 2129 ﬁdeles,
3095 2059 3189 2114 vel
3227 2057 3394 2131 quod
3442 2058 3520 2114 ad
3576 2057 3828 2114 salutem
3859 2062 3920 2114 et

2257 2151 2715 2225 prosperitatem
2739 2165 2810 2206 ac
2832 2149 3126 2205 honorem
3153 2148 3387 2219 regium
3407 2150 3686 2219 pertinet,
3717 2147 3916 2203 discu-

2259 2240 2388 2313 piat
2408 2243 2512 2296 aut
2539 2237 2924 2304 forconsiliet,
2957 2241 3059 2293 aut
3111 2253 3219 2309 per
3264 2235 3532 2293 occultos
3563 2249 3920 2292 susurrones

2258 2329 2511 2386 libenter
2537 2328 2870 2401 composita
2901 2326 3224 2383 mendacia
3247 2341 3354 2382 seu
3383 2326 3791 2383 detractiones
3819 2340 3918 2382 ae-

2261 2422 2471 2492 ceptet.

2333 2510 2466 2565 CAP.
2509 2507 2604 2562 III.
2663 2505 3083 2579 Unusquisque
3143 2505 3396 2578 ﬁdeliter
3453 2517 3636 2561 suum
3683 2517 3915 2578 parem,

2260 2595 2628 2668 ubicumque
2676 2595 3004 2652 necessitas
3035 2595 3087 2650 ei
3132 2595 3308 2651 fuerit
3360 2600 3417 2650 et
3462 2594 3593 2666 ipse
3637 2594 3912 2666 potuerit.

2261 2688 2364 2741 aut
2390 2701 2497 2757 per
2528 2701 2592 2739 se
2616 2688 2720 2741 aut
2742 2700 2848 2757 per
2869 2683 3059 2740 ﬁliam
3073 2689 3176 2740 aut
3200 2699 3308 2757 per
3323 2683 3530 2740 ﬁdeles
3549 2696 3694 2740 suos
3713 2689 3918 2740 etoon-

2262 2768 2392 2824 silio
2422 2773 2480 2824 et
2498 2769 2718 2824 auxilio
2740 2768 3000 2839 adjuvet,
3025 2772 3091 2824 ut
3113 2784 3389 2839 regnum,
3411 2767 3640 2840 ﬁdeles,
3662 2783 3916 2841 prospe-

2260 2858 2492 2914 ritatem
2526 2861 2705 2930 atque
2725 2858 3018 2914 honorem
3049 2859 3282 2927 regium
3313 2857 3512 2914 debite
3542 2858 3727 2914 valeat
3757 2857 3915 2912 obti-

2261 2963 2423 3020 nere,
2445 2952 2501 3004 et
2527 2947 2814 3004 veraciter
2832 2948 3250 3021 unusquisque
3271 2963 3415 3019 erga
3445 2948 3693 3004 alterum
3723 2950 3916 3002 certa-

2261 3038 2365 3094 tim
2396 3035 2782 3101 demonstret,
2816 3036 2960 3110 quia
3001 3037 3064 3093 in
3085 3036 3281 3092 fratris
3308 3037 3404 3093 sui
3450 3036 3830 3098 adversitate,
3863 3033 3912 3091 si

2261 3127 2540 3193 evenerit,
2571 3124 2832 3181 fraterno
2861 3125 3044 3181 modo
3065 3125 3468 3195 contristatur,
3497 3127 3550 3180 et
3575 3126 3634 3180 in
3661 3139 3918 3198 prospe-

2259 3215 2429 3272 ritate
2451 3214 2608 3270 illius
2639 3213 2891 3270 lretatur.
2917 3217 2984 3270 Et
3013 3214 3191 3270 talem
3217 3214 3401 3271 ﬁdem
3451 3214 3599 3270 sicut
3622 3213 3778 3268 inter
3799 3229 3923 3269 nos

2260 3305 2445 3361 modo
2465 3304 2686 3360 abhinc
2716 3303 2778 3359 in
2811 3308 2947 3360 ante
2969 3307 3427 3360 conservaturos
3449 3304 3470 3338 ⁸
3493 3303 3920 3360 conﬁrmatum

2259 3394 2580 3462 habemus,
2608 3392 2692 3449 sic
2721 3393 3139 3466 unusquisque
3170 3392 3501 3449 infantibus
3555 3389 3755 3448 fratris
3804 3392 3916 3464 sui,

2262 3483 2310 3538 si
2328 3481 2558 3550 obierit,
2585 3481 2689 3555 qui
2711 3481 3066 3555 supermerit
3090 3481 3489 3538 conservabit.

2333 3573 2466 3628 CAP.
2487 3572 2580 3628 ιν.
2620 3591 2649 3625 α
2671 3571 2901 3644 thuia
2933 3587 3040 3644 per
3063 3587 3247 3643 vagos
3277 3575 3335 3628 et
3378 3571 3789 3627 inreverentes
3815 3569 3918 3626 ho-

2260 3662 2453 3717 mines
2492 3676 2612 3732 pax
2649 3664 2706 3715 et
2728 3659 3125 3732 tranquillitas
3173 3658 3342 3729 regni
3382 3658 3722 3731 perturbari
3750 3657 3916 3725 solet,

2259 3749 2541 3806 volumus
2568 3753 2633 3805 ut
2661 3749 2740 3806 ad
2763 3764 3208 3822 quemcumque
3258 3753 3532 3804 nostrum
3579 3747 3716 3803 talis
3746 3762 3919 3802 vene-

2261 3838 2355 3910 rit,
2384 3844 2440 3894 et
2467 3838 2539 3893 de
2571 3838 2664 3894 his
2697 3854 2832 3910 quae
2855 3837 2975 3907 egit
3011 3838 3305 3893 rationem
3337 3841 3394 3894 et
3439 3837 3728 3893 iustitiam
3783 3835 3922 3892 sub-

2262 3927 2554 3998 terfugere
2581 3927 2740 3994 velit,
2763 3942 2943 3983 nemo
2962 3942 3034 3982 ex
3055 3926 3231 3982 nobis
3264 3923 3435 3982 illum
3465 3923 3544 3983 ad
3585 3925 3752 3982 aliud
3782 3924 3921 3982 reci-

2260 4017 2386 4090 piat
2407 4017 2499 4073 vel
2528 4016 2796 4085 retineat,
2829 4015 2944 4072 nisi
2966 4020 3029 4072 ut
3052 4016 3130 4072 ad
3159 4020 3385 4072 rectam
3412 4016 3712 4073 rationem
3736 4020 3794 4071 et
3823 4014 3924 4071 de-

2261 4105 2452 4162 bitam
2477 4104 2960 4161 emendationem
2981 4103 3381 4176 perducatur;
3423 4107 3480 4160 et
3519 4103 3571 4158 si
3619 4104 3917 4160 rationem

2260 4201 2488 4252 rectam
2520 4195 3176 4265 subterfugeritpmnes
3199 4195 3259 4250 in
3287 4209 3629 4266 commune,
3661 4193 3722 4249 in
3748 4194 3920 4264 cujus

2262 4299 2517 4355 regnum
2539 4285 2783 4355 venerit,
2815 4283 2984 4340 illum
3004 4297 3460 4358 persequamur,
3493 4283 3690 4340 donec
3718 4285 3822 4341 aut
3843 4279 3918 4339 ad

499 4371 770 4428 tanniam
850 4348 1112 4430 insulam
1189 4348 1536 4446 Anglosque
1618 4348 1989 4446 impetentes,
2071 4373 2149 4430 ab
2180 4348 2222 4402 θ
2263 4348 2557 4431 rationem
2592 4348 2979 4445 perducatur,
3004 4348 3110 4430 aut
3136 4348 3221 4431 de
3237 4389 3423 4444 regno
3449 4348 3743 4430 deleatm.

499 4457 585 4517 eis
613 4461 836 4519 auxilio
890 4463 1128 4520 Domini
1185 4462 1372 4521 nostri
1418 4467 1549 4520 Iesu
1603 4462 1810 4519 Christi
1867 4477 2151 4535 superan-

498 4553 614 4608 tur.

2333 4465 2466 4520 CAP.
2503 4465 2566 4516 ν.
2603 4481 2632 4514 ‹
2681 4461 2956 4517 Similiter
2985 4467 3042 4518 et
3095 4463 3170 4519 de
3199 4480 3270 4520 eo
3315 4463 3622 4533 agendum
3671 4466 3784 4527 est,
3817 4461 3921 4534 qui

2265 4568 2376 4626 pro
2399 4552 2602 4626 aliquo
2644 4551 2886 4625 capitali
2918 4555 2976 4608 et
2997 4552 3240 4626 publico
3286 4553 3533 4609 crimine
3576 4568 3613 4608 a
3651 4550 3924 4625 quolibet

1796 4645 2186 4707 VARIANTES
2229 4649 2612 4710 LECTIONES

573 4734 952 4814 {Legendum
982 4747 1088 4797 aut
1117 4735 1732 4814 Adepreedantesnut
1781 4737 2321 4814 adprehendentes.
2401 4744 2421 4776 ²
2450 4739 2719 4814 Propicio
2761 4739 2872 4797 Ch.
2951 4739 2973 4774 ³
2999 4739 3311 4814 ludoicum
3344 4739 3453 4797 Ch.
3529 4741 3550 4775 ‘
3581 4739 3762 4797 Orich
3810 4739 3920 4796 Ch.

501 4811 522 4844 ⁸
551 4805 1063 4870 Nortinannortim
1097 4807 1206 4870 Ch.
1226 4805 1247 4814 ’
1284 4813 1305 4848 ⁶
1337 4805 1551 4869 Rorich
1573 4811 1681 4868 Ch.
1761 4814 1778 4847 ⁷
1811 4805 2152 4870 Hlotharius
2183 4811 2397 4869 Chesn.
2481 4814 2502 4848 ⁸
2532 4805 2992 4870 conversaturos
3027 4812 3140 4868 Ch.
3173 4818 3227 4869 et
3255 4813 3330 4868 Β.

2111 4939 2317 4996 ΝΟΤΕ

575 5028 600 5054 ⁸
626 5019 927 5078 Charlres.

506 5167 536 5219 5
563 5088 715 5219 :tgt'.
748 5093 1006 5149 Marcam
1028 5094 1429 5168 Hispanicam,
1457 5096 1559 5153 lib.
1585 5111 1664 5168 iu,
1697 5112 1829 5170 cap.
1863 5099 1948 5169 l7,
1988 5113 2157 5153 num.

575 5244 599 5304 9
624 5232 709 5290 Cf.
745 5232 959 5291 Chron.
993 5233 1068 5289 de
1092 5237 1272 5304 gestis
1298 5240 1629 5296 Normann.

577 5297 601 5342 δ
631 5305 922 5378 Flandriae
945 5297 1108 5378 pars:

578 5386 598 5413 °
626 5373 689 5432 Id
716 5381 804 5455 est
832 5373 1310 5455 TarVannenses,
1344 5396 1603 5451 quorum
1635 5385 1817 5455 caput
1846 5381 2162 5438 Tervanna

507 5464 696 5522 prope
717 5450 785 5504 St
820 5451 994 5508 Omer
1024 5450 1202 5505 situm
1235 5457 1341 5522 est.

579 5533 597 5572 τ
612 5523 1007 5595 _Nom_eno_ius,
1032 5521 1155 5578 dux
1171 5521 1510 5595 Britanniae,
1533 5524 1798 5595 primum
1818 5524 1926 5581 fuit
1941 5526 2162 5582 missus

2269 5026 2528 5082 nationis
2563 5027 2642 5082 ab
2679 5026 2894 5083 eodem
2941 5025 3269 5083 Nomenoio
3318 5025 3686 5083 monasterio
3745 5028 3927 5083 Roto-

2269 5099 2441 5154 nensi
2467 5098 2659 5162 factas,
2710 5115 2862 5170 quas
2905 5097 3078 5155 datas
3132 5102 3304 5170 putat
3339 5098 3713 5155 Mabillonius
3760 5112 3926 5153 anno

2271 5173 2394 5243 834,
2435 5185 2709 5242 quasque
2739 5172 2882 5226 Saec.
2917 5173 2951 5226 4
2979 5170 3272 5226 Benedict.
3317 5175 3487 5243 parte
3515 5186 3576 5242 ιι,
3623 5185 3768 5243 pag.
3806 5172 3924 5228 185.

2267 5241 2493 5298 recitat.
2528 5245 2699 5306 Boeo.

2342 5327 2366 5385 ᾳ
2391 5317 2623 5369 Marsua
2645 5312 2936 5385 palatium
2959 5313 3036 5370 ad
3067 5313 3437 5370 conﬂuentes
3460 5316 3633 5370 Mosae:
3654 5319 3713 5368 et
3744 5313 3928 5369 Gulias

2269 5383 2424 5439 infra
2453 5383 2782 5454 'l‘rajectum
2807 5385 3080 5456 superius
3109 5387 3310 5453 situm,
3342 5385 3520 5441 hodie
3557 5386 3817 5442 Hersen.

2343 5456 2370 5491 δ
2396 5457 2475 5511 Cf.
2506 5457 2719 5529 Balusii
2745 5457 3129 5529 Capitularia,
3163 5463 3200 5513 t.
3245 5461 3311 5529 ll,
3337 5457 3450 5529 col.
3474 5460 3564 5526 45,
3613 5456 3764 5529 edit.
3789 5457 3924 5529 Chi:

2269 5527 2424 5608 niac.
2447 5544 2531 5608 ia
2559 5527 2782 5608 quibus
2809 5525 3008 5608 nostri
3040 5525 3268 5602 aliquot
3297 5525 3517 5586 verbis
3552 5525 3806 5584 emissis
3836 5525 3926 5582 vel

508 5590 787 5652 Ludovici
812 5592 895 5666 pii
922 5591 1322 5668 imperatoris,
1349 5597 1414 5652 ut
1429 5590 1716 5652 discimus
1739 5613 1812 5654 ex
1836 5597 2039 5657 litteris
2059 5598 2164 5656 do-
2272 5590 2514 5657 mutatis
2543 5590 2842 5657 differunt.
