4158 6192
1891 193 2212 263 ΑΝΝΑιΕδ

3475 197 3480 200 ”
3575 191 3713 258 MOU

300 333 588 406 episeopo
609 330 946 403 corripitur,
970 331 1063 388 vel
1095 331 1738 388 exOornmunicationis
1769 331 1785 368 ¹
1845 329 1957 386 cri-
1983 329 2032 385 Α
2061 329 2260 388 lariter
2279 335 2507 406 parcat,
2540 334 2604 388 ut
2640 321 3018 403 spiritualiter
3039 319 3096 383 et
3113 323 3425 382 salubriter
3469 335 3715 400 parcere

299 437 442 480 men
468 422 718 487 faciens,
740 435 996 491 regnum
1019 426 1075 478 et
1101 424 1258 492 regis
1288 423 1558 494 regimen
1609 425 1823 490 mutat,
1877 429 1952 478 ne

299 505 568 571 debitam
591 509 980 584 penitentiam
1007 512 1313 585 suscipiat,
1346 516 1447 569 aut
1503 513 1846 586 susceptam
1875 510 1956 568 le;

302 603 508 674 gitime‘
537 605 829 674 peragat;-
858 600 1160 658 interdum
1188 602 1370 658 etiam
1389 601 1679 659 incestam
1711 601 1960 675 propin-

299 703 492 765 quam
517 695 693 746 suam
723 692 829 746 aut
851 691 1390 758 sanctimonialem,
1413 691 1506 748 vel
1548 691 1788 763 raptam
1837 687 1958 746 sive

299 779 664 844 adulteram,-
715 793 902 852 quam
931 779 1045 836 illic
1083 779 1134 836 ei
1173 787 1297 836 non
1325 779 1544 836 licebat
1583 776 1825 847 habere,
1864 775 1960 834 {tt-

306 867 476 940 giens
521 879 730 925 secum
776 867 986 924 duxit:
1033 869 1131 925 hic
1160 870 1295 926 talis
1344 881 1482 925 cum
1509 869 1847 942 episcopus,
1881 866 1958 924 ad

303 957 474 1014 cuius
511 969 719 1013 curam
752 956 1104 1030 pertinebat,
1136 957 1312 1014 nobis
1333 963 1542 1014 notum
1571 957 1790 1026 fecerit,
1826 956 1958 1013 dili-

301 1050 518 1119 genter
544 1047 944 1119 perquiratur,
961 1039 1052 1103 'ne
1075 1049 1355 1104 morandi
1385 1049 1480 1105 vel
1507 1044 1731 1105 latendi
1758 1044 1959 1103 locum

297 1136 362 1192 in
384 1147 573 1206 regno
599 1134 852 1192 alicuius
879 1140 1156 1193 nostrum
1177 1137 1462 1206 inveniat,
1488 1139 1542 1194 et
1579 1136 1673 1193 Dei
1727 1149 1796 1192 ac
1829 1149 1962 1192 nos-

298 1228 420 1281 tros
445 1222 652 1279 ﬁdeles
682 1233 794 1279 suo
841 1224 1059 1282 morbo
1108 1225 1367 1294 inﬁciet;
1405 1224 1509 1282 sed
1537 1242 1572 1283 a
1602 1223 1780 1282 nobis
1802 1219 1896 1280 vel
1925 1237 1963 1280 a

301 1311 590 1370 ministris
645 1312 992 1385 reipublicae
1048 1315 1514 1384 constringatur,
1571 1318 1637 1370 ut
1685 1315 1742 1371 et
1783 1310 1962 1369 simul

299 1413 441 1458 cum
471 1401 773 1458 diabolica
803 1403 1030 1476 praada,
1054 1413 1241 1477 quam
1264 1419 1468 1460 secum
1490 1400 1680 1475 duxit,
1708 1397 1786 1460 ad
1807 1403 1962 1475 epis-

300 1505 371 1547 co
381 1503 529 1564 pum
555 1503 734 1546 suum
763 1491 989 1563 redeat,
1022 1496 1080 1548 et
1101 1493 1176 1550 de
1213 1493 1543 1550 commisso
1574 1488 1822 1549 crimine
1848 1505 1960 1564 pu-

296 1579 459 1672 blica
477 1579 745 1672 debitam
765 1581 1177 1672 pwnitentiam
1198 1581 1484 1655 suscipiat
1499 1584 1603 1639 aut
1620 1579 1961 1654 susceptam

296 1667 562 1739 legitime
589 1667 874 1742 peragere
902 1669 1330 1743 compellatur.

371 1813 506 1867 CAP.
543 1810 642 1868 VI.
674 1832 703 1860 «
737 1814 806 1868 Ut
833 1812 1022 1868 nostri
1047 1812 1257 1870 ﬁdeles
1287 1812 1707 1884 unusquisque
1723 1811 1786 1868 in
1808 1827 1918 1866 suo
1941 1817 1964 1851 ³

299 1899 515 1956 ordine
549 1903 605 1956 et
637 1901 795 1957 statu
815 1902 1100 1958 veraciter
1125 1900 1243 1958 sint
1269 1901 1342 1957 de
1365 1901 1542 1957 nobis
1574 1900 1787 1967 securi,
1820 1899 1966 1972 quia

297 1986 535 2044 nullum
565 1986 788 2044 abhinc
811 1987 1013 2045 inante
1043 1993 1252 2046 contra
1296 1989 1492 2059 legem
1543 1993 1601 2045 et
1650 1987 1964 2058 iustitiam,

299 2077 722 2134 auctoritatem
743 2094 812 2134 ac
835 2077 1056 2134 iustam
1077 2079 1394 2146 rationem,
1414 2077 1968 2135 autdamnabimus

301 2170 409 2224 aut
459 2166 975 2224 dehonorabimus
1028 2172 1132 2224 aut
1169 2168 1605 2241 opprimemus,
1661 2167 1754 2224 vel
1806 2167 1970 2222 inde-

299 2254 441 2312 bitis
461 2255 1014 2312 machinationibus
1065 2256 1430 2327 aﬁligemus,
1462 2261 1520 2313 et
1548 2256 1811 2326 illorum,
1862 2255 1971 2311 sci-

299 2343 436 2400 licet
459 2344 750 2400 veraciter
773 2345 950 2401 nobis
998 2345 1286 2415 ﬁdelium,
1347 2346 1655 2402 communi
1699 2344 1967 2415 consilio,

308 2433 647 2489 secundum
665 2433 765 2490 Dei
796 2433 1170 2491 voluntatem
1203 2439 1260 2492 et
1279 2450 1600 2491 commune
1632 2434 1969 2491 salvamew

303 2525 458 2593 tum,
479 2521 560 2578 ad
579 2521 1014 2580 restitutionem
1035 2525 1359 2580 sancttnDei
1377 2524 1649 2582 Ecclesiae
1673 2529 1729 2581 et
1745 2527 1967 2581 statum

304 2611 496 2682 regni,
519 2615 577 2668 et
599 2611 682 2668 ad
706 2612 999 2669 honorem
1015 2614 1248 2684 regium
1269 2615 1291 2650 ³
1319 2618 1499 2688 atque
1521 2629 1735 2686 pacem
1758 2612 1966 2686 populi

307 2700 622 2756 commissi
648 2701 825 2757 nobis
846 2702 1163 2774 pertinenti
1185 2720 1203 2770 ε
1222 2718 1536 2758 assensum
1557 2702 1966 2776 praebebimus

305 2789 368 2845 in
405 2790 542 2859 hoc,
568 2789 632 2846 ut
655 2791 738 2846 illi
769 2806 892 2846 non
924 2791 1122 2847 solum
1141 2807 1266 2847 non
1300 2792 1417 2848 sint
1439 2793 1614 2848 nobis
1662 2791 1965 2849 contradi-

307 2881 507 2934 centes
555 2882 612 2934 et
666 2879 1006 2935 resistentes
1061 2879 1138 2935 ad
1184 2880 1300 2937 ista
1345 2881 1723 2953 exequenda,
1753 2895 1966 2936 verum

310 2967 494 3022 etiam
519 2966 603 3022 sio
634 2966 753 3024 sint
792 2967 969 3024 nobis
998 2968 1206 3024 ﬁdeles
1255 2972 1312 3024 et
1340 2969 1687 3025 obedientes
1741 2985 1811 3025 ac
1841 2968 1966 3024 veri

310 3054 614 3112 adiutores
652 3071 721 3112 ac
786 3063 1226 3131 cooperatores,
1277 3073 1415 3114 vero
1471 3057 1724 3115 consilio
1754 3061 1809 3114 et
1849 3058 1966 3114 sin-
2008 3040 2046 3102 C

311 3159 450 3200 cero
509 3144 776 3212 auxillio,
848 3145 928 3204 ad
998 3147 1112 3204 ista
1187 3147 1537 3219 peragenda
1599 3163 1738 3219 quas
1814 3161 1966 3219 prae-

309 3231 611 3302 misimus,
697 3234 850 3291 sicut
933 3253 1041 3308 per
1129 3240 1361 3293 rectum
1421 3236 1840 3309 unusquisque
1909 3237 1968 3291 in

312 3336 425 3376 suo
490 3321 699 3378 ordine
781 3328 840 3380 et
919 3329 1080 3381 statu
1159 3343 1269 3383 suo
1335 3325 1595 3400 principi
1645 3329 1702 3382 et
1751 3325 1970 3382 seniori

312 3423 446 3465 esse
477 3410 676 3468 debet.

381 3535 516 3592 ΟΑΡ.
577 3539 685 3592 VII.-
749 3551 778 3588 ι(
803 3538 872 3595 Ut
898 3537 981 3595 sic
1026 3538 1206 3595 simul
1243 3534 1564 3604 coniuncti,
1604 3544 1659 3596 et
1689 3551 1800 3596 nos
1845 3537 1974 3610 .fra-

310 3627 432 3680 tres
486 3625 565 3681 ad
616 3625 899 3695 invicem,
956 3632 1012 3686 et
1058 3645 1169 3686 nos
1219 3643 1357 3687 cum
1405 3629 1684 3687 ﬁdelibus
1731 3628 1969 3694 nostris,

309 3717 368 3771 et
413 3714 619 3772 ﬁdeles
658 3715 846 3774 nostri
878 3717 1222 3789 nobiscum,
1253 3723 1308 3776 et
1337 3735 1546 3776 omnes
1605 3720 1785 3776 simul
1834 3737 1971 3776 cum

309 3805 432 3860 Deo
489 3817 602 3861 nos
651 3808 1184 3880 reconiungamus,
1219 3813 1294 3880 et,
1331 3811 1395 3866 ut
1433 3810 1607 3866 nobis
1641 3811 1714 3866 sit
1769 3809 1972 3882 propi-

2065 423 2270 496 possit;
2304 424 2471 497 quin,
2508 424 2655 479 sicut
2684 420 3086 495 praemisimus
3116 417 3177 474 in
3209 417 3567 490 prmcedenti
3625 433 3717 473 ca-

2062 513 2271 585 pitulo,
2304 531 2446 571 vero
2479 512 2726 570 consilio
2758 513 2813 568 et
2835 511 3064 566 sincero
3093 506 3313 566 auxilio
3343 505 3443 562 illa
3466 507 3527 562 in
3558 522 3716 562 com-

2065 617 2247 660 mune
2270 601 2536 662 certatim
2560 602 2773 660 emend
2783 617 2882 658 are
2903 599 3039 657 totis
3057 598 3281 655 viribus
3302 605 3716 671 procuremus,

2065 693 2421 765 quantocius
2443 689 2872 749 rationabiliter
2893 688 3248 763 poterimus.

2135 782 2269 838 Car.
2298 783 2434 838 VIII.
2465 785 2576 838 «Et
2598 781 2645 837 si
2676 779 2890 854 aliquis
2937 795 3009 835 ex
3065 774 3395 833 subditisin
3424 789 3719 848 quocum-

2066 887 2183 945 que
2215 872 2422 927 ordine
2445 873 2501 928 et
2547 875 2704 928 statu
2756 870 2830 926 de
2861 870 2975 926 hac
3031 866 3449 924 convenientia
3492 857 3720 933 exierit,

2069 967 2171 1018 aut
2197 978 2257 1018 se
2274 963 2599 1030 retraxerit,
2624 961 2716 1017 vel
2736 961 2874 1016 huic
2893 957 3200 1015 communi
3222 955 3462 1012 decreto
3491 957 3722 1010 contra-

2068 1049 2298 1119 dixerit,
2328 1051 2588 1107 seniores
2617 1067 2757 1107 cum
2785 1048 3074 1105 veraciter
3123 1041 3402 1102 ﬁdelibus
3442 1043 3565 1099 suis
3592 1043 3722 1099 haec

2070 1141 2403 1198 secundum
2437 1141 2539 1197 Dei
2574 1139 2946 1196 voluntatem
2969 1142 3024 1194 et
3061 1137 3257 1208 legem
3288 1151 3357 1191 ac
3386 1134 3606 1190 iustam
3631 1139 3724 1189 ra-

2069 1233 2315 1302 tionem,
2334 1231 2472 1287 velit
2493 1223 2640 1286 nolit
2660 1229 2754 1285 ille
2780 1229 2883 1303 qui
2904 1229 3108 1284 divino
3131 1225 3379 1283 consilio
3404 1228 3460 1280 et
3483 1223 3722 1279 decreto

2070 1325 2127 1379 et
2197 1321 2337 1378 huic
2385 1318 2810 1376 convenientiae
2884 1319 3162 1374 resistens
3211 1318 3267 1371 et
3308 1311 3723 1370 contradicens

2068 1411 2262 1479 fuerit,
2285 1412 2708 1482 exsequantur.
2744 1407 2810 1463 Et
2834 1407 2882 1464 si
2909 1405 3126 1479 aliquis
3165 1403 3238 1461 de
3285 1395 3623 1458 senioribus
3643 1397 3722 1482 de

2068 1501 2182 1556 hac
2205 1479 2616 1553 convenientia
2645 1495 2849 1550 exierit
2869 1498 2972 1550 aut
2993 1510 3053 1549 se
3073 1493 3398 1561 retraxerit,
3427 1507 3565 1547 cum
3594 1479 3725 1563 plu-

2069 1585 2475 1644 resseniorum
2517 1587 2860 1640 nostrorum
2901 1575 3106 1638 ﬁdeles
3156 1579 3212 1637 et
3250 1596 3576 1649 regnorum
3604 1569 3725 1650 pri-

1997 1677 2043 1740 Β
2072 1692 2268 1734 mores
2291 1665 2676 1731 convenerint
2694 1673 2969 1734 inunum,
2987 1687 3197 1727 eorum
3216 1663 3236 1704 ⁸
3258 1665 3362 1743 qui
3382 1667 3511 1723 haec
3528 1666 3729 1722 obser-

2071 1763 2339 1822 vaverint
2372 1763 2677 1820 seniorum
2708 1757 2956 1818 consilio
2978 1762 3035 1816 et
3054 1759 3476 1831 episcoporum
3507 1747 3728 1811 indicio

2073 1871 2142 1911 ac
2166 1851 2474 1910 communi
2498 1867 2816 1917 consensu,
2847 1843 3101 1922 qualiter
3124 1845 3199 1902 de
3247 1862 3340 1916 eo,
3386 1839 3489 1916 qui
3528 1842 3726 1898 debite

2075 1939 2421 2001 admonitus
2462 1935 2879 2010 incorrigibilis
2901 1933 3389 2010 perseveraverit,
3421 1931 3727 2001 agendum

2077 2031 2168 2103 sit,
2201 2031 2434 2088 favente
2485 2022 2738 2086 Domino
2787 2027 3180 2083 decernemus
3227 2025 3283 2080 et
3339 2024 3405 2078 ut
3445 2018 3725 2077 obnixius

2077 2117 2419 2194 supradicta
2447 2116 2708 2191 capitula
2739 2133 2774 2173 a
2797 2113 2974 2172 nobis
3002 2113 3323 2170 auxiliante
3376 2107 3623 2166 Domino
3644 2106 3731 2162 in-

2076 2205 2426 2268 violabiliter
2455 2207 2867 2277 observentur,
2918 2209 2975 2262 et
3004 2222 3116 2260 nos
3159 2203 3260 2260 illa
3295 2201 3726 2258 observaturos

2079 2301 2292 2358 certius
2315 2293 2588 2370 credatis,
2642 2297 2926 2355 manibus
2981 2293 3240 2370 propriis
3289 2285 3733 2347 subtertimavi-

2080 2409 2238 2448 mus.
2274 2413 2302 2440 »

2147 2481 2284 2536 Post
2303 2479 2322 2509 ⁸
2349 2477 2479 2535 haec
2510 2477 2719 2552 pirata:
2750 2477 3054 2532 Danorum
3087 2471 3350 2528 Fresiam
3379 2469 3436 2525 et
3473 2465 3730 2524 Batavos

2074 2570 2442 2644 populantur
2464 2565 2572 2624 sed
2614 2570 2671 2624 et
2696 2582 2890 2639 usque
2930 2563 3010 2621 ad
3056 2558 3491 2619 monasterium
3541 2554 3731 2644 sancti

2074 2642 2334 2718 Bavonis
2375 2658 2539 2732 quod
2582 2651 2779 2713 Gantb
2809 2654 3017 2711 dicunt
3062 2648 3522 2715 debacchantes,
3572 2642 3734 2701 idem

2073 2745 2507 2807 monasterium
2533 2739 2881 2814 incendunt,
2925 2742 3346 2811 venientesque
3383 2735 3597 2792 urbem
3627 2737 3738 2790 Ro-

2074 2844 2312 2895 tumum
2367 2833 2406 2905 ‘,
2458 2852 2650 2908 usque
2697 2829 2775 2890 ad
2823 2829 3138 2888 Belvacum
3176 2821 3198 2858 ⁴
3228 2824 3488 2900 pedestri
3543 2821 3736 2894 gradu

2075 2923 2448 2992 perveniunt.
2477 2927 2605 2990 Qua
2631 2923 2878 2978 incensa
2927 2936 3068 2976 cum
3096 2915 3376 2982 redirent,
3430 2930 3468 2970 a
3510 2911 3733 2968 nostris

2077 3015 2399 3088 intercepti,
2434 3014 2490 3070 et
2517 3011 2719 3084 aliqua
2745 3026 2817 3066 ex
2833 3011 3002 3082 parte
3026 3002 3307 3081 protlgati
3333 3005 3489 3058 sunt.
3517 2997 3735 3074 Respo-

2077 3107 2234 3178 gius,
2293 3105 2450 3160 ﬁlius
2526 3098 2900 3170 Nomenogii,
2979 3098 3057 3154 ad
3132 3091 3415 3154 Carolum
3467 3090 3733 3161 veniens,

2076 3196 2138 3252 in
2176 3193 2326 3250 urbe
2379 3189 2848 3261 Andegavorum
2888 3185 3042 3243 datis
3082 3179 3366 3241 manibus
3407 3180 3735 3254 suscipitur

2077 3285 2133 3342 et
2157 3287 2280 3340 tam
2337 3277 2639 3352 regalibus
2695 3275 3063 3334 indumentis
3096 3289 3284 3348 quam
3313 3275 3580 3344 paterna).
3627 3284 3735 3342 po-

2077 3373 2300 3432 testatis
2318 3369 2540 3428 ditione
2561 3371 2840 3435 donatur,
2875 3365 3093 3423 additis
3139 3363 3385 3436 insuper
3414 3360 3466 3417 ei
3489 3358 3738 3416 Redoni-

2076 3465 2193 3521 bus
2213 3472 2255 3518 °.
2281 3460 2582 3518 Namnetis
2609 3459 2626 3495 ί
2658 3462 2714 3514 et
2744 3461 2993 3514 Ratense
3041 3469 3085 3510 κ.

2153 3549 2463 3609 Sarraceni
2512 3550 2917 3604 Beneventum
2949 3548 3004 3600 et
3055 3541 3204 3599 alias
3231 3537 3499 3596 civitates
3532 3536 3738 3612 quieta

2081 3635 2333 3698 statione
2382 3629 2770 3713 possident‘.
2829 3627 3213 3690 Hludowicus
3271 3625 3292 3666 δ
3339 3646 3445 3686 rex
3501 3627 3738 3684 Sclavos

2079 3747 2234 3806 pene
2265 3745 2474 3786 omnes
2502 3726 2827 3800 populatur
2893 3727 2948 3779 et
2993 3737 3117 3777 suae
3171 3720 3455 3790 subiugat
3506 3715 3734 3773 ditioni.

2084 3824 2198 3877 Leo
2240 3817 2687 3892 apostololicus,
2724 3816 3190 3869 Sarracenorum
3218 3808 3578 3880 irruptiones
3617 3820 3742 3860 me-

315 3892 454 3963 tius,
490 3892 573 3950 illi
619 3905 730 3968 pro
780 3896 996 3954 devoto
1021 3909 1268 3954 munere
1300 3898 1642 3964 offeramus,
1703 3903 1768 3954 ut
1799 3915 1967 3953 unus-

2086 3913 2276 3974 tuens,
2301 3905 2618 3962 ecclesiam
2637 3902 2797 3958 beati
2828 3901 2976 3956 Petri
3017 3899 3157 3953 hinc
3189 3897 3326 3952 inde
3352 3911 3527 3951 muro
3573 3911 3738 3949 com-

313 3980 568 4055 qulsque
623 3984 897 4043 omnium
951 3991 1224 4044 nostrum
1280 3985 1512 4058 absque
1564 3993 1675 4042 sua
1731 3987 1975 4058 propria

309 4072 693 4130 excusatione
739 4075 842 4131 aut
870 4075 1288 4133 iustificatione
1324 4083 1854 4145 recognOscamus,
1899 4073 1974 4131 'in

309 4160 534 4233 quibus
566 4165 670 4220 aut
697 4165 1043 4236 singulatim
1067 4170 1169 4225 aut
1211 4165 1612 4222 communiter
1661 4166 1870 4220 contra
1915 4161 1978 4220 il-

313 4248 432 4306 lius
474 4249 769 4312 mandata
817 4257 874 4313 et
923 4258 1164 4314 decreta
1217 4267 1465 4312 suorum
1497 4257 1516 4292 ‘
1571 4252 1821 4311 fecimus
1874 4259 1978 4311 aut

1817 4347 1977 4402 statu

313 4341 734 4400 consensimus
791 4345 853 4401 in
934 4348 1145 4404 ordine
1223 4343 1626 4404 ecclesiastico
1693 4349 1751 4403 et

314 4429 509 4499 τθεηί,
583 4437 638 4490 et
720 4445 830 4510 per
895 4433 1136 4508 singula
1215 4438 1277 4494 in
1351 4435 1623 4494 medium
1684 4435 1784 4494 illa
1834 4453 1976 4510 pro-

314 4514 550 4588 pinquo
594 4519 690 4577 vel
711 4517 1138 4592 confmderato,
1184 4519 1306 4580 imo
1353 4529 1464 4580 nec
1496 4518 1608 4578 sibi
1635 4515 1768 4594 ipsi,
1814 4529 1997 4578 seCu-'

2085 3995 2386 4067 muniens,
2439 3991 2722 4049 eumdem
2783 4005 3025 4045 murum
3071 4001 3261 4058 usque
3314 3984 3391 4041 ad
3441 3983 3739 4039 civitatem

2083 4083 2377 4159 perducit,
2417 4085 2826 4152 Romanaeque
2852 4076 2987 4133 urbi
3013 4075 3366 4146 contiguum
3396 4070 3592 4127 efﬁcit.

2778 4256 3072 4314 DCCCLIl.

2162 4419 2553 4485 Nortmanni"
2589 4421 2734 4478 '232
2790 4418 3050 4476 navibus
3080 4414 3343 4472 Fresiam
3375 4415 3618 4498 adeunt,
3651 4428 3743 4470 ac-

2092 4513 2398 4590 ceptisque
2419 4507 2621 4570 multis
2651 4509 2830 4584 prout
2853 4503 2967 4580 ipsi
2994 4505 3347 4576 statuerunt,
3381 4503 3460 4561 ad
3496 4501 3614 4560 alia
3661 4500 3746 4556 di-

1616 4675 2013 4741 VARIANTES
2051 4672 2452 4738 LEOTIONES.

390 4801 853 4880 1c‘zupnBaluzio
894 4801 1207 4880 legendum
1238 4801 1327 4865 vel
1374 4807 1952 4880 excommunicatur,
2002 4793 2994 4880 nutante:excommupicationem
3037 4790 3268 4880 crimen
3317 4787 3569 4872 faciens,
3627 4790 3738 4880 eth
3831 4786 3841 4800 '

316 4885 340 4918 ²
367 4859 856 4951 sub’déeii'cilfi
877 4859 2199 4951 iééﬁ'ﬁﬁi'chlTdéés'tQEc‘iSﬁiﬁiT’a’eliget.
2233 4861 2254 4906 ⁸
2281 4863 2595 4928 ludovicus
2617 4867 2716 4924 Ch.
2749 4868 2768 4900 ⁷
2795 4863 3116 4921 normanni
3139 4863 3268 4933 Ch.,°
3313 4861 3528 4930 saepius
3577 4859 3738 4932 quod

1916 5018 2145 5077 NOTJE.

319 4955 420 5012 hic
443 4950 744 5011 monuisse
771 4950 1059 5024 sufﬁciat.

391 5119 758 5249 "Cgeghron.
787 5116 863 5173 de
884 5115 1070 5188 gestis
1101 5117 1430 5172 Normann.
1456 5128 1510 5170 a.
1550 5115 1674 5170 850.

397 5269 419 5296 °
444 5263 675 5320 Rouem

395 5331 417 5363 ⁴
443 5334 768 5389 Beauvats.

399 5413 421 5440 °
448 5406 698 5461 Rennes.

397 5481 415 5520 ί
439 5477 686 5532 Nautes.

2094 5110 2386 5163 structum
2415 5115 2548 5159 esse
2579 5097 2847 5156 credunt.
2881 5094 3092 5152 Valesil
3122 5093 3293 5151 Notit.
3325 5091 3492 5163 Gell,
3525 5103 3586 5166 p.
3615 5095 3738 5148 465.

2162 5175 2184 5208 ³
2213 5177 2428 5247 Pagius
2453 5171 2532 5229 ad
2552 5185 2793 5247 annum
2825 5169 2959 5247 85l_,_
2984 5183 3152 5247 num.
3189 5166 3235 5235 l,
3255 5166 3579 5247 legendum
3613 5178 3745 5247 cen-

2093 5253 2182 5306 set
2229 5238 2348 5304 ηοῖι
2396 5243 2703 5315 possident
2727 5251 2780 5315 ,'_
2803 5239 3156 5315 crediderim
3194 5239 3394 5312 potius
3412 5238 3746 5315 auctorem,

2142 5303 2230 5375 tiae
2255 5303 2334 5374 de
2383 5303 2740 5372 civitatibus
2756 5303 3214 5376 Beneventanis:
3250 5307 3548 5380 praecipue
3593 5303 3744 5370 Bari,

2119 5379 2231 5448 ἔνι-ἱ
2262 5388 2534 5452 audierit,
2569 5387 2643 5441 de
2685 5386 2815 5456 ipsa
2865 5387 3194 5456 Benevento
3235 5379 3382 5456 urbe
3430 5389 3748 5456 perperam

2094 5462 2472 5519 intellexisse.
2501 5449 2642 5514 Eam
2667 5449 2794 5526 jam
2819 5472 2979 5512 anno
3005 5457 3108 5510 848
3143 5449 3475 5526 Ludovicus
3509 5452 3550 5504 ll
3585 5449 3753 5526 ξενα-

400 5519 896 5618 er6§E"i)agttm
924 5543 1390 5618 Namnetensem
1413 5535 1894 5618 situm.(le_p‘a_ys
1935 5542 1986 5592 et
2097 5533 2261 5618 cenis
2285 5519 2713 5618 eripuerat:'Cl;.
2757 5523 3170 5618 (tetrachemperti
3203 5522 3342 5578 Hist.
3380 5519 3672 5592 Langob.,
3695 5534 3746 5574 ο.

327 5617 522 5674 duche’
541 5607 614 5675 de
634 5607 803 5674 R'aits
823 5633 899 5672 ou
922 5617 1082 5682 Retz)
1105 5607 1986 5682 vocabulumiavicoBatiaten-

329 5687 380 5744 si
413 5689 610 5760 traxit,
641 5703 826 5763 quem
847 5685 947 5745 alii
974 5687 1028 5746 te
1054 5677 1297 5752 Restail,
1336 5679 1435 5740 alii
1459 5677 1588 5747 Rié,
1614 5677 1712 5740 alii
1733 5681 1864 5754 iam
1891 5679 1990 5737 de-

2097 5610 2184 5666 20.
2216 5602 2421 5661 Muret.
2461 5605 2555 5660 SS.
2589 5605 2656 5665 Il,
2689 5602 2734 5670 Ι,
2757 5603 2880 5656 242.

2169 5679 2183 5718 ί
2221 5674 2303 5734 Ci.
2339 5673 2552 5735 Chron.
2588 5672 2663 5731 de
2689 5670 2869 5744 gestis
2891 5672 3090 5728 Nom.
