4160 6186
253 153 389 208 1409

1784 128 2104 192 ANNALES
2115 175 2128 190 .

3527 137 3663 199 m0

239 269 572 332 Carmaniae
596 282 820 338 regem,
846 267 1058 324 acriter
1084 270 1534 340 promoventur,
1567 262 1671 320 sed
1699 261 1895 318 Domi-
1921 259 1974 315 Δ
2009 256 2284 329 fugatum
2304 258 2383 315 ad
2413 262 2647 332 patrem
2674 259 2736 316 in
2757 259 3138 316 Germaniam
3177 259 3369 317 redire
3400 264 3664 336 compel-

229 380 307 420 no
353 363 679 436 pugnante
721 357 1061 413 vincuntur.
1097 357 1276 413 Graeci
1329 373 1471 412 vero
1521 373 1644 412 non
1700 356 1896 410 minus

236 457 439 510 contra
473 446 903 506 llludowicum
933 446 1124 501 ﬁlium
1159 446 1432 514 Lotharii,
1467 461 1667 517 regem
1698 443 1892 505 Italiae,

239 541 641 603 concitantur,
671 540 912 610 propter
940 535 1126 592 ﬁliam
1161 536 1535 608 imperatoris
1569 534 1897 593 Constanti-

240 627 574 704 nopolitani
605 625 685 682 ab
714 641 786 682 eo
809 624 1236 697 desponsatam
1273 625 1376 681 sed
1408 624 1485 680 ad
1511 625 1636 680 eius
1656 623 1897 696 nuptias

247 719 449 775 venire
478 715 879 772 diﬁ‘erentem.
907 713 1158 769 Romani
1195 729 1459 786 quoque,
1488 712 1660 768 artati
1696 712 1896 767 Sarra-

242 822 528 865 cenorum
553 807 1012 875 Maurorumque
1051 802 1512 868 incursionibus,
1546 801 1625 857 ob
1671 801 1762 857 sui
1799 801 1897 857 de-

240 896 576 953 fensionem
605 892 855 950 omnino
896 891 1232 962 neglectam
1271 892 1436 965 apud
1475 891 1898 965 imperatorem

242 983 588 1042 Lotharium
611 983 1080 1054 conqueruntur.

567 1091 570 1095 ·
914 1069 1232 1126 DCCCLIV.

310 1159 562 1218 Carolus
599 1174 782 1232 super
809 1157 1006 1214 fratris
1035 1158 1128 1214 sui
1159 1157 1486 1214 llludowici
1515 1157 1633 1214 ﬁde
1661 1173 1902 1231 suspec-

234 1254 352 1316 tus,
383 1249 463 1307 ad
489 1247 838 1305 Lotharium
860 1247 921 1302 in
946 1247 1080 1302 vico
1113 1247 1350 1303 Leutico
1381 1257 1406 1283 ι
1447 1247 1625 1312 venit,
1654 1246 1756 1302 ubi
1796 1246 1902 1302 diu

233 1339 310 1396 de
340 1337 654 1395 communi
677 1335 943 1394 amicitia
974 1340 1154 1408 atque
1179 1335 1576 1392 indissolubili
1601 1338 1615 1371 ί
1645 1339 1901 1392 tractan-

232 1433 343 1496 tes,
371 1428 627 1485 tandem
670 1441 876 1482 coram
907 1424 1194 1481 omnibus
1233 1424 1337 1497 qui
1382 1424 1649 1487 aderant,
1690 1423 1900 1480 identi-

231 1518 374 1574 dem
407 1533 598 1591 super
629 1520 837 1573 sancta
867 1513 1124 1570 iurando
1172 1514 1433 1570 vicissim
1485 1514 1898 1584 ﬁrmaverunt,

2004 345 2086 402 lit.
2121 346 2354 414 Karlus,
2379 349 2626 421 Pippini
2647 348 2845 420 frater,
2868 348 2990 404 iam
3010 347 3303 404 diaconus
3332 350 3664 421 ordinatus,

2007 452 2042 493 a
2072 437 2414 493 Corbeiensi
2463 439 2828 495 monasterio
2873 437 3111 494 recedit.
3155 438 3367 495 Karlus
3396 455 3500 497 rex
3528 443 3667 498 Kar-

2003 513 2382 596 lomannum,
2429 525 2622 582 ﬁlium
2689 543 2886 591 suum,
2950 531 3197 584 tonsura
3269 527 3669 586 ecclesiastica

2004 611 2258 670 dedicat.
2293 614 2443 670 Dani
2467 624 2491 652 ο
2516 615 2794 672 intestino
2819 615 2971 672 inter
3002 631 3066 671 se
3117 615 3325 688 praelio
3369 616 3666 674 dimican-

2005 705 2113 773 tes,
2143 701 2297 758 adeo
2339 702 2515 759 tridui
2536 703 2975 761 concertatione
3025 703 3500 762 obstinatissima
3525 705 3668 764 bac-

2006 789 2165 846 chati
2194 795 2350 859 sunt,
2382 796 2448 848 ut
2501 792 2670 849 Orico
2709 809 2848 863 rege
2892 797 2948 849 et
2977 793 3185 850 ceteris
3229 809 3366 849 cum
3389 809 3460 851 eo
3483 794 3663 852 inter-

2007 877 2172 934 fectis
2209 880 2473 950 regibus,
2510 897 2664 954 pene
2689 882 2889 938 omnis
2935 881 3218 939 nobilitas
3247 883 3546 939 interierit.
3571 884 3663 940 Pi-

2006 972 2151 1023 ratae
2204 971 2714 1027 Nortmannorum
2785 971 2986 1041 Ligere
3050 970 3410 1036 insistentes,
3464 972 3666 1031 denuo

2008 1055 2308 1114 civitatem
2333 1059 2800 1130 Andegavorum
2824 1059 3103 1116 incendio
3133 1065 3537 1119 concremant.

2696 1204 2985 1260 DCCCLV.

2081 1326 2392 1384 Lotharius
2422 1331 2608 1384 totam
2659 1329 2918 1386 Fresiam
2947 1329 3070 1386 ﬁlio
3116 1346 3229 1387 suo
3260 1331 3534 1388 Lothario
3562 1331 3668 1388 do-

2008 1418 2113 1471 nat
2145 1433 2158 1483 ;
2189 1415 2350 1471 unde
2371 1416 2541 1472 Boric
2571 1427 2629 1472 et
2658 1417 3010 1473 Godefridus
3053 1419 3330 1491 patriam,
3355 1420 3412 1476 id
3444 1425 3533 1479 est
3556 1423 3666 1480 Da-

2008 1504 2196 1568 niam,
2219 1505 2512 1578 repedant
2537 1521 2640 1578 spe
2671 1507 2979 1579 potestatis
3007 1508 3186 1578 regia:
3224 1510 3663 1566 nanciscendae.

233 1605 683 1664 commendatis
733 1603 1070 1661 alternatim
1117 1602 1277 1672 ﬁliis,
1309 1603 1658 1676 proceribus
1711 1606 1767 1659 et
1812 1618 1899 1659 re-
1931 1608 1972 1663 Β
2011 1593 2319 1650 Lotharius
2366 1594 2722 1659 inﬁrmatur,
2756 1611 2878 1668 qua
2908 1595 2983 1652 de
3011 1612 3075 1652 re
3115 1597 3352 1653 Occasio
3394 1597 3538 1655 data.
3579 1601 3670 1655 est

230 1695 390 1766 gnis.
425 1699 659 1752 Interea
689 1693 1063 1749 Hludowicus
1094 1691 1469 1760 adolescens,
1499 1692 1657 1748 ﬁlius
1684 1691 1904 1747 Hludo—

228 1785 369 1841 wici
389 1785 553 1856 regis
594 1785 1048 1851 Germanorum,
1081 1781 1160 1839 ab
1216 1781 1530 1855 Aquitanis
1560 1798 1595 1838 a
1617 1786 1785 1854 patre
1806 1798 1902 1838 ex-

227 1875 475 1949 petitur,
512 1873 764 1944 Ligerim
794 1872 1026 1937 transit,
1053 1875 1109 1928 et
1139 1872 1217 1928 ab
1257 1871 1363 1943 eis,
1395 1887 1430 1928 a
1459 1871 1681 1944 quibus
1710 1871 1901 1928 fuerat

229 1963 604 2038 postulatus,
659 1962 1002 2035 suscipitur.
1063 1960 1307 2018 Carolus
1358 1961 1789 2034 profectionem
1838 1961 1900 2016 in

229 2053 630 2127 Aquitaniam
679 2056 947 2123 tempore
996 2050 1483 2122 quadragesimae
1532 2051 1805 2114 celebrat,
1838 2051 1900 2106 in

226 2158 361 2215 qua
407 2156 608 2213 usque
669 2139 1021 2212 paschalem
1086 2138 1462 2194 festivitatem
1531 2138 1899 2210 demoratur,

229 2230 496 2302 eiusque
539 2228 802 2302 populus
847 2226 1088 2300 praedis,
1120 2227 1433 2299 incendiis,
1464 2228 1901 2301 hominumque

225 2317 688 2392 captivitatibus
711 2319 900 2373 totum
933 2332 1112 2372 suum
1151 2315 1420 2373 laborem
1448 2315 1755 2389 impendit,
1791 2332 1902 2372 nec

225 2407 311 2465 ab
349 2407 504 2481 ipsis
549 2405 814 2462 ecclesiis
838 2409 895 2461 et
935 2404 1223 2462 altaribus
1252 2405 1354 2461 Dei
1383 2420 1558 2461 suam
1616 2405 1904 2478 cupidita-

223 2500 358 2554 tem
391 2500 454 2552 et
485 2494 810 2552 audaciam
840 2493 1097 2550 cohibet.

304 2585 632 2642 Lotharius
651 2584 892 2641 fratrem
915 2599 1092 2640 suum
1116 2582 1533 2640 Hludowicum
1559 2599 1739 2657 super
1757 2584 1902 2641 Rhe-

222 2691 392 2732 num
422 2675 500 2730 de
531 2672 895 2730 fraternitate
937 2687 1079 2742 erga
1100 2671 1378 2729 Carolum
1405 2673 1764 2746 alloquitur;
1799 2673 1905 2730 sed

221 2764 406 2837 prius
457 2763 671 2819 acriter
695 2778 821 2818 sese
852 2761 1214 2826 mordentes,
1237 2761 1484 2818 tandem
1529 2762 1608 2819 ad
1655 2778 1903 2818 concor-

222 2851 404 2908 diam
436 2851 711 2920 redeunt,
741 2850 1031 2921 pacisque
1058 2848 1303 2904 nomine
1324 2849 1710 2905 fcederantur.
1738 2849 1905 2906 Unde

219 2956 358 2996 non
389 2939 634 2996 modice
663 2937 911 2992 Carolus
945 2935 1255 2998 sollicitus.
1290 2935 1368 2992 ab
1397 2936 1718 3008 Aquitania
1740 2937 1904 2994 nullo
1933 2964 1976 3020 ο

220 3030 489 3101 peracto
517 3025 758 3096 negotio
785 3026 806 3059 ²
836 3023 1155 3097 repedans,
1187 3022 1429 3080 fratrem
1460 3024 1801 3081 Lotharium
1828 3025 1905 3082 ad

218 3115 536 3189 palatium
586 3129 767 3168 suum
829 3112 1189 3168 Attiniacum
1235 3112 1484 3182 invitat;
1519 3129 1642 3185 quo
1693 3129 1907 3170 conve-

219 3205 499 3272 nientes,
523 3201 689 3274 quod
719 3201 950 3255 dudum
981 3201 1335 3272 pepigerant
1363 3200 1773 3259 ﬁrmaverunt.

301 3291 469 3349 Dani
519 3291 581 3346 in
634 3290 835 3360 Ligere
885 3289 1302 3360 consistentes,
1334 3307 1527 3364 usque
1565 3292 1644 3348 ad
1687 3292 1906 3348 Blisum

219 3385 244 3418 3
267 3387 298 3428 ιι
330 3385 609 3437 castrum
657 3378 920 3447 veniunt,
952 3379 1273 3452 ipsumque
1322 3379 1670 3451 incendunt,
1700 3381 1906 3438 volen-

217 3478 318 3530 tes
378 3467 526 3526 inde
571 3467 902 3524 Aurelianis
962 3468 1272 3540 pervenire
1329 3469 1541 3526 eadem
1592 3471 1901 3544 patraturi.

218 3557 734 3632 Praeparantibus
777 3572 920 3612 vero
961 3556 1250 3613 adversus
1297 3573 1400 3614 eos
1428 3558 1674 3630 navigia
1703 3563 1758 3614 et
1785 3558 1908 3615 bel-

214 3648 462 3706 latores
482 3646 768 3719 episcopo
789 3644 1306 3702 Aurelianensium
1329 3647 1481 3716 Agio
1503 3651 1560 3703 et
1578 3648 1903 3704 Carnutum

219 3736 561 3795 Buchardo
593 3738 637 3805 ‘,
666 3735 744 3791 ab
799 3735 1122 3791 intentlone
1177 3734 1488 3806 desistunt,
1522 3741 1578 3793 et
1623 3736 1906 3794 inferiora

217 3825 469 3897 Ligeris
523 3828 818 3896 repetunt.
871 3823 979 3879 Alii
1031 3839 1275 3897 quoque
1331 3826 1539 3898 piratae
1600 3829 1904 3883 Danorum

218 3913 512 3972 Fresiam
544 3911 819 3970 Saxoniae
867 3912 1241 3969 adiacentem
1279 3912 1666 3986 populantur.
1698 3917 1906 3972 Lotha-

213 4004 362 4061 rius
395 4004 460 4057 et
502 3999 748 4057 Carolus
800 3999 1030 4070 legatos
1086 4000 1166 4058 ad
1215 4001 1462 4059 fratrem
1493 4001 1905 4060 Hludowicum

215 4110 346 4170 pro
369 4091 549 4166 pacis
581 4090 926 4160 concordia,
958 4096 1014 4147 et
1039 4093 1105 4148 ut
1130 4090 1322 4147 ﬁlium
1353 4107 1530 4147 suum
1561 4091 1640 4147 ab
1668 4092 1908 4166 Aquita-

214 4185 332 4241 nia
373 4183 642 4248 revocet,
674 4180 932 4237 mittunt.
969 4180 1215 4236 Carolus
1260 4180 1476 4237 iterum
1524 4181 1905 4255 Aquitaniam

218 4272 382 4330 adit.
418 4269 756 4362 _Pipp_inu_s,
781 4269 1034 4362 Pippini
1079 4268 1258 4362 ﬁlius,
1287 4269 1392 4342 qui
1433 4269 1495 4326 in
1537 4272 1906 4362 monasterio
1938 4307 1980 4362 ο

219 4359 435 4418 sancti
481 4357 742 4415 Medardi
770 4361 980 4414 tonsus
1007 4357 1284 4414 habitum
1315 4359 1599 4416 monachi
1629 4377 1906 4435 suscepe-

215 4452 348 4520 rat,
387 4450 449 4502 et
478 4445 880 4502 iuramentum
909 4448 1356 4519 permansionis
1388 4448 1628 4520 fecerat,
1661 4451 1901 4521 Aquita-

216 4537 412 4595 niam
466 4533 814 4605 ingreditur,
836 4550 1100 4607 parsque
1157 4536 1426 4591 maxima
1475 4536 1689 4607 populi
1733 4540 1904 4592 terrae

2009 1681 2341 1738 Hludovico
2367 1687 2423 1740 et
2453 1683 2663 1740 Carolo
2702 1683 2985 1740 fratribus
3036 1685 3116 1741 ad
3165 1687 3554 1745 concordiam
3578 1703 3669 1744 re-

2009 1771 2257 1828 deundi.

2081 1861 2433 1918 Nortmanni
2456 1861 2482 1898 ά
2507 1861 2924 1933 Burdegalam,
2963 1861 3294 1934 Aquitaniae
3345 1863 3662 1933 civitatem,

2009 1949 2324 2019 invadunt,
2358 1956 2415 2006 et
2436 1951 2551 2008 hac
2580 1951 2838 2024 illacque
2878 1967 2988 2026 pro
3040 1951 3211 2008 libitu
3240 1959 3664 2025 pervagantur.

2010 2038 2222 2094 Karlus
2250 2039 2557 2111 Aquitanis
2587 2041 2926 2112 petentibus
2970 2040 3219 2110 Karlum
3249 2041 3440 2099 ﬁlium
3463 2059 3664 2110 suum,

2010 2136 2215 2197 regem
2243 2127 2627 2200 designatum
2653 2129 2935 2186 attribuit.
2970 2129 3184 2187 Karlus
3209 2130 3391 2187 etiam
3415 2130 3669 2187 Edilvul—

2012 2216 2140 2273 fum
2165 2225 2210 2286 θ,
2237 2232 2441 2288 regem
2486 2218 2817 2289 Anglorum
2869 2222 3196 2290 Saxonum,
3229 2223 3481 2277 Romam
3526 2235 3667 2294 pro-

2010 2309 2321 2380 perantem
2367 2306 2695 2364 honoriﬁce
2746 2309 3012 2382 suscipit,
3034 2309 3200 2367 omni
3246 2309 3411 2380 regio
3456 2309 3670 2366 habitu

2011 2396 2218 2467 donat,
2273 2399 2331 2452 et
2386 2413 2580 2470 usque
2651 2397 2730 2454 ad
2790 2399 2959 2469 regni
3028 2399 3120 2454 sui
3176 2399 3461 2455 terminos
3527 2413 3670 2455 cum

2011 2485 2318 2558 obsequiis
2397 2502 2536 2557 rege
2592 2486 2790 2558 dignis
2847 2488 3065 2546 deduci
3114 2488 3270 2546 facit.
3357 2487 3668 2545 Lotharius

2012 2575 2304 2631 adversus
2354 2575 2600 2632 Karlum
2647 2577 2961 2634 occasione
3013 2582 3304 2650 suspectae
3333 2576 3476 2633 ﬁdei
3525 2591 3674 2650 que-

2010 2663 2175 2720 ritur.
2232 2663 2412 2720 Multa
2465 2664 2772 2722 catholicae
2818 2666 2962 2722 ﬁdei
3016 2666 3316 2723 contraria
3370 2665 3433 2722 in
3482 2681 3671 2738 regno

2012 2752 2190 2821 Karli,
2222 2752 2356 2825 ipso
2383 2769 2627 2826 quoque
2657 2769 2780 2810 non
2808 2755 3031 2824 nescio,
3063 2755 3454 2812 concitantur.

2083 2843 2277 2897 Mense
2334 2845 2625 2910 Augusto,
2676 2845 2810 2909 Leo,
2869 2843 3216 2916 apostolicae
3274 2842 3431 2898 sedis
3484 2843 3668 2899 antis-

2012 2933 2101 2985 tes
2157 2928 2476 2985 defunctus
2541 2933 2649 3002 est,
2719 2931 2892 3004 eique
2956 2931 3307 2988 Benedictus
3363 2931 3664 2989 successit.

2014 3017 2238 3074 Eodem
2302 3034 2509 3074 mense
2560 3019 2698 3075 duae
2764 3019 2944 3077 stellae
3009 3020 3254 3077 maioris
3306 3024 3363 3077 et
3418 3019 3669 3077 minoris

2011 3109 2360 3182 quantitatis
2418 3109 2558 3164 visa;
2613 3114 2756 3167 sunt
2809 3127 2846 3168 a
2891 3115 3060 3184 parte
3107 3111 3432 3168 occidentis
3477 3111 3670 3168 orien-

2011 3203 2134 3255 tem
2182 3215 2391 3255 versus
2453 3199 2749 3266 incedere,
2805 3207 2862 3258 et
2917 3202 3033 3259 hoc
3087 3218 3195 3275 per
3241 3202 3453 3259 decem
3506 3201 3668 3258 vices

2013 3289 2166 3345 adeo
2245 3289 2602 3359 alternatim,
2653 3296 2718 3349 ut
2785 3291 3014 3349 maiore
3100 3296 3511 3365 permanente,
3559 3291 3669 3348 mi-

2010 3394 2124 3434 nor
2197 3378 2514 3452 aliquoties
2583 3381 2923 3438 nullatenus
2979 3386 3313 3456 appareret.
3359 3381 3668 3439 Lotharius

2012 3467 2357 3540 imperator,
2390 3468 2604 3526 morbo
2629 3475 2938 3544 correptus
2973 3471 3277 3545 vitamque
3313 3470 3666 3544 desperans,

2011 3557 2445 3614 monasterium
2508 3561 2771 3616 Promeze
2849 3560 2911 3616 in
2981 3561 3304 3618 Arduenna
3381 3561 3668 3617 constitu-

2012 3649 2140 3701 tum
2199 3647 2364 3714 adiit,
2397 3648 2720 3721 seculoque
2751 3655 2806 3706 et
2848 3666 3034 3720 regno
3083 3651 3321 3723 penitus
3373 3650 3671 3707 abrenun-

2012 3735 2197 3806 cians,
2257 3741 2471 3792 tonsus
2526 3742 2637 3806 est,
2691 3739 2875 3794 vitam
2933 3739 3328 3811 habitumque
3387 3740 3671 3796 monachi

2010 3824 2313 3880 humiliter
2362 3841 2626 3881 sumens.
2684 3825 3099 3898 Dispositoque
3147 3827 3301 3882 inter
3346 3825 3523 3896 ﬁlios,
3563 3825 3669 3898 qui

2012 3928 2217 3970 secum
2299 3913 2716 3988 morabantur,
2783 3930 2992 3985 regno,
3056 3916 3140 3972 ita.
3223 3919 3287 3971 ut
3360 3914 3668 3971 Lotharius

2012 4002 2437 4073 cognominem
2462 4004 2484 4039 ⁵
2516 4004 2643 4060 eius
2702 4003 3031 4074 Franciam,
3089 4003 3297 4062 Karlus
3340 4019 3482 4060 vero
3529 4004 3669 4059 Pro-

2009 4092 2273 4150 vinciam
2317 4093 2626 4162 obtineret,
2676 4095 2834 4152 intra
2905 4110 3010 4154 sex
3055 4093 3184 4151 dies
3232 4094 3356 4150 vita
3413 4091 3670 4150 decessit

2013 4199 2074 4239 1v
2125 4181 2536 4240 Kalendarum
2589 4183 2608 4220 ί
2656 4183 3026 4256 Octobrium,
3075 4187 3255 4256 atque
3317 4183 3380 4239 in
3452 4182 3668 4240 eodem

2011 4273 2378 4331 monasterio
2425 4273 2817 4348 sepulturam,
2850 4277 2917 4331 ut
2956 4271 3422 4338 desideraverat,
3464 4287 3668 4329 conse-

2013 4367 2186 4420 cutus
2208 4370 2314 4422 est.

2081 4453 2363 4524 Aquitani
2393 4454 2606 4510 urbem
2657 4453 3040 4510 Lemovicum
3087 4451 3388 4508 mediante
3431 4449 3667 4506 Octobri

2011 4555 2220 4594 mense
2241 4541 2680 4613 convenientes,
2704 4540 2948 4598 Karlum
2968 4556 3246 4614 puerum,
3269 4538 3461 4594 ﬁlium
3486 4537 3665 4605 Karli,

215 4625 308 4684 ad
385 4639 536 4681 eum
589 4623 885 4681 convolat.
957 4620 1168 4677 Karlus
1240 4637 1364 4689 rex,
1425 4621 1663 4694 Pippini
1721 4639 1908 4681 causa
2011 4643 2216 4698 regem
2240 4629 2593 4699 generaliter
2613 4630 2999 4701 constituunt,
3023 4633 3324 4701 unctoque
3347 4643 3455 4701 per
3479 4627 3671 4701 ponti-

206 4712 611 4789 postbabita,
666 4711 1081 4770 Hludowicum
1127 4714 1409 4782 nepotem
1448 4709 1527 4766 ab
1588 4710 1906 4782 Aquitania

2010 4715 2189 4773 ﬁcem
2211 4733 2499 4776 coronam
2524 4720 2692 4792 regni
2714 4719 3036 4792 imponunt
3060 4721 3483 4791 sceptrumque
3509 4715 3667 4774 attri-

1541 4872 1930 4933 VARIANTES
1970 4877 2265 4937 LECTION
2271 4882 2373 4939 ES.

297 4998 316 5032 ¹
355 4993 591 5064 supple
617 5007 788 5066 pace.
833 4993 857 5027 ²
887 4989 1140 5060 negocio
1167 4987 1270 5046 Ch.
1306 4987 1328 5024 ³
1359 4987 1604 5047 Blisium
1635 4991 1736 5048 Ch.
1783 4999 1804 5032 δ
1834 4990 2134 5051 Budiardo
2167 4995 2275 5054 Ch.
2309 4998 2383 5054 Β.
2419 4998 2803 5056 Buchardum
2834 4996 3148 5068 legendum
3179 5009 3300 5053 esse
3321 4997 3666 5069 Bouquetus

213 5101 301 5144 ea:
331 5096 579 5142 canone
597 5081 770 5139 tertio
787 5080 1024 5139 concilii
1046 5079 1480 5138 Suessionensis
1504 5079 1754 5138 secundi
1779 5095 1836 5139 a.
1867 5082 1968 5138 853
1994 5083 2281 5143 celebrati
2301 5087 2508 5158 infert.
2526 5090 2547 5125 δ
2569 5090 2655 5146 ita
2677 5088 2916 5145 correxi
2933 5101 2957 5158 ,·
2977 5085 3086 5143 Ch.
3107 5090 3162 5142 et
3189 5085 3263 5141 B.
3303 5100 3659 5158 cognomen.

1844 5205 2070 5280 NOTE,

302 5308 334 5335 ι
364 5297 636 5354 Luttich.

303 5372 337 5410 b
372 5371 564 5425 Blois.

301 5448 324 5471 ε
363 5440 453 5495 (1f.
490 5442 706 5497 Chron.
739 5440 814 5496 dc
840 5440 1018 5509 gestis
1049 5442 1270 5506 Norm.,
1309 5453 1407 5495 an.
1444 5441 1566 5494 853.

308 5511 336 5540 ⁸
366 5509 454 5566 Cf.
486 5511 702 5568 Chron.
731 5511 807 5568 de
837 5511 1018 5581 gestis
1040 5513 1238 5567 Norm.
1274 5526 1329 5566 a.
1364 5512 1487 5581 853.

309 5589 338 5619 ο
378 5583 498 5637 Hoc
515 5597 676 5642 anno
695 5578 1055 5641 Edilvulfum
1078 5593 1182 5637 seu
1193 5578 1631 5637 Ethelwolfum
1651 5581 1903 5638 Romam

2056 5303 2368 5375 crrcxisse,
2423 5317 2751 5377 secumque
2825 5319 3003 5360 suum
3071 5301 3263 5359 ﬁlium
3337 5293 3663 5353 Aalfredum

2009 5319 2275 5429 guxisse.
2299 5382 2587 5429 testantur
2609 5386 2855 5429 Asserus
2878 5377 3018 5429 Vita:
3036 5370 3271 5429 .‘l'llfredi
3293 5372 3502 5425 auctor
3516 5384 3663 5424 com-

2011 5371 2275 5446 duxisse,
2299 5371 2589 5450 testantur
2609 5371 2855 5450 Λέεειιῃε
2878 5377 3018 5432 Vitae
3036 5371 3271 5450 .‘tjlfredi
3293 5372 3502 5450 auctor
3516 5384 3665 5450 coae-

2012 5462 2180 5573 $1.38
2169 5439 2669 5585 tatuglthelwerdus
2707 5447 2992 5521 antiquus
3033 5440 3529 5513 chronographus
3554 5439 3656 5495 lib.

2095 5574 2251 5648 f‘Alii
2265 5574 2340 5664 te.
2367 5607 2423 5664 g.
2451 5589 2864 5663 Necrologium
2897 5582 3283 5658 Sangallense
3311 5582 3412 5652 P.)
3438 5581 3661 5640 habent
