4160 6186
251 191 382 244 1417

1773 169 2115 228 ANNALES.

3523 171 3661 228 148

246 311 382 366 bere
408 305 700 371 solebant,
733 302 898 359 laicis
946 301 1262 359 distribuit.
1297 301 1502 358 Piratte
1534 311 1558 336 ει
1591 303 1895 356 Danorum
1924 299 1971 352 A
2087 289 2397 349 Lotharius
2439 291 2607 348 fratri
2647 305 2758 348 suo
2804 287 3171 358 Hludowico,
3202 289 3486 348 Italorum
3513 295 3662 366 regi,

245 401 427 469 longo
470 394 652 454 maris
701 392 970 457 circuitu,
1003 392 1155 448 inter
1203 391 1514 464 Hispanias
1543 389 1814 447 videlicet
1843 392 1898 443 et

246 487 502 544 Africam
533 482 905 553 navigantes,
939 481 1298 537 Rhodanum
1327 480 1762 550 ingrediuntur,
1793 477 1896 532 de-

247 572 666 649 populatisque
713 569 1078 644 quibusdam
1124 569 1458 626 civitatibus
1497 585 1568 626 ac
1600 571 1899 624 monaste-

248 665 369 735 riis,
382 663 442 720 in
458 661 801 733 insulaquaa
819 658 1092 716 Camaria
1112 658 1140 698 δ
1168 657 1400 728 dicitur,
1421 657 1591 713 sedes
1611 656 1896 729 ponunt'.

251 752 459 810 Karlus
502 765 605 806 rex
634 765 744 823 per
789 748 1030 804 diversa
1071 747 1205 804 loca
1233 751 1562 804 conventus
1591 743 1900 817 episcopo-
1934 780 1950 790 -

246 857 381 896 rum
413 840 552 909 agit,
580 837 686 894 sed
713 842 926 910 quarto
957 835 1174 894 a'I‘ullo
1203 838 1529 892 Leucorum
1560 833 1815 890 miliario
1837 833 1900 888 in

247 930 387 987 villa
413 927 776 1001 Saponarias
805 933 821 955 °
851 943 988 982 cum
1033 926 1305 982 Lothario
1348 929 1405 980 et
1449 923 1642 991 Karlo,
1674 921 1900 996 nepoti-

245 1021 361 1076 bus
391 1019 516 1074 suis
564 1017 828 1087 regibus,
863 1014 1100 1088 synodo
1130 1015 1552 1087 episcoporum
1581 1012 1897 1077 adsistens,

243 1107 513 1164 libellum
554 1103 952 1161 accusationis
983 1102 1272 1158 adversus
1304 1101 1717 1168 Guanilonem,
1749 1105 1900 1170 Age-

244 1195 405 1252 dinci
446 1196 752 1250 Senonum
793 1191 1320 1264 metropolitanum
1359 1190 1735 1263 episcopum,
1768 1203 1902 1261 por-

240 1283 395 1355 rigit.
419 1285 568 1350 Quae
593 1286 797 1339 tamen
829 1281 983 1337 actio
1003 1285 1246 1354 propter
1268 1279 1607 1337 absentiam
1632 1279 1902 1336 eiusdem

239 1371 594 1430 Guanilonis
617 1369 885 1444 episcopi
913 1369 1097 1426 dilata
1117 1373 1221 1425 est.
1248 1368 1388 1425 lnde
1413 1368 1488 1425 ad
1513 1366 1904 1440 conloquium

240 1462 436 1520 fratris
495 1460 584 1518 sui
630 1458 958 1516 Hludowici
986 1457 1143 1529 regis
1186 1458 1248 1514 in
1297 1457 1494 1514 insula
1522 1456 1709 1513 Rheni
1753 1456 1906 1512 inter

172 1610 176 1611 ν
235 1556 673 1609 Antunnacum
701 1550 724 1583 ³
747 1553 803 1605 et
831 1546 1207 1605 Conﬂuentes
1253 1551 1553 1620 properat.
1580 1545 1758 1601 Cuius
1787 1544 1906 1600 col-

2007 379 2341 453 quamdam
2370 381 2539 450 regni
2565 380 2659 436 sui
2687 379 3022 453 portionem
3053 378 3339 448 attribuit,
3368 396 3440 438 ea
3464 383 3485 416 ⁴
3505 382 3668 439 vide-

2006 467 2141 525 licet
2165 484 2302 541 quae
2332 469 2485 526 ultra
2513 473 2712 525 Iuram
2735 471 3006 524 montem
3043 466 3328 538 habebat,
3355 468 3418 525 id
3446 473 3535 526 est
3562 473 3668 527 Ge-

2006 572 2219 627 nuam,
2266 560 2647 616 Lausonnam
2695 561 2753 614 et
2797 555 3107 614 Sedunum
3146 558 3172 597 ιι
3201 557 3494 624 civitates,
3525 574 3668 616 cum

2007 646 2476 718 episcopatibus,
2505 645 2884 704 monasteriis
2931 648 2988 703 et
3015 645 3419 715 comitatibus,
3452 651 3668 721 prseter

2005 733 2298 807 hospitale
2323 735 2491 808 quod
2519 741 2608 793 est
2625 735 2688 792 in
2710 738 2916 794 monte
2943 733 3094 792 lovis
3122 735 3136 775 ¹
3174 738 3232 793 et
3255 735 3667 810 Pipincensem

2007 823 2362 880 comitatum
2395 840 2456 882 ιιι.

2079 912 2353 984 Guanilo,
2385 914 2706 988 episcopus
2747 917 3074 985 Senonum,
3099 915 3330 989 absque
3361 917 3667 976 audientia

2008 1003 2430 1076 episcoporum
2479 1003 2660 1061 Karlo
2711 1005 2838 1076 regi
2893 1004 3327 1062 reconciliatur.
3386 1006 3666 1064 Nicolaus

2007 1093 2276 1166 pontifex
2296 1096 2624 1163 Romanus,
2655 1094 2731 1151 de
2756 1095 2948 1167 gratia
2976 1095 3079 1152 Dei
3105 1100 3164 1152 et
3187 1095 3376 1153 libero
3397 1097 3664 1166 arbitrio,

2008 1183 2084 1240 de
2102 1182 2350 1240 veritate
2379 1183 2635 1254 geminas
2664 1184 3204 1257 praedestinationis
3231 1190 3289 1242 et
3319 1188 3340 1222 ⁵
3373 1186 3668 1257 sanguine

2011 1271 2241 1339 Christi,
2295 1277 2361 1329 ut
2401 1288 2514 1346 pro
2569 1272 2951 1331 credentibus
3007 1273 3292 1330 omnibus
3348 1275 3516 1332 fusus
3573 1274 3668 1348 sit,

2009 1360 2262 1418 ﬁdeliter
2289 1360 2609 1419 conﬁrmat
2635 1366 2693 1420 et
2720 1362 3007 1421 catholica
3037 1362 3323 1420 decernit.

2704 1521 2992 1596 DCCCLX.

236 1641 427 1714 loquii
485 1639 729 1696 eﬂ‘ectus
778 1637 1047 1694 differtur
1088 1652 1279 1709 usque
1323 1636 1402 1692 ad
1448 1649 1552 1691 vm
1603 1633 1907 1690 Kalendas
1936 1652 1978 1707 Β
2086 1627 2288 1684 Hiems
2335 1627 2570 1685 diutina
2623 1631 2680 1686 et
2721 1627 3023 1686 continuis
3052 1629 3294 1687 nivibus
3322 1645 3393 1688 ac
3423 1631 3560 1703 gelu
3590 1632 3676 1690 di-

237 1728 598 1788 Novembris
641 1727 807 1801 apud
853 1725 1134 1783 Basiliam
1175 1724 1494 1782 civitatem.
1527 1725 1656 1790 Quo
1686 1722 1905 1779 Hludo-

236 1819 393 1876 vvico
423 1817 808 1889 adveniente,
841 1813 1060 1872 Karlus
1108 1819 1353 1889 propter
1391 1813 1652 1871 Lotharii
1693 1813 1908 1870 absen-

238 1910 384 1966 tiam
441 1907 532 1963 ab
588 1905 794 1962 itinere
860 1909 1056 1978 coepto
1109 1903 1439 1960 revertitur.
1495 1902 1771 1976 Aquitani
1829 1901 1908 1959 ad

235 1996 503 2054 Karlum
530 2010 788 2068 puerum
817 2007 1027 2050 omnes
1056 2007 1209 2065 pene
1241 1995 1683 2048 convertuntur.
1713 1989 1908 2064 Pippi-

235 2103 356 2143 nus
387 2083 680 2141 Rotberto
710 2081 912 2139 comiti
941 2086 998 2138 et
1029 2080 1367 2138 Britonibus
1397 2080 1674 2138 sociatur.

312 2174 496 2230 Acies
549 2172 611 2229 in
671 2171 822 2228 cmlo
869 2185 1078 2226 mense
1131 2173 1421 2241 Augusto,
1477 2169 1810 2243 Septembri
1854 2173 1911 2226 et

237 2261 495 2321 Octobri
524 2265 817 2318 nocturno
848 2264 1117 2332 tempore
1156 2258 1450 2328 visuntur,
1481 2259 1563 2316 ita
1600 2262 1666 2314 ut
1693 2258 1912 2314 diurna

236 2352 492 2409 claritas
521 2350 602 2408 ab
643 2349 866 2408 oriente
902 2363 1096 2420 usque
1137 2347 1198 2404 in
1230 2347 1693 2420 septentrionem
1723 2347 1908 2404 conti-

236 2453 362 2493 nue
393 2434 646 2498 fulserit,
683 2438 739 2490 et
785 2433 1081 2490 columnae
1112 2431 1456 2503 sanguineae
1487 2449 1559 2490 ex
1589 2447 1661 2489 ea
1687 2430 1912 2487 discur-

234 2530 445 2583 rentes
476 2523 890 2598 processerint.
923 2521 1109 2578 Dani‘
1127 2521 1360 2577 noviter
1375 2521 1760 2577 advenientes
1787 2535 1912 2577 mo-

236 2613 584 2672 nasterium
610 2611 798 2669 sancti
827 2610 1095 2668 Walarici
1116 2624 1138 2652 θ
1169 2615 1224 2667 et
1247 2609 1753 2680 Samarobrivam,
1775 2614 1912 2666 Am-

235 2705 578 2762 bianorum
628 2701 948 2770 civitatem,
983 2699 1219 2772 aliaque
1266 2699 1736 2772 circumquaque
1777 2699 1913 2755 loca

237 2791 485 2865 rapinis
524 2793 582 2845 et
628 2788 916 2845 incendiis
959 2793 1235 2853 vastant;
1287 2787 1385 2844 alii
1429 2803 1671 2861 quoque
1701 2803 1912 2844 eorum

238 2880 522 2939 insulam
552 2879 738 2936 Rheni
774 2881 1063 2935 Patavum
1107 2878 1124 2917 ῖ
1151 2877 1330 2933 simili
1359 2878 1557 2933 furore
1587 2877 1909 2944 invadunt;

2014 1733 2103 1787 ra,
2127 1732 2164 1775 a
2190 1732 2398 1774 mense
2424 1716 2698 1775 videlicet
2724 1719 3046 1776 Novembri
3076 1735 3268 1792 usque
3289 1720 3369 1777 ad
3387 1723 3672 1795 Aprilem.

2016 1804 2330 1863 Lotharius
2358 1806 2632 1877 reginam
2678 1823 2855 1864 suam
2878 1807 3275 1879 Teutbergam
3302 1809 3676 1867 irrevocabili

2016 1894 2157 1952 odio
2201 1895 2588 1953 habitam.....
2623 1899 2666 1968 ⁸,
2692 1901 2758 1954 ut
2793 1896 2928 1970 ipsa
2975 1913 3180 1955 coram
3209 1898 3506 1974 episcopis
3536 1915 3676 1957 con-

2017 1985 2304 2051 fiteretur,
2332 1985 2574 2043 fratrem
2623 2002 2802 2043 suum
2832 1985 3195 2044 Hucbertum
3226 1987 3340 2044 sibi
3365 1988 3676 2046 sodomiti-

2018 2089 2090 2131 co
2121 2073 2337 2132 scelere
2367 2074 2804 2146 commixtum;
2845 2075 3006 2132 unde
3053 2080 3110 2134 et
3149 2077 3511 2150 poenitentiae
3535 2094 3680 2136 con-

2019 2162 2187 2219 tinuo
2217 2162 2459 2220 addicta
2488 2168 2579 2221 est
2621 2168 2802 2237 atque
2841 2163 2904 2220 in
2956 2165 3389 2221 monasterium
3417 2170 3673 2224 retrusa.

2019 2251 2237 2308 Karlus
2265 2267 2390 2325 rex,
2418 2252 2584 2309 inani
2637 2255 2942 2310 Danorum
2986 2253 3050 2310 in
3094 2255 3317 2312 Somna
3353 2254 3678 2312 consisten-

2020 2341 2171 2398 tium
2201 2341 2625 2414 pollicitatione
2675 2342 2981 2416 pellectus,
3013 2343 3386 2401 exactionem
3427 2343 3502 2401 de
3551 2344 3678 2402 the-

2022 2430 2214 2488 sauris
2255 2431 2646 2489 ecclesiarum
2691 2437 2748 2489 et
2794 2433 3079 2490 omnibus
3130 2434 3362 2490 mansis
3393 2449 3464 2492 ac
3492 2449 3679 2506 nego-

2023 2521 2347 2579 ciatoribus
2377 2521 2557 2579 etiam
2601 2523 2995 2596 paupertinis,
3028 2523 3112 2581 ita
3140 2528 3212 2581 ut
3252 2524 3433 2582 etiam
3459 2523 3680 2583 domus

2022 2628 2232 2669 eorum
2269 2616 2328 2669 et
2356 2613 2560 2670 omnia
2590 2613 2869 2670 utensilia
2915 2613 3425 2686 adpreciarentur,
3457 2619 3516 2672 et
3541 2615 3681 2672 inde

2022 2704 2276 2758 statutus
2287 2716 2502 2758 census
2529 2701 2880 2772 exigeretur,
2905 2702 3035 2759 ﬁeri
3053 2701 3250 2772 iubet;
3278 2718 3422 2760 nam
3444 2703 3640 2761 eidem
3662 2706 3682 2739 ⁷

2025 2789 2172 2846 Dani
2215 2789 2637 2863 promiserant,
2669 2789 2719 2846 si
2768 2790 2852 2846 eis
2901 2790 3016 2847 tria
3057 2790 3224 2848 milia
3264 2790 3556 2848 librarum
3588 2808 3684 2850 ar-

2025 2879 2183 2950 genti
2222 2879 2490 2952 pondere
2531 2878 2872 2936 examinato
2921 2877 3221 2950 tribueret,
3278 2893 3342 2933 se
3391 2877 3682 2935 adversus

236 2970 306 3029 hi
336 2985 488 3026 vero
539 2968 644 3041 qui
699 2967 761 3022 in
816 2969 1097 3039 Sequana
1142 2971 1475 3035 morantur,
1505 2966 1858 3022 Noviomum
1889 2979 1913 3017 ε
1945 3007 1988 3062 D
2027 2984 2128 3025 eos
2185 2970 2383 3024 Danos
2429 2967 2533 3040 qui
2583 2967 2643 3023 in
2694 2969 2974 3039 Sequana
3030 2965 3429 3022 versabantur
3472 2967 3681 3035 ituros,

240 3058 560 3116 civitatem
607 3059 790 3112 noctu
836 3054 1128 3126 adgressi,
1176 3055 1511 3110 Immonem
1561 3054 1913 3128 episcopum

237 3163 395 3204 cum
433 3144 564 3202 aliis
595 3143 900 3202 nobilibus
937 3149 1065 3201 tam
1108 3143 1334 3201 clericis
1379 3159 1565 3216 quam
1609 3143 1778 3200 laicis
1815 3160 1914 3200 ca-

237 3237 451 3310 piunt,
480 3238 834 3306 vastataque
859 3233 1091 3290 civitate
1122 3249 1330 3289 secum
1370 3232 1700 3296 abducunt,
1735 3238 1915 3306 atque

236 3326 308 3381 in
339 3323 555 3378 itinere
581 3321 962 3377 interﬁciunt.
992 3321 1104 3388 Qui
1132 3321 1312 3378 etiam
1334 3325 1470 3378 ante
1493 3321 1648 3377 duos
1669 3337 1914 3377 menses

239 3410 703 3469 Ermenfridum
733 3410 1165 3482 Belvagorumh
1194 3411 1254 3467 in
1283 3409 1552 3484 quadam
1586 3411 1720 3468 villa
1739 3411 1917 3468 inter-

238 3503 546 3570 fecerant,
601 3500 707 3557 sed
778 3503 836 3556 et
899 3515 1061 3557 anno
1116 3501 1412 3573 praeterito
1472 3499 1824 3557 Baltfridum
1873 3502 1915 3568 ³,

239 3589 751 3650 Baioccassium1
779 3589 1150 3662 episcopum,
1181 3594 1561 3648 necaverant.
1595 3592 1744 3647 Ossa
1781 3589 1920 3647 bea-

239 3686 464 3739 torum
521 3683 856 3751 martyrum
902 3679 1188 3752 Dionysii,
1231 3679 1450 3736 Rustici
1503 3684 1560 3737 et
1609 3679 1919 3736 Eleutherii

238 3774 432 3828 metu
460 3768 812 3825 eorumdem
858 3768 1164 3826 Danorum
1209 3768 1271 3824 in
1318 3784 1547 3842 pagum
1593 3769 1921 3842 Mauripen-

239 3876 410 3921 sem,
470 3857 533 3913 in
578 3857 803 3928 villam,
855 3855 950 3912 sui
995 3856 1139 3913 iuris
1191 3857 1546 3914 Novientum
1596 3859 1633 3926 i,
1674 3857 1923 3916 devecta

239 3950 424 4017 sunt,
456 3950 638 4018 atque
666 3962 706 4002 ιι
730 3944 1033 4004 Kalendas
1055 3946 1322 4004 Octobris
1350 3946 1412 4003 in
1435 3945 1648 4005 locutis
1668 3947 1917 4019 diligen-

238 4043 340 4096 ter
374 4032 715 4092 conlocata.

2027 3073 2249 3130 eosque
2278 3056 2418 3113 inde
2448 3061 2552 3114 aut
2585 3055 2942 3128 expulsuros
2973 3060 3080 3113 aut
3102 3055 3538 3114 interfecturos.

2098 3145 2287 3203 Pridie
2336 3149 2536 3203 Nonas
2583 3145 2799 3218 Aprilis
2843 3149 3017 3202 nocte
3058 3145 3352 3218 sequenti,
3396 3161 3558 3202 nova
3604 3145 3686 3201 vi-

2027 3235 2241 3292 delicet
2264 3234 2410 3290 luna
2439 3234 2561 3291 iam
2593 3235 2897 3303 inchoata,
2929 3233 3113 3290 fertur
3149 3233 3432 3307 quaedam
3469 3233 3688 3291 obscu-

2026 3325 2168 3382 ritas
2217 3324 2602 3394 corniculata,
2661 3323 2875 3381 eodem
2929 3324 3235 3380 schemate
3280 3325 3301 3359 ⁸
3361 3339 3484 3398 quo
3539 3323 3687 3380 luna

2029 3413 2406 3487 splendebat,
2436 3429 2543 3486 per
2568 3412 2836 3470 medium
2865 3412 3137 3470 eiusdem
3165 3413 3322 3470 lunae
3370 3413 3686 3486 apparuis-

2031 3519 2116 3572 se,
2142 3503 2223 3560 ita
2252 3506 2316 3558 ut
2341 3502 2479 3560 hinc
2509 3502 2648 3560 inde
2677 3503 2919 3571 luceret,
2953 3501 3062 3558 sed
3081 3501 3143 3558 in
3172 3502 3373 3560 medio
3403 3502 3689 3560 obscura-

2028 3596 2208 3649 retur.
2237 3592 2512 3649 Similiter
2558 3592 2776 3648 dicitur
2800 3609 2901 3649 VIII
2951 3593 3093 3648 ldus
3135 3591 3351 3666 Aprilis
3382 3591 3472 3649 sol
3499 3597 3686 3661 ortus,

2029 3681 2362 3754 quamdam
2393 3681 2453 3736 in
2485 3681 2683 3737 medio
2723 3680 2814 3736 sui
2862 3680 3007 3737 orbe
3041 3681 3526 3738 tenebrositatem
3551 3697 3693 3754 pas-

2031 3785 2154 3842 sus,
2195 3785 2318 3842 qua
2359 3769 2439 3824 ad
2480 3768 2761 3830 inferiora
2788 3767 2915 3824 eius
2963 3767 3300 3835 delabente,
3334 3785 3477 3826 mox
3507 3769 3626 3828 alia
3654 3786 3691 3826 a

2031 3857 2438 3931 superioribus
2485 3857 2538 3912 ei
2583 3854 2892 3929 ingruerit,
2937 3854 3188 3928 eiusque
3242 3856 3452 3913 orbem
3495 3872 3690 3928 usque

2031 3947 2111 4004 ad
2167 3946 2378 4002 intima
2446 3943 2713 4002 similiter
2779 3943 3164 4018 percurrerit,
3233 3949 3292 4002 et
3366 3944 3482 4003 hoc
3543 3943 3690 4002 luna

2033 4035 2289 4094 decima.

1545 4162 1945 4222 VARIANTES
1999 4162 2292 4220 LECTION
2301 4162 2404 4219 ES.

324 4262 340 4296 ι
379 4255 607 4313 dicitur
634 4271 698 4329 se
725 4255 1056 4328 disponunt
1077 4257 1185 4314 Ch.
1255 4259 1274 4292 ³
1301 4259 1715 4314 autunnacum
1747 4258 1856 4316 Ch.
1920 4260 1941 4294 ³
1965 4257 2315 4316 blatfridum
2345 4259 2456 4317 Ch.
2488 4259 2560 4314 Β.
2642 4257 2660 4291 ⁵
2692 4272 2829 4329 eam
2857 4255 3130 4313 videlicet
3153 4270 3288 4329 quae
3313 4256 3389 4314 Β.
3459 4256 3480 4293 ⁵
3514 4259 3572 4313 et
3615 4256 3691 4313 de

238 4333 304 4388 S.
347 4328 685 4386 Hincmari
731 4329 982 4398 epistola
1020 4331 1110 4384 25.

325 4402 603 4457 scemate
635 4399 745 4456 Ch.

1215 4330 1237 4364 ⁶
1258 4329 1660 4400 supplendum
1686 4332 1880 4402 coegit
1909 4333 2002 4388 vel
2031 4331 2204 4388 aliud
2238 4331 2548 4401 ejusmodi.

2652 4331 2671 4364 τ
2709 4328 2870 4386 idem
2927 4329 3060 4398 Ch.,
3118 4327 3321 4386 eddem
3377 4329 3689 4385 sententia.

1871 4476 1913 4528 Ν
1922 4474 2071 4530 ΟΤΑέ
2085 4515 2098 4528 .

326 4570 356 4596 ι
390 4558 482 4615 Cf.
517 4557 730 4615 Chron.
760 4557 836 4615 de
870 4561 1020 4630 gest.
1055 4561 1254 4630 Norm.

301 4633 368 4761 ali
388 4631 487 4687 La
519 4627 966 4756 Clalgzargue,'in
1007 4629 1162 4684 ostio
1208 4628 1500 4685 Rhodani.
1541 4627 1756 4697 Vales.,
1793 4631 1923 4684 Not.

375 4744 422 4761 ..
446 4717 510 4761 ι).
654 4742 668 4756 .

819 4768 1341 4844 quae_una_leuca
1387 4767 1648 4826 distabat
1676 4785 1714 4827 a
1741 4769 1926 4833 Tullo.

243 4845 465 4905 multa
487 4840 810 4912 supersunt
835 4840 1105 4912 vestigia.
1131 4840 1306 4904 Bono.

331 4918 363 4960 ά
394 4914 489 4974 Cf.
525 4913 742 4972 Chron.
766 4913 842 4970 de
872 4918 1018 4986 gest.
1054 4917 1254 4971 Norm.

327 5003 354 5032 ο
387 4986 593 5044 Saint-
607 4987 847 5056 Valery.

330 5061 353 5101 ί
388 5056 468 5112 Id
497 5061 589 5113 est
618 5057 893 5113 Batuam.

332 5147 362 5186 ε
391 5129 642 5199 Noyon.

325 5203 360 5244 ιι
393 5201 725 5258 Beauvais.
755 5231 824 5241 —-
851 5201 1182 5255 Immonem
1224 5201 1428 5254 tamen
1477 5199 1938 5256 Noviomensem

245 5273 719 5346 episcopum,et
732 5269 1169 5346 Ermenfridum
1181 5268 1664 5346 Bellovacensem
1681 5270 1760 5346 ad
1774 5286 1940 5346 men-

245 5339 400 5403 sém
425 5339 748 5399 Oétobrem
770 5341 912 5398 anni
935 5339 1351 5413 subsequentis
1369 5341 1716 5413 superstites
1734 5341 1938 5413 fuisse,

246 5413 672 5475 manifestum
700 5417 789 5470 est
810 5429 882 5469 ex
904 5412 1048 5468 actis
1070 5410 1302 5468 cohcilii
1326 5410 1614 5466 Tullensis
1645 5411 1810 5483 apud
1830 5410 1939 5468 Tu-

249 5491 536 5549 siacum,
555 5486 650 5541 cui
668 5485 849 5542 ambo
868 5483 1293 5554 subscripsere.
1316 5483 1656 5538 Rainelmus
1667 5484 1913 5554 quidem
1932 5530 1944 5552 ,

253 5556 568 5616 Immonis
609 5571 941 5622 successor,
989 5554 1213 5609 ibidem
1263 5558 1442 5609 etiam
1499 5555 1649 5609 inter
1688 5555 1946 5611 subscri-

251 5625 551 5689 bentium
578 5628 828 5686 nomina
856 5624 1187 5682 invenitur:
1231 5627 1291 5681 at
1317 5628 1454 5696 post
1483 5625 1786 5698 synodum
1812 5627 1942 5698 ejus

579 5718 623 5772 P
643 5734 842 5774 nam.
884 5717 1041 5771 CXV.

1962 4563 2006 4617 D
2037 4561 2204 4641 actis,
2237 4559 2403 4641 quod
2431 4575 2554 4616 non
2577 4575 2731 4641 raro.
2751 4557 2954 4626 ﬁebat,
2975 4558 3368 4641 subscribere
3396 4559 3608 4641 potuit,
3633 4561 3699 4615 ut

2038 4634 2192 4712 serie
2243 4628 2461 4712 ﬁssam.
2504 4628 2910 4712 ειὼξςνίρξβτθ
2958 4628 3502 4712 Αηὲὲεείρρῼηεηέιξε
3553 4628 3698 4712 ἀμφι

2038 4701 2213 4758 Abbo
2245 4701 2468 4758 scilicet
2511 4705 2568 4758 et
2619 4699 3009 4758 Christianus.
3043 4702 3131 4757 Ita
3177 4699 3550 4758 Mabillonius
3588 4700 3695 4758 lib.

2040 4789 2196 4828 xxxv
2220 4772 2435 4829 Annal.
2468 4772 2712 4841 Bened.,
2743 4787 2914 4828 num.
2948 4777 3035 4828 50.
3070 4774 3346 4835 Bouousr.

2114 4846 2127 4880 ί
2159 4845 2434 4913 Bayeux.

2115 4915 2141 4998 ἱ,
2170 4915 2758 4998 θίορςηςειιν-δθίηε.

2172 4987 2349 5057 Genf,
2378 4987 2720 5055 Lausanne,
2748 4987 2963 5043 Sitten.

2119 5041 2132 5080 ¹
2176 5041 2574 5132 in
2593 5041 2811 5132 monte
2827 5041 3016 5132 sancti
3041 5055 3352 5132 Bernardi,
3379 5055 3440 5132 in
3467 5057 3632 5132 quod
3652 5062 3708 5114 et

2047 5141 2161 5196 ego
2205 5127 2490 5185 Kalendis
2533 5128 2816 5199 Augustis
2859 5144 2956 5185 an.
2997 5127 3152 5192 1823,
3185 5144 3257 5184 ex
3304 5127 3468 5186 ltalia
3485 5127 3705 5199 'redux,

2047 5199 2280 5273 diverti,
2312 5205 2369 5256 et
2396 5215 2508 5273 pro
2537 5198 2705 5256 more
2735 5199 3372 5273 Patrumoptimorum
3395 5198 3708 5273 humanis-

2057 5270 2220 5344 sime
2238 5269 2537 5344 exceptus,
2566 5274 2764 5343 grates
2791 5271 2862 5327 iis
2891 5270 2952 5328 in
2974 5269 3090 5329 ho‘c
3119 5272 3255 5328 loco
3281 5274 3416 5344 post
3441 5269 3708 5340 privatas

2051 5341 2334 5415 publicas
2363 5341 2550 5415 solvo.

2123 5427 2160 5453 ιιι
2176 5414 2309 5468 Sine
2340 5413 2527 5491 dubio
2557 5414 2877 5491 comitatus
2909 5413 3265 5491 Pipinensis,
3289 5425 3324 5466 a
3346 5411 3540 5491 castro
3560 5409 3712 5491 Bipp

2050 5499 2271 5539 nomen
2299 5487 2558 5552 sortitus,
2588 5486 2648 5541 in
2685 5481 3032 5542 occidentali
3077 5488 3234 5538 λιιι-ω
3261 5481 3480 5536 montis
3509 5481 3710 5549 latere,

2051 5555 2132 5612 ad
2160 5556 2352 5627 fontes
2396 5557 2571 5627 Birsze
2615 5557 2898 5624 ﬂuminis,
2933 5556 3104 5627 cujus
3142 5568 3433 5625 mappam
3482 5553 3708 5610 videsis

2051 5626 2113 5682 in
2147 5625 2534 5700 Schoeppﬂini
2563 5627 2746 5687 Alsat.
2783 5625 3067 5695 lllustr.’l,
3102 5641 3162 5697 p.
3197 5627 3323 5681 619.

3431 5715 3501 5768 45
