4160 6186
557 182 696 240 ιω

1654 177 1709 231 S.
1751 176 2119 232 PRUDENTII
2155 173 2529 230 TRBCENSIS
2569 175 2891 228 EPISCOPI.

624 302 774 360 Dani
795 311 822 340 ⁸
848 301 912 358 in
936 301 1182 356 Somma
1209 297 1624 372 consistentes,
1655 315 1795 356 cum
1835 300 1920 354 eis
1951 314 2074 355 non
2103 297 2209 353 da
2235 301 2282 355 Α
2320 313 2497 352 suum
2526 296 2790 360 Karlum,
2818 296 3162 352 Hludowico
3187 294 3312 364 regi
3339 297 3668 353 Germaniae
3688 300 3954 370 sociatur,

551 397 711 450 retur
739 388 1118 462 supradictus
1170 405 1414 458 census,
1457 391 1714 463 receptis
1761 388 2097 459 obsidibus,
2129 387 2209 444 ad

549 479 1034 550 Anglo-Saxones
1054 477 1374 549 navigant;
1402 495 1439 536 a
1461 479 1685 552 quibus
1706 477 2006 552 proﬂigati
2029 480 2210 548 atque

547 569 794 642 repulsi,
823 567 972 625 alias
1002 573 1202 642 partes
1233 571 1463 642 petunt.
1497 569 1562 626 lii
1607 585 1752 626 vero
1796 567 1945 624 Dani
1994 566 2099 640 qui
2146 567 2208 622 in

547 658 842 717 Rhodano
867 657 1282 727 morabantur,
1319 674 1508 731 usque
1537 659 1617 715 ad
1645 657 1980 715 Valentiam
2008 656 2036 698 δ
2064 655 2209 712 civi-

546 751 730 807 tatem
777 747 1072 804 vastando
1119 747 1511 820 perveniunt;
1565 747 1726 804 unde
1773 745 2022 818 direptis
2068 759 2208 818 qum

547 835 706 892 circa
753 841 922 892 erant
973 835 1278 903 omnibus,
1311 839 1666 892 revertentes
1712 835 1789 891 ad
1839 833 2097 890 insulam
2145 832 2206 888 in

544 941 672 998 qua
693 925 866 982 sedes
895 928 1246 997 posuerant,
1272 924 1546 980 redeunt.

616 1014 1019 1085 Hludowicus,
1050 1013 1268 1070 Karlus
1297 1018 1353 1071 et
1384 1015 1695 1071 Lotharius
1716 1029 1887 1083 reges
1908 1012 2206 1071 Kalendas

544 1105 746 1164 lunias
764 1104 931 1177 apud
945 1109 1208 1161 castrum
1221 1120 1259 1176 q
1269 1104 1388 1160 uod
1410 1104 1578 1161 Conﬂ
1588 1107 1793 1160 uenies
1804 1108 2049 1160 vocatur
2064 1117 2206 1159 con-

542 1193 812 1261 veniunt,
841 1192 1047 1266 ibique
1077 1193 1153 1248 de
1199 1209 1350 1266 pace
1397 1192 1551 1249 inter
1593 1209 1656 1248 se
1703 1192 1808 1248 diu
1861 1195 2201 1260 tractantes,

543 1283 790 1343 tandem
809 1281 1198 1340 concordiam
1223 1285 1402 1354 atque
1419 1281 1746 1338 amicitiam
1777 1281 1890 1354 ipsi
1908 1297 2016 1353 per
2035 1296 2098 1336 se
2120 1279 2209 1335 iu-

541 1377 816 1429 ramento
833 1371 1843 1444 ﬁrmant.Hludowicus,imperator
1859 1370 2206 1439 ltalim,su~o-

537 1477 677 1518 rum
705 1461 961 1518 factione
987 1460 1314 1533 impetitur,
1349 1465 1405 1516 et
1436 1461 1563 1534 ipse
1595 1465 1800 1516 contra
1834 1477 1936 1515 eos
1967 1476 2036 1514 ac
2065 1475 2201 1514 con-

540 1556 632 1608 tra
656 1552 1108 1606 Beneventanos
1135 1549 1361 1622 rapinis
1409 1554 1587 1622 atque
1619 1549 1908 1605 incendiis
1935 1548 2194 1603 dcszevit.

2319 391 2499 457 atque
2529 385 2609 441 ob
2636 386 2911 442 eamdem
2937 386 3285 442 societatem
3310 389 3544 457 partem
3563 387 3736 456 regni
3767 390 3871 455 sui,
3896 391 3953 447 id

2315 479 2402 530 est
2431 474 2798 544 Helizatiam,
2821 475 3020 532 tradit.
3052 478 3206 530 Uxor
3233 474 3508 540 Lotharii,
3527 475 3742 532 timens
3761 478 3951 535 odium

2312 563 2416 619 viri
2451 564 2544 620 sui
2585 567 2762 636 atque
2812 563 3084 630 insidias,
3117 563 3195 619 ad
3224 563 3466 618 fratrem
3499 581 3676 622 suum
3709 565 3958 624 Hucber—

2315 657 2442 710 tum
2471 654 2535 709 in
2564 670 2752 723 regno
2801 653 2956 710 Karli
3007 652 3260 722 aufugit.
3294 652 3512 708 Karlus
3542 671 3645 710 rex
3679 663 3960 714 monaste-

2270 782 2289 795 .
2314 743 2471 800 rium
2497 743 2687 800 sancti
2717 742 2944 800 Martini
2968 742 3092 799 tilio
3121 759 3230 798 suo
3263 741 3614 800 Hludowico
3642 743 3904 816 largitur.

2987 834 3298 890 DCCCLXI.

2389 923 2536 979 Dani
2563 922 2588 962 ἀ
2619 938 2828 978 mense
2860 922 3178 978 Ianuarioo
3207 923 3501 978 Lutetiam
3529 924 3884 981 Parisiorum
3909 933 3958 983 et

2315 1012 2628 1068 meleaiam
2669 1011 2856 1068 sancti
2889 1011 3172 1067 Vincentii
3210 1012 3493 1084 martyris
3532 1019 3592 1069 et
3629 1015 3815 1070 sancti
3839 1019 3956 1072 Ger-

2315 1102 2481 1157 mani
2510 1101 2868 1157 confessoris
2916 1100 3198 1157 inceudio
3247 1102 3526 1170 tradunt;
3574 1105 3954 1173 negotiatores

2313 1207 2557 1262 quoque
2609 1207 2718 1263 per
2775 1193 3119 1262 Sequanam
3176 1190 3420 1260 navigio
3477 1207 3716 1248 sursum
3762 1210 3954 1250 versus

2312 1278 2605 1348 fugientes
2677 1279 3081 1351 insequuntur
3132 1283 3190 1335 et
3243 1279 3510 1352 capiunt.
3565 1280 3676 1336 Alii
3726 1297 3954 1355 quoque

2314 1372 2620 1425 Danorum
2667 1369 2875 1441 piratas
2909 1368 3365 1424 Tarvanensem
3406 1385 3635 1440 pagum
3669 1371 3880 1428 adeunt
3905 1377 3956 1430 et

2315 1457 2650 1514 devastan-t.

2380 1549 2602 1613 Quarto
2633 1547 2933 1604 Kalendas
2960 1547 3176 1619 Aprilis
3203 1546 3348 1604 luna
3376 1552 3514 1620 post
3543 1549 3760 1605 horam
3785 1552 3955 1607 noctis

612 1639 764 1697 Dani
791 1651 814 1680 ο
843 1638 947 1711 qui
987 1637 1050 1694 in
1092 1637 1385 1696 Rhodano
1419 1637 1673 1696 fuerant.
1707 1637 1934 1694 Italiam
1965 1639 2198 1710 petunt,
2229 1665 2270 1718 Β
2308 1642 2588 1693 octavam
2621 1641 2742 1692 tota
2784 1637 2846 1692 in
2895 1635 3267 1704 nigredinem
3319 1637 3580 1693 vertitur.
3617 1640 3828 1694 Karlus
3864 1657 3954 1696 rex

541 1733 598 1790 et
624 1729 790 1788 Pisas
819 1728 1118 1786 civitatem
1144 1728 1414 1801 aliasque
1450 1728 1720 1802 capiunt,
1750 1727 2196 1802 dcprasdantur,

541 1823 722 1893 atque
735 1818 1394 1878 devastant.Lotharius
1413 1823 1818 1890 rex,metuens
1831 1817 2202 1876 avunculum

2307 1725 2497 1781 ﬁlium
2553 1742 2728 1782 suum
2777 1725 3120 1781 Lotharium
3169 1725 3455 1781 claudum
3499 1725 3562 1783 in
3605 1730 3955 1785 monasterio

2313 1813 2504 1871 sancti
2536 1813 2817 1872 Iohannis
2845 1815 2860 1854 ί
2899 1814 3178 1872 clericum
3200 1815 3328 1871 ﬁeri
3355 1815 3538 1872 iubet.

2140 1941 2360 2001 ΝΟΤίΕ.

609 2040 631 2064 ⁶
655 2033 738 2092 Cf.
773 2034 988 2090 Chron.
1025 2033 1100 2091 de
1131 2033 1311 2106 gestis
1338 2036 1538 2090 Norm.

609 2107 639 2148 δ
676 2106 948 2162 Valence.

609 2191 634 2222 α
664 2177 750 2234 Cf.
783 2177 1000 2234 Chron.
1032 2176 1108 2233 de
1139 2176 1323 2246 gestis
1355 2179 1556 2233 Norm.

610 2248 638 2290 ἀ
666 2248 751 2308 Cf.
780 2248 944 2306 idem
977 2264 1076 2306 an.
1110 2252 1236 2306 861.

609 2333 634 2361 ο
662 2319 856 2376 Potior
885 2319 1038 2376 ﬁdes
1066 2317 1349 2378 habenda
1367 2317 1986 2390 Aimoino,monauho
2008 2316 2205 2390 sancti

541 2391 838 2460 Germani,
884 2391 988 2464 qui
1035 2391 1150 2447 hoc
1197 2395 1465 2465 tempore
1513 2388 1782 2446 ﬂorebat.
1832 2393 1882 2445 Is
1928 2389 2089 2446 enim
2138 2388 2200 2443 in

1543 2578 1852 2585 4....4»-,-......α-
1889 2579 1894 2583 ς

2310 2028 2568 2085 Historia
2597 2027 3047 2100 miraculorum“
3085 2028 3272 2086 sancti
3312 2028 3588 2085 Germani
3637 2029 3819 2100 Patis,
3857 2031 3946 2086 lib.

2308 2117 2367 2171 ιι,
2399 2117 2565 2156 num.
2605 2104 2687 2166 l0,
2720 2100 2835 2155 hoc
2862 2099 3162 2155 excidium
3186 2100 3476 2157 accidisse
3505 2100 3697 2158 tradit
3716 2101 3806 2157 die
3827 2117 3947 2157 san-

2309 2177 2402 2229 cto
2433 2172 2690 2229 Paschm.
2722 2173 3004 2234 Bouousr.

2380 2245 2397 2285 ί
2438 2243 2500 2300 ld
2548 2248 2638 2299 est
2685 2243 2746 2300 in
2800 2242 3162 2300 monasterio
3215 2243 3594 2301 Reomaensi.
3661 2245 3953 2302 Lotharius

2309 2315 2490 2388 etiam
2536 2313 2806 2388 ejusdem
2846 2313 2957 2370 loci
2979 2313 3180 2388 abbas
3227 2314 3355 2388 fuit,
3387 2315 3726 2388 itidemque
3760 2333 3948 2374 mona-

2311 2386 2470 2442 sterii
2496 2384 2685 2442 sancti
2717 2385 2993 2442 Germani
3025 2384 3580 2442 Autissiodurensis.
3619 2384 3791 2454 Bora.

1441 2731 1867 2822 VERSUS
1952 2731 2328 2821 SANCTI
2417 2731 3059 2821 PRUDENTII.

1314 2911 1518 2986 (Apud
1549 2913 1872 2980 Camuzat.,
1909 2911 2392 2985 Promptuarium
2424 2915 2543 2969 ant.
2577 2911 2830 2970 Tricass.
2865 2911 3184 2985 dicrecesis.)

2045 3043 2453 3058 *-

539 3173 869 3243 Augustam
898 3169 1090 3228 Thrici
1118 3169 1215 3243 [γη
1255 3169 1413 3227 Trini
1445 3174 1597 3227 nutu
1624 3174 1881 3228 statuere
1910 3171 2196 3228 monachi
2225 3175 2265 3228 C
2307 3169 2566 3225 Verbum
2596 3171 2856 3225 Joannes
2883 3172 3248 3242 prmvertens
3281 3173 3550 3244 tempora
3575 3170 3771 3242 prima

610 3259 882 3332 Augusti,
916 3259 1230 3333 quondam
1257 3259 1680 3334 Romuleasque
1710 3276 1966 3317 manus:

539 3351 626 3406 Ac
656 3349 892 3408 Domini
925 3348 1139 3406 Christi
1167 3354 1451 3407 cunctum
1478 3349 1753 3408 radiante
1783 3366 1889 3422 per
1913 3349 2124 3406 orbem

611 3439 862 3495 Nomine
884 3438 1250 3494 Christicolis
1282 3440 1558 3495 conditur
1592 3439 1710 3496 alta
1739 3439 1977 3507 domus,

541 3527 734 3591 Quam
761 3524 962 3597 pulvis
990 3525 1146 3581 Petri
1171 3525 1433 3596 decorat,
1465 3527 1752 3600 Paulique
1769 3527 2084 3595 verendus,

611 3613 860 3669 Culmen
892 3611 1291 3684 apostolicum
1323 3614 1428 3686 qui
1457 3614 1674 3686 pietate
1705 3619 1936 3683 gerunt.

538 3701 689 3759 Hinc
718 3716 832 3772 ego
859 3699 1080 3758 devoto
1105 3699 1406 3759 famulans
1436 3702 1790 3760 Prudentius
1821 3707 1958 3760 actu

607 3791 734 3848 Hoc
763 3789 1065 3862 Evangelii
1095 3790 1260 3848 solvo
1287 3791 1540 3850 libenter
1567 3808 1721 3866 opus

537 3880 824 3955 Hesperia
853 3881 1109 3952 genitus,
1141 3881 1334 3939 Celtas
1356 3880 1650 3939 deductus
1680 3886 1737 3940 et
1755 3881 1910 3940 altus

607 3969 911 4028 Pontiﬁcis
943 3970 1162 4026 trabeis
1191 3970 1512 4044 omcioque
1543 3971 1740 4029 datus.

539 4063 829 4127 Quattuor
858 4058 1041 4115 afﬂati
1073 4076 1290 4133 supero
1320 4061 1486 4133 quod
1515 4061 1741 4118 lumine
1770 4061 1982 4118 scribas

606 4149 812 4205 Veraci
840 4149 1095 4205 nimium
1129 4166 1522 4223 composuere
1553 4150 1728 4224 stylo.

535 4237 719 4294 Initiis
739 4237 1094 4313 [Principiis]
1122 4239 1423 4297 Christum
1450 4241 1633 4298 variis
1664 4256 1737 4298 ac
1767 4240 1888 4300 ﬁne
1917 4240 2191 4300 fatentes.

606 4329 680 4384 At
706 4342 832 4385 non
857 4327 1129 4400 disparili
1159 4331 1326 4398 gesta
1354 4328 1533 4386 beata
1559 4329 1700 4385 ﬂde.

535 4416 770 4488 Virgine
798 4417 1104 4474 Matthaeus
1144 4416 1455 4473 hominem
1485 4421 1780 4490 gennente
1811 4419 2010 4485 Maria,

604 4506 983 4565 Mandantem
1012 4510 1217 4578 gentes
1242 4506 1643 4580 instruierque
1671 4508 1865 4567 refert.

533 4595 674 4655 Fine
705 4602 879 4654 tenus
912 4597 1053 4654 secli
1083 4600 1325 4656 sanctos
1357 4597 1696 4655 comitarier
1723 4615 1956 4673 omnes,

606 4685 1013 4760 Spondentem
1042 4701 1280 4762 semper
1299 4685 1528 4757 adfore,
1561 4703 1745 4760 seque
1777 4688 1921 4746 suis.

532 4773 847 4832 Altithroni
878 4779 1108 4835 Marcus
1133 4774 1411 4833 subolem
1438 4774 1801 4848 fremituque
1832 4776 2022 4834 leonis

602 4862 996 4922 Scandentem
1024 4865 1200 4938 pulso
1227 4865 1390 4922 celsa
1422 4881 1636 4939 sopore
1667 4866 1846 4923 canit.

532 4948 862 5020 Discipulos
887 4959 1086 5011 autem
1119 4955 1417 5012 mundum
1444 4969 1797 5028 peragrasse
1827 4955 2123 5026 docendo,

603 5038 942 5096 Doctrinam
969 5043 1152 5114 signis
1180 5059 1251 5101 ac
1284 5043 1604 5118 stipulasse
1635 5045 1828 5104 novis.

528 5125 896 5198 Conceptum
919 5131 1102 5190 Ducat
1127 5133 1345 5192 reboat
1373 5134 1709 5207 Spiramine
1741 5140 1950 5194 sancto

600 5214 881 5274 Oblatum
908 5216 1163 5276 vitulum
1191 5221 1321 5277 dira
1351 5223 1612 5281 subiisse
1639 5225 1831 5281 crucis

528 5309 630 5364 Ast
651 5306 783 5364 illos
814 5306 1062 5366 celebris
1087 5307 1325 5365 triviose
1348 5313 1610 5371 sacraria
1634 5315 1860 5390 templi,

598 5397 977 5470 Perciperent
1004 5397 1216 5466 donec,
1245 5399 1461 5456 aethere
1503 5402 1666 5462 dona
1695 5403 1898 5463 Patris.

2375 3260 2565 3330 Atque
2590 3258 2901 3314 hominem
2930 3258 3176 3323 factum,
3212 3276 3342 3315 esse
3370 3258 3665 3332 simulque
3698 3259 3902 3314 Deum.

2305 3347 2667 3421 Prmpetibus
2694 3348 2908 3420 pennis
2938 3347 3155 3421 aquilae
3186 3349 3494 3406 volitando
3530 3364 3859 3422 perennem

2378 3437 2594 3493 intuitu
2626 3437 2812 3493 solem
2853 3453 2976 3494 non
3007 3437 3331 3494 habetante
3361 3443 3534 3494 tuens

2306 3528 2652 3584 Commissis
2683 3529 2896 3584 ovibus
2923 3529 3209 3602 pascendi
3241 3545 3489 3586 munere
3520 3531 3790 3599 Petrum,

2374 3617 2716 3691 Tranquilla
2739 3634 2993 3675 narrans
3027 3635 3088 3676 se
3117 3636 3361 3694 quoque
3390 3624 3544 3676 sorte
3575 3619 3816 3677 datum.

2305 3705 2566 3763 Christus
2615 3707 2694 3764 ab
2742 3708 2834 3764 his
2885 3711 3071 3780 Jesus,
3135 3709 3544 3782 Dominusque
3588 3711 3754 3766 Deus
3793 3707 3949 3765 refer-

3827 3798 3947 3869 [ῑιπν

2377 3885 2591 3942 Omnia
2618 3887 2985 3962 praecedens,
3019 3887 3225 3945 omnia
3267 3892 3481 3962 sponte
3512 3902 3756 3945 creans.

2303 3975 2545 4032 Eterno
2574 3981 2848 4044 aeternus,
2879 3976 3165 4033 Genitoris
3195 3981 3434 4050 pectore
3464 3992 3758 4048 manans,

2377 4064 2552 4120 Filius
2580 4066 2990 4138 omnipotens,
3016 4066 3431 4139 Omnipotente
3462 4071 3645 4123 satus.

2305 4154 2577 4225 Virginea
2607 4172 2815 4212 sumus
2842 4156 3148 4212 hominem
3178 4156 3425 4212 matrice
3457 4160 3758 4226 creatum,

2371 4243 2648 4299 Criminis
2677 4248 2999 4316 expertem,
3030 4244 3429 4317 terrigenique
3467 4245 3680 4317 patris.

2300 4330 2673 4388 Admiranda
2699 4332 2949 4402 docens,
2973 4331 3200 4389 faciens
3224 4333 3506 4391 miranda
3531 4336 3830 4407 potenter,

2373 4419 2651 4475 Traditus
2681 4421 2742 4475 in
2770 4421 2943 4486 risus,
2981 4427 3137 4478 ﬁxus
3165 4426 3222 4479 et
3249 4422 3388 4479 inde
3422 4422 3602 4478 cruci.

2218 4534 2263 4592 Ι)
2304 4509 2587 4566 Emittens
2615 4509 2884 4566 animam
2922 4511 3169 4584 propria
3195 4512 3417 4568 ditione
3446 4513 3718 4584 beatam,

2371 4598 2689 4656 Tartaridis
2720 4600 3052 4672 [Tartareis]
3086 4601 3322 4659 solvens
3353 4601 3738 4676 eripiensque
3766 4616 3916 4658 suos.

2302 4688 2456 4744 Hinc
2486 4687 2889 4762 incorruptus,
2919 4689 3199 4747 triduana
3220 4695 3412 4748 morte
3440 4706 3785 4761 resurgens,

2369 4776 2627 4834 Libravit
2657 4779 2932 4847 summis,
2968 4779 3175 4836 vivida
3196 4781 3472 4837 membra
3494 4779 3672 4853 polis.

2299 4868 2743 4941 Consessusque
2774 4867 2974 4925 throni
2997 4869 3259 4926 donatus
3292 4869 3377 4925 ire
3398 4869 3650 4944 paterni,

2367 4958 2628 5016 Exsultat
2654 4959 2911 5032 pedibus
2939 4960 3180 5018 subdita
3211 4967 3430 5018 cuncta
3459 4961 3602 5019 suis.

2295 5047 2618 5104 Perstrictis
2646 5048 2924 5120 breviter,
2951 5049 3167 5106 referat.
3194 5067 3332 5122 quae
3361 5050 3584 5108 codicis
3613 5050 3800 5122 hujus

2365 5137 2533 5193 Actio
2558 5155 2570 5192 :
2603 5153 2764 5193 nunc
2790 5139 2870 5194 ad
2895 5143 2971 5207 te,
3004 5142 3124 5195 Rex
3149 5139 3329 5207 bone,
3353 5144 3519 5197 verto
3546 5155 3774 5213 preces.

2296 5225 2542 5299 Respice
2571 5226 2771 5284 devoti
2809 5228 3124 5285 miseratus
3150 5232 3359 5286 munia
3387 5229 3560 5298 servi,

2366 5321 2447 5372 Ac
2476 5316 2822 5376 miserando
2853 5317 2993 5390 mei,
3025 5334 3226 5377 annue
3250 5324 3422 5392 grata
3450 5318 3575 5380 tibi.

1876 5591 2602 5637 ψ*
