4158 6192
512 176 647 241 1423,

1571 173 1658 232 ~S.
1701 165 2066 225 PRUDENTII
2103 165 2470 227 TRECENSIS
2509 169 2819 228 EPISCOPI

3787 176 3908 232 Mill

505 296 881 356 maledixerit
908 293 1063 368 patri
1093 308 1204 350 suo
1235 295 1338 351 aut
1367 293 1564 362 matri,
1606 296 1796 349 morte
1845 288 2154 346 moriatur.
2186 290 2234 344 A
2273 307 2465 348 suam.
2497 293 2698 364 (Ibid,
2727 310 2779 350 u.
2809 295 2867 366 4)
2895 293 3129 364 Anima,
3152 310 3289 367 quae
3316 294 3625 367 juraverit,
3649 299 3712 352 et
3728 303 3918 369 protu-

503 388 722 461 (Exod.
746 401 859 457 xxi,
891 385 983 455 20)
1009 383 1119 449 Qui
1147 384 1505 456 percusserit
1543 398 1784 440 servum
1817 396 2016 449 suum,
2070 376 2163 434 vel

503 474 785 534 ancillam
813 473 1003 544 virga,
1032 476 1088 528 et
1111 473 1331 530 mortui
1351 472 1570 530 fuerint
1597 471 1658 528 in
1689 468 1972 528 manibus
2003 467 2158 538 ejus,

501 563 768 622 criminis
799 578 939 619 reus
962 561 1090 620 erit.
1127 563 1342 632 (Exod.
1372 579 1514 628 xxu,
1553 565 1615 618 t6
1649 567 1704 618 et
1726 559 1954 629 subseq.
1982 557 2158 613 etiam

502 669 635 724 cap.
660 653 824 724 xxm)
858 651 916 708 Si
945 651 1244 708 seduxerit
1271 651 1408 724 quis
1437 651 1730 722 virginem
1759 647 2020 704 necdum
2051 644 2157 701 de-

501 745 876 817 sponsatam,
901 741 1327 814 dormieritque
1359 757 1497 798 cum
1527 757 1619 809 ea,
1652 737 1884 796 dotabit
1911 751 2068 806 eam,
2101 738 2159 791 et

498 831 747 889 habebit
775 846 910 888 eam
939 846 1209 887 uxorem.
1237 831 1295 887 Si
1318 834 1488 904 pater
1511 827 1756 900 virginis
1783 825 1929 883 dare
1952 823 2156 881 nolue-

499 921 591 990 rit,
613 920 824 978 reddet
851 920 1172 993 pecuniam
1204 921 1378 992 juxta
1431 918 1686 976 modum
1741 915 1918 985 dotis,
1967 928 2154 986 quam

496 1011 759 1082 virgines
788 1009 1055 1082 accipere
1083 1013 1540 1066 consueverunt.
1569 1006 1864 1064 Maleﬁcos
1896 1019 2020 1060 non
2051 1018 2154 1074 pa-

496 1100 678 1168 tieris,
709 1099 922 1156 vivere.
957 1098 1068 1164 Qui
1083 1098 1285 1156 coierit
1313 1114 1453 1155 cum
1475 1098 1773 1170 jumento,
1805 1097 1996 1150 morte
2025 1107 2152 1148 mo-

496 1187 699 1245 riatur.
725 1188 832 1254 Qui
861 1188 1135 1245 immolat
1178 1188 1312 1257 diis,
1372 1187 1693 1254 occidetur,
1748 1187 2154 1258 prieterquam

496 1278 751 1335 Domino
778 1277 910 1335 soli.
938 1277 1249 1335 Advenam
1270 1292 1394 1334 non
1423 1274 1822 1340 contristabis,
1855 1285 2050 1344 neque
2071 1269 2155 1325 af-

493 1366 663 1438 ﬂiges
692 1383 852 1424 eum.
886 1367 1095 1424 Vidua;
1126 1372 1183 1424 et
1202 1366 1431 1440 pupillo
1460 1382 1584 1422 non
1609 1361 1916 1420 nocebitis.
1971 1359 2028 1415 Si
2059 1358 2153 1415 lae-

493 1456 683 1513 seritis
711 1473 836 1526 eos,
868 1456 1354 1513 vociferabuntur
1373 1454 1453 1511 ad
1487 1469 1603 1520 me,
1637 1457 1691 1508 et
1734 1467 1844 1521 ego
1902 1447 2147 1506 audiam

491 1544 818 1602 clamorem
838 1561 1069 1609 eorum,
1093 1548 1150 1600 et
1176 1543 1589 1613 indignabitur
1613 1541 1777 1596 furor
1798 1554 1991 1602 meus,
2015 1552 2150 1609 per-

2269 380 2400 437 lerit
2425 381 2601 438 labiis
2633 384 2755 440 suis
2784 387 2849 440 ut
2876 382 2971 439 vel
2999 383 3158 440 male
3183 383 3330 456 quid
3354 383 3594 451 faceret,
3625 385 3722 440 vel
3749 386 3911 452 bene,

2269 474 2325 527 et
2348 471 2614 545 idipsum
2639 473 3004 545 juramento,
3027 477 3084 528 et
3105 487 3381 529 sermone
3409 474 3758 542 ﬁrmaverit,
3783 475 3916 532 obli-

2267 563 2448 633 taque
2477 565 2687 635 postea
2713 561 3061 618 intellexerit
3089 561 3374 618 delictum
3404 579 3604 632 suum,
3628 567 3774 635 agat
3798 580 3920 636 pae-

2265 649 2575 707 nitentiam
2603 667 2715 725 pro
2745 655 3010 725 peccato.
3045 653 3254 720 (Leuit.
3287 669 3367 723 v1,
3397 652 3453 724 2)
3515 653 3754 722 Anima,
3789 670 3922 728 quae

2265 740 2618 812 peccaverit,
2644 745 2702 798 et
2727 745 3070 814 contempto
3101 741 3355 798 Domino
3384 743 3688 812 negaverit
3739 743 3920 817 depo-

2265 828 2441 885 situm
2471 830 2729 903 proximi
2759 830 2874 894 sui,
2906 830 3072 903 quod
3095 829 3238 886 ﬁdei
3266 830 3397 902 ejus
3455 831 3750 889 creditum
3798 833 3922 890 fue-

2263 922 2372 986 rat,
2403 919 2495 975 vel
2523 919 2579 974 vi
2611 919 2838 993 aliquid
2864 919 3189 992 extorserit,
3219 925 3324 976 aut
3347 919 3717 978 calumniam
3769 921 3920 980 fece-

2260 1008 2354 1078 rit,
2389 1008 2508 1066 sive
2536 1025 2664 1066 rem
2684 1010 2981 1082 perditam
3011 1010 3316 1077 invenerit,
3350 1014 3410 1066 et
3433 1009 3710 1067 inﬁcians
3761 1013 3918 1069 insu-

2238 1111 2370 1170 ‘per
2388 1099 2790 1170 perjeraverit,
2819 1103 2876 1156 et
2903 1099 3217 1172 quodlibet
3239 1099 3405 1156 aliud
3425 1115 3500 1154 ex
3528 1099 3798 1174 pluribus
3833 1102 3915 1158 fe-

2262 1186 2424 1255 cerit,
2446 1187 2508 1244 in
2539 1186 2760 1261 quibus
2780 1204 3031 1262 peccare
3059 1188 3253 1244 solent
3300 1188 3602 1259 homines,
3644 1190 3915 1248 convicta

2261 1275 2458 1332 delicti
2487 1277 2696 1333 reddet
2720 1277 2946 1344 omnia,
2971 1293 3109 1350 quae
3141 1293 3249 1350 per
3276 1277 3554 1334 fraudem
3586 1279 3762 1335 voluit
3802 1281 3913 1336 ob-

2260 1364 2466 1434 tinere,
2495 1364 2745 1438 integra.
2768 1365 2970 1438 (Leuit.
2990 1381 3098 1436 vn,
3123 1368 3191 1421 26
3204 1371 3257 1421 et
3275 1367 3534 1438 subseq.)
3553 1369 3915 1437 Sanguinem

2260 1469 2506 1528 quoque
2535 1454 2732 1510 omnis
2763 1453 3040 1511 animalis
3066 1469 3190 1511 non
3229 1454 3478 1511 sumetis
3505 1455 3568 1511 in
3599 1456 3756 1523 cibo,
3796 1462 3914 1514 tam

2259 1543 2334 1599 de
2364 1543 2595 1614 avibus,
2626 1559 2813 1616 quam
2833 1543 2908 1600 de
2937 1543 3274 1616 pecoribus.
3299 1544 3506 1600 Omnis
3534 1545 3762 1615 anima,
3780 1563 3911 1618 qua

491 1633 953 1705 cutiamquevos
965 1632 1188 1703 gladio,
1205 1634 1451 1688 eterunt
1464 1645 1676 1686 uxores
1695 1631 1905 1685 vestrae
1928 1625 2148 1696 viduae,
2181 1650 2220 1704 Β
2259 1631 2448 1688 ederit
2469 1633 2850 1704 sanguinem,
2881 1631 3102 1705 peribit
3130 1632 3206 1688 de
3233 1632 3474 1705 populis
3501 1633 3650 1690 suis.

491 1725 548 1778 et
575 1721 680 1777 ﬁlii
707 1720 886 1777 vestri
909 1720 1140 1794 pupilli.
1175 1721 1234 1778 Si
1255 1719 1578 1793 pecuniam
1599 1722 1876 1774 mutuam
1912 1714 2148 1772 dederis

488 1810 718 1885 populo
746 1826 883 1867 meo
907 1810 1183 1884 pauperi,
1206 1809 1311 1883 qui
1339 1808 1570 1866 habitat
1609 1812 1826 1876 tecum,
1884 1821 2007 1862 non
2057 1820 2151 1860 ur-

489 1900 660 1972 gebis
685 1917 826 1957 eum
851 1901 1028 1974 quasi
1057 1905 1316 1968 exactor,
1338 1916 1450 1956 nec
1478 1899 1677 1955 usuris
1726 1896 2054 1970 opprimes.
2091 1894 2148 1952 Si

487 1991 708 2064 pignus
737 2007 774 2047 a
799 1990 1077 2064 proximo
1097 1995 1200 2048 tuo
1220 1990 1542 2063 acceperis,
1565 1988 1989 2044 vestimentum
2010 1988 2148 2041 ante

487 2079 630 2136 solis
661 2095 947 2137 occasum
968 2079 1152 2136 redde
1183 2079 1274 2149 ei;
1330 2079 1530 2152 ipsum
1587 2077 1751 2134 enim
1799 2079 1888 2132 est
1927 2074 2145 2144 solum,

486 2185 610 2242 quo
639 2169 904 2242 operitur
929 2169 1354 2226 indumentum
1383 2168 1581 2224 carnis
1619 2167 1769 2239 ejus,
1802 2180 1912 2222 nec
1963 2163 2148 2220 habet

486 2258 672 2330 aliud,
703 2259 767 2316 in
796 2275 920 2334 quo
941 2259 1220 2316 dormiat.
1255 2258 1312 2316 Si
1343 2256 1686 2315 clamaverit
1709 2255 1788 2311 ad
1808 2269 1928 2325 me,
1969 2269 2148 2310 exau-

484 2347 648 2405 diam
678 2363 838 2418 eum,
870 2349 1014 2422 quia
1041 2348 1378 2404 misericors
1409 2363 1563 2403 sum.
1599 2345 1716 2402 Diis
1767 2359 1891 2400 non
1947 2342 2145 2399 detra-

482 2437 612 2510 hes,
630 2442 687 2495 et
707 2438 965 2512 principi
994 2438 1203 2512 populi
1232 2437 1319 2494 tui
1341 2452 1466 2494 non
1492 2435 1833 2492 maledices.
1874 2432 2144 2490 Decimas

483 2531 617 2585 tuas
629 2532 686 2585 et
703 2528 996 2602 primitias
1011 2533 1145 2586 tuas
1160 2544 1284 2585 non
1302 2526 1566 2584 tardabis
1581 2525 1812 2583 offerre.
1841 2524 1957 2580 Viri
1970 2539 2144 2580 sanc-

489 2617 529 2673 ti
571 2617 730 2672 eritis
759 2617 927 2672 mihi.
972 2618 1249 2687 Carnem,
1282 2634 1414 2689 quae
1446 2633 1482 2673 a
1511 2615 1719 2672 bestiis
1777 2614 1952 2670 fuerit
1996 2629 2146 2686 prae-

485 2707 744 2775 gustata,
777 2720 901 2761 non
953 2705 1302 2774 comedetis,
1349 2706 1454 2761 sed
1497 2703 1817 2777 projicietis
1867 2703 2137 2760 canibus.

484 2795 613 2848 Non
643 2790 930 2864 suscipies
963 2807 1169 2848 vocem
1195 2790 1532 2857 mendacii;
1582 2806 1692 2847 nec
1744 2791 1963 2862 junges
2016 2804 2142 2844 ma-

481 2895 630 2936 num
661 2883 851 2951 tuam,
877 2883 942 2936 ut
988 2895 1098 2952 pro
1158 2879 1346 2952 impio
1389 2878 1559 2934 dicas
1608 2877 1829 2935 falsum
1883 2876 2144 2932 testimo-

479 2968 670 3024 nium.
695 2971 824 3025 Non
855 2967 1121 3041 sequeris
1140 2967 1386 3025 turbam
1407 2967 1484 3024 ad
1497 2966 1844 3023 faciendum
1865 2965 2097 3021 malum
2122 2983 2135 3032 ;
2168 3003 2210 3060 ο

479 3057 671 3114 necin
699 3057 929 3130 judicio
957 3057 1358 3131 plurimorum
1413 3055 1756 3128 acquiesces
1808 3053 2133 3121 sententiae,

479 3150 599 3204 uta
631 3163 767 3204 vero
797 3147 1018 3204 devies.
1053 3147 1340 3220 Pauperis
1372 3162 1614 3219 quoque
1641 3161 1764 3202 non
1822 3145 2138 3200 miserebe-

476 3236 558 3292 ris
582 3236 644 3292 in
669 3237 915 3308 judicio.
953 3237 1009 3294 Si
1030 3236 1357 3292 occurreris
1415 3235 1554 3292 bovi
1584 3234 1811 3291 inimici
1871 3233 1974 3302 tui,
2033 3236 2136 3289 aut

477 3327 648 3382 asino
677 3326 914 3394 erranti,
947 3325 1131 3382 reduc
1179 3325 1258 3381 ad
1311 3340 1468 3381 eum.
1525 3324 1579 3381 Si
1624 3323 1840 3379 videris
1895 3323 2133 3378 asinum

474 3413 731 3471 odientis
755 3419 810 3471 te
834 3416 1034 3487 jacere
1068 3414 1183 3471 sub
1213 3430 1413 3482 onere,
1436 3429 1560 3470 non
1589 3411 2002 3486 pertransibis,
2027 3411 2132 3468 sed

474 3503 817 3559 sublevabis
847 3519 987 3559 cum
1016 3519 1106 3559 eo.
1162 3507 1289 3559 Non
1345 3502 1675 3559 declinabis
1724 3502 1785 3556 in
1827 3501 2128 3572 judicium

470 3591 772 3664 pauperis.
804 3591 1180 3649 Mendacium
1207 3591 1421 3661 fugies.
1455 3591 1760 3646 Insontem
1790 3593 1847 3646 et
1896 3590 2127 3660 justum

470 3695 596 3736 non
627 3680 888 3737 occides.
923 3683 1040 3736 Nec
1071 3679 1327 3753 accipies
1357 3695 1632 3750 munera,
1661 3695 1798 3752 quae
1827 3682 2130 3734 excaecant

470 3769 653 3827 etiam
681 3770 1030 3844 prudentes,
1055 3773 1112 3827 et
1159 3768 1512 3826 subvertunt
1566 3767 1750 3825 verba
1799 3768 2122 3840 justorum.

469 3861 787 3932 Peregrina
815 3860 1107 3918 molestus
1125 3875 1250 3917 non
1279 3860 1413 3917 eris.
1473 3860 1694 3929 (Exod.
1753 3863 1916 3929 xxxii,
1965 3877 2023 3917 v.
2062 3860 2124 3916 l2

467 3955 524 4008 et
552 3950 800 4024 subseq.)
860 3951 972 4007 Sex
1020 3951 1234 4007 diebus
1291 3949 1638 4022 operaberis
1673 3968 1686 4018 ;
1745 3949 2000 4023 septima
2028 3949 2124 4006 die

467 4039 753 4108 cessabis,
809 4043 876 4095 ut
927 4040 1262 4112 requiescat
1285 4038 1417 4107 bos,
1459 4043 1515 4095 et
1571 4038 1780 4095 asinus
1830 4042 2010 4108 tuus;
2067 4042 2124 4096 et

461 4127 840 4198 refrigeretur
857 4127 1017 4182 ﬁlius
1042 4127 1270 4184 ancillae
1301 4131 1440 4197 tuae,
1473 4132 1529 4184 et
1569 4127 1827 4184 advena.
1885 4127 2117 4196 Omnia,

462 4233 596 4289 quae
654 4215 777 4271 dixi
838 4215 1032 4283 vobis,
1093 4216 1430 4285 custodite;
1487 4220 1543 4273 et
1590 4232 1700 4289 per
1741 4232 1966 4273 nomen
2023 4233 2120 4274 ex-

2329 1723 2540 1793 (Leuit.
2563 1739 2616 1791 x,
2649 1727 2681 1778 8
2708 1729 2764 1779 et
2793 1721 3047 1794 subseq.)
3071 1721 3223 1778 Dixit
3252 1721 3540 1778 Dominus
3565 1723 3647 1780 ad
3671 1727 3868 1781 Aaron
3900 1743 3912 1781 :

2258 1810 2474 1866 Vinum
2500 1814 2556 1867 et
2580 1825 2760 1868 omne
2790 1810 2956 1884 quod
2985 1809 3280 1867 inebriare
3307 1815 3521 1884 potest,
3545 1827 3674 1869 non
3702 1812 3913 1871 bibetis

2255 1902 2321 1955 tu
2340 1903 2398 1956 et
2426 1898 2531 1954 ﬁlii
2561 1899 2666 1967 tui,
2699 1898 2951 1972 quando
2981 1898 3213 1956 intratis
3239 1898 3300 1954 in
3322 1899 3784 1957 tabernaculum
3811 1906 3916 1958 tes-

2256 1987 2511 2060 timonii,
2542 2004 2619 2044 ne
2649 1987 2991 2045 moriamini
3021 2005 3034 2043 :
3067 1988 3212 2061 quia
3237 1993 3608 2062 praeceptum
3640 1995 3737 2047 est
3764 2008 3913 2047 sem-

2253 2077 2558 2152 piternum
2584 2077 2645 2134 in
2679 2077 3093 2150 generationes
3128 2082 3377 2147 vestras,
3431 2084 3489 2135 et
3545 2083 3610 2134 ut
3639 2079 3908 2136 habeatis

2256 2167 2567 2224 scientiam
2597 2167 2973 2224 discernendi
3007 2167 3158 2223 inter
3185 2171 3462 2224 sanctum
3490 2173 3548 2225 et
3569 2169 3906 2241 profanum,

2253 2256 2406 2314 inter
2432 2256 2732 2330 pollutum
2760 2261 2817 2314 et
2836 2257 3154 2314 mundum.
3180 2257 3353 2325 (Ibid.
3360 2299 3378 2329 ,
3409 2274 3489 2324 x1,
3511 2260 3607 2328 44)
3671 2259 3795 2315 Filii
3841 2264 3912 2316 Is-

2255 2351 2397 2414 rael,
2431 2346 2622 2403 sancti
2650 2349 2855 2415 estote,
2887 2344 3179 2418 quoniam
3209 2360 3322 2416 ego
3353 2349 3600 2402 sanctus
3633 2364 3792 2403 sum.
3831 2351 3909 2404 Ne

2252 2437 2536 2510 polluatis
2560 2437 2794 2494 animas
2819 2440 3049 2494 vestras
3076 2437 3136 2493 in
3158 2437 3324 2494 omni
3351 2436 3566 2510 reptili,
3597 2438 3767 2511 quod
3790 2454 3909 2496 mo-

2253 2529 2424 2582 vetur
2452 2526 2515 2582 in
2545 2530 2721 2583 terra.

2325 2615 2534 2688 (Leuit.
2585 2633 2675 2686 xv,
2736 2616 2825 2688 16)
2880 2615 3034 2672 Dixit
3088 2615 3377 2672 Dominus
3434 2615 3512 2673 ad
3565 2619 3804 2690 Moysen
3843 2622 3904 2674 et

2250 2707 2450 2760 Aaron
2519 2723 2532 2760 :
2604 2705 2706 2760 Vir
2753 2704 2828 2760 de
2894 2720 3018 2777 quo
3079 2703 3378 2774 egreditur
3432 2720 3636 2762 semen
3691 2706 3907 2777 coitus,

2249 2791 2473 2850 lavabit
2523 2809 2686 2866 aqua
2732 2809 2912 2849 omne
2962 2809 3181 2866 corpus
3229 2809 3406 2850 suum
3455 2801 3510 2850 et
3548 2794 3911 2852 immundus

2250 2882 2358 2938 erit
2415 2898 2609 2955 usque
2669 2881 2749 2939 ad
2799 2897 3144 2955 vesperum.
3197 2883 3400 2952 (Ibid,
3427 2899 3476 2939 υ.
3535 2882 3618 2953 18)
3667 2883 3908 2955 Mulier,

2249 2988 2388 3027 cum
2441 2987 2566 3043 qua
2613 2971 2832 3040 coierit,
2892 2971 3190 3052 lavabitur
3247 2987 3426 3044 aqua,
3483 2977 3540 3027 et
3577 2971 3912 3028 immunda

2248 3060 2356 3116 erit
2409 3076 2601 3133 usque
2654 3060 2733 3117 ad
2783 3075 3121 3133 vesperum.
3152 3060 3350 3131 (Ibid.,
3381 3075 3437 3117 u.
3469 3061 3561 3133 24)
3617 3059 3679 3117 Si
3705 3061 3913 3117 coierit

2246 3148 2337 3204 vir
2374 3165 2514 3205 cum
2558 3149 2808 3206 muliere
2831 3154 3103 3222 tempore
3158 3148 3471 3220 sanguinis
3498 3150 3908 3216 menstrualis,

2245 3239 2598 3296 immundus
2656 3241 2786 3297 erit.
2842 3241 3052 3308 (Leuit.
3085 3255 3222 3307 xvii,
3286 3241 3368 3310 10)
3421 3242 3611 3297 Homo
3658 3240 3912 3313 quilibet

2243 3327 2319 3384 de
2371 3328 2555 3386 domo
2615 3328 2814 3399 Israel,
2871 3331 2928 3385 et
2979 3328 3054 3385 de
3131 3329 3396 3394 advenis,
3456 3329 3564 3400 qui
3645 3330 3910 3402 peregri-

2241 3421 2464 3474 nantur
2513 3419 2665 3475 inter
2720 3434 2842 3488 eos,
2877 3418 2926 3474 si
2979 3417 3304 3474 comederit
3351 3419 3735 3488 sanguinem,
3800 3419 3908 3475 ob-

2240 3505 2498 3564 ﬁrmabo
2547 3507 2761 3564 faciem
2817 3523 3019 3564 meam
3074 3511 3282 3564 contra
3310 3506 3579 3564 animam
3633 3507 3823 3578 illius,
3852 3513 3909 3566 et

2238 3595 2585 3668 disperdam
2625 3612 2760 3654 eam
2806 3596 2881 3653 de
2930 3596 3160 3670 populo
3206 3612 3338 3653 suo.
3418 3597 3626 3669 (Leuit.
3667 3614 3768 3665 xx,
3815 3600 3908 3668 12)

2235 3683 2540 3742 Custodite
2567 3685 2730 3757 leges
2763 3700 2955 3754 meas,
2987 3690 3166 3758 atque
3190 3685 3438 3757 judicia,
3487 3701 3626 3759 quae
3674 3686 3906 3743 faciens

2235 3772 2420 3831 homo
2451 3774 2606 3831 vivet
2625 3774 2688 3830 in
2708 3774 2813 3831 eis.
2842 3777 2960 3846 Ego
2985 3775 3292 3832 Dominus.
3322 3788 3346 3816 α
3377 3775 3585 3832 Omnis
3611 3775 3906 3832 homoad

2233 3863 2578 3936 proximam
2606 3863 2916 3934 sanguinis
2945 3864 3036 3920 sui
3061 3879 3185 3920 non
3234 3863 3500 3932 accedat,
3552 3869 3619 3920 ut
3677 3863 3900 3921 revelet

2233 3951 2667 4024 turpitudinem
2697 3951 2848 4024 ejus.
2905 3954 3026 4023 Ego
3085 3952 3392 4008 Dominus.
3439 3951 3902 4024 Turpitudinem

2231 4039 2441 4098 matris
2505 4045 2617 4098 tute
2669 4057 2791 4098 non
2851 4040 3254 4114 discooperies
3303 4058 3318 4097 :
3373 4045 3567 4098 mater
3618 4046 3726 4098 tua
3784 4047 3899 4098 est.

2232 4131 2360 4186 Non
2407 4129 2701 4186 revelabis
2746 4129 3176 4203 turpitudinem
3231 4129 3381 4200 ejus.
3437 4129 3895 4203 Turpitudinem

2227 4217 2431 4273 uxoris
2457 4217 2648 4289 patris
2677 4218 2760 4274 tui
2785 4233 2906 4274 non
2940 4217 3364 4292 discooperies,
3391 4218 3702 4291 turpitudo
3726 4219 3894 4275 enim

461 4308 766 4361 ternorum
821 4305 1073 4362 deorum
1101 4321 1224 4361 non
1266 4304 1564 4377 jurabitis,
1594 4321 1792 4379 neque
1839 4305 2117 4363 audietur
2143 4361 2184 4381 η
2226 4307 2412 4380 patris
2441 4306 2526 4362 tui
2555 4310 2662 4363 est.
2694 4307 3142 4381 Turpitudinem
3165 4307 3383 4364 sororis
3416 4311 3531 4364 tuae
3576 4323 3651 4364 ex
3691 4313 3883 4380 patre,

459 4407 532 4450 ex
587 4408 689 4450 ore
743 4395 959 4450 vestro.
1020 4393 1220 4465 (Ibid,
1255 4408 1309 4448 υ.
1346 4392 1429 4464 15)
1491 4395 1617 4449 Νοιι
1670 4393 1992 4466 apparebis
2049 4395 2112 4451 in
2142 4392 2185 4415 ”
2227 4395 2352 4452 sive
2381 4411 2455 4451 ex
2479 4399 2668 4452 matre
2693 4411 2819 4452 non
2874 4397 3182 4454 revelabis.
3241 4396 3691 4470 Turpitudinem
3738 4395 3882 4452 ﬁlia:

457 4485 786 4557 conspectu
840 4497 976 4539 meo
1033 4499 1284 4540 vacuus.
1347 4481 1547 4553 (Ibid.,
1579 4498 1633 4539 υ.
1671 4483 1757 4554 19)
1814 4482 2112 4541 Primitias

453 4570 698 4642 frugum
757 4575 926 4628 terrae
973 4574 1088 4627 tuae
1158 4571 1389 4628 deferes
1428 4571 1489 4627 in
1565 4571 1819 4627 domum
1875 4572 2112 4628 Domini

453 4659 554 4715 Dei
611 4661 714 4716 tui.
762 4660 1042 4732 (Ibid.,u.
1091 4659 1178 4730 25)
1230 4659 1623 4732 Servietisque
1681 4659 1932 4716 Domino
1991 4663 2111 4718 Deo

449 4752 668 4819 vestro,
725 4753 792 4805 ut
830 4748 1188 4806 benedicam
1241 4748 1504 4822 panibus
1562 4749 1698 4817 tuis,
1731 4753 1788 4805 et
1830 4750 2025 4822 aquis,
2053 4754 2111 4808 et

450 4837 720 4895 auferam
749 4839 1158 4896 inﬁrmitatem
1188 4838 1262 4895 de
1283 4837 1482 4895 medio
1516 4838 1599 4894 tui
1628 4857 1640 4907 ;
1701 4837 1902 4910 (Ibid.,
1926 4855 1981 4895 υ.
2013 4842 2107 4913 27)

449 4930 924 5001 cunctarumque
949 4928 1331 4986 inimicorum
1360 4931 1603 4986 tuorum
1623 4942 1830 4984 coram
1859 4931 1915 4985 te
1936 4932 2107 5000 terga

447 5018 696 5072 vertam.

515 5108 572 5160 ΙΝ
604 5106 884 5162 Levmco.
916 5107 1067 5164 Dixit
1096 5109 1383 5165 Dominus
1411 5106 1490 5164 ad
1520 5109 1779 5180 Moysen.
1812 5107 2039 5180 (Leuit,
2061 5124 2102 5164 v

446 5198 467 5250 l
505 5200 560 5251 et
589 5194 845 5267 subseq.)
866 5195 1503 5269 Sipeccaveritanima,
1529 5199 1588 5252 et
1609 5195 1861 5253 audierit
1888 5211 2098 5254 vocem

435 5283 710 5354 jurantis,
743 5284 1026 5358 testisque
1055 5284 1229 5342 fuerit
1257 5285 1423 5357 quod
1472 5287 1574 5340 aut
1601 5283 1728 5356 ipse
1777 5284 1943 5356 vidit,
1992 5288 2099 5342 aut

440 5375 716 5429 conscius
748 5380 838 5431 est
861 5390 883 5414 ι·
917 5375 1027 5430 nisi
1047 5375 1414 5440 indicaverit,
1438 5373 1698 5444 portabit
1722 5373 2092 5445 iniquitatem

507 5500 741 5571 aLevit.
776 5517 930 5571 xvm,
959 5507 1012 5569 6,
1044 5505 1102 5556 et
1149 5499 1391 5571 subseq.
1440 5515 1577 5553 cum
1630 5498 1832 5571 aliqua
1887 5505 2091 5558 tamen

435 5569 742 5627 varietate.

2222 4483 2326 4540 ﬁlii
2356 4485 2464 4556 tui,
2496 4484 2591 4542 vel
2614 4485 2808 4558 neptis
2833 4501 2905 4541 ex
2934 4486 3059 4544 ﬁlia
3083 4502 3204 4544 non
3223 4486 3540 4558 revelabis,
3569 4488 3716 4560 quia
3757 4490 3889 4544 tur-

2221 4575 2430 4646 pitudo
2454 4580 2558 4633 tua
2583 4580 2688 4632 est.
2731 4575 3180 4648 Turpitudinem
3235 4576 3372 4632 ﬁliae
3429 4577 3632 4634 uxoris
3693 4577 3886 4650 patris

2221 4663 2324 4731 tui,
2347 4681 2534 4737 quam
2565 4663 2793 4737 peperit
2820 4664 2974 4736 patri
3004 4670 3129 4731 tuo,
3153 4669 3210 4720 et
3240 4669 3329 4721 est
3357 4681 3527 4722 soror
3572 4672 3698 4731 tua,
3752 4682 3883 4722 non

2216 4753 2530 4810 revelabis.
2607 4753 3056 4827 Turpitudinem
3107 4755 3328 4810 sororis
3381 4755 3571 4826 patris
3617 4756 3712 4811 sui
3751 4771 3884 4812 non

2215 4840 2637 4915 discooperies,
2665 4842 2809 4914 quia
2832 4859 2972 4900 caro
3001 4846 3092 4899 est
3133 4843 3319 4917 patris
3375 4843 3480 4900 tui.
3539 4843 3885 4916 Turpitudi-

2211 4945 2354 4987 nem
2381 4931 2600 4988 sororis
2627 4931 2834 4988 matris
2858 4935 2972 4989 tuae
3003 4948 3128 4989 non
3191 4932 3509 5004 revelabis,
3568 4948 3662 5001 eo,
3704 4933 3883 5007 quod

2212 5035 2352 5077 caro
2373 5019 2449 5076 sit
2469 5018 2679 5077 matris
2708 5023 2844 5078 tuae.
2877 5021 3325 5095 Turpitudinem
3363 5021 3564 5096 patrui
3608 5022 3696 5077 tui
3747 5038 3884 5080 non

2207 5108 2519 5179 revelabis,
2548 5125 2658 5166 nec
2687 5109 2936 5166 accedes
2961 5110 3041 5167 ad
3065 5127 3315 5168 uxorem
3371 5115 3521 5183 ejus,
3575 5126 3716 5184 quae
3765 5112 3886 5168 tibi

2207 5197 2495 5255 afﬁnitate
2543 5198 2944 5270 conjungitur.
2995 5200 3451 5273 Turpitudinem
3498 5215 3694 5256 nurus
3751 5205 3880 5256 tuae

2203 5301 2328 5343 non
2357 5286 2666 5356 revelabis,
2706 5287 2851 5360 quia
2888 5304 3038 5344 uxor
3092 5288 3198 5344 ﬁlii
3247 5289 3332 5346 tui
3382 5292 3475 5346 est
3500 5289 3572 5356 b;
3625 5293 3684 5345 et
3725 5306 3884 5345 uxo-

2203 5391 2330 5430 rem
2383 5374 2580 5431 fratris
2635 5376 2725 5430 sui
2768 5375 2968 5430 nullus
2999 5376 3274 5448 accipiat.
3323 5375 3787 5449 Turpitudinem
3823 5390 3849 5417 ε

2269 5500 2296 5538 b
2327 5498 2578 5570 Vulgata
2605 5514 2756 5571 vers.
2787 5504 2870 5555 16.
2912 5501 3365 5570 ﬁrmitudinem
3389 5503 3597 5557 uxoris
3633 5503 3874 5571 fratris

2199 5571 2292 5625 tui
2315 5585 2436 5642 non
2461 5570 2772 5639 reuelabis,
2790 5573 2933 5641 quia
2954 5574 3264 5641 turpitudo
3283 5573 3502 5642 fratris
3528 5573 3619 5627 cui
3642 5579 3757 5629 est.

2269 5653 2294 5683 ο
2325 5639 2572 5710 Vulgata
2604 5639 3423 5712 Tm'pzt'udinem‘uxoris’tua,
3443 5642 3634 5714 [deest
3662 5643 3867 5717 ﬁliam,l
