4158 6192
317 176 451 233 1425

1360 176 1826 235 FLORILEGIUM
1865 172 1961 227 EX
2003 170 2230 228 SACRA
2270 172 2661 230 SCRIPTURA

3580 178 3718 233 1426

311 301 448 356 ﬁlia:
476 300 680 357 uxoris
705 304 840 369 tuae,
875 304 931 358 et
959 301 1095 358 ﬁliae
1123 302 1251 374 ejus
1271 317 1392 359 non
1421 301 1737 359 revelabis.
1761 298 1967 355 Filiam
2006 300 2049 353 Α
2078 311 2256 368 aequa
2284 295 2402 353 sint
2430 299 2720 370 pondera,
2740 299 2941 369 justus
2966 296 3231 365 modius,
3250 312 3580 371 aequusque
3604 316 3735 356 sex-

310 389 417 446 ﬁlii
443 390 623 446 illiusa
652 405 776 446 non
807 407 1027 459 sumes,
1056 395 1122 447 ut
1140 391 1363 447 reveles
1385 392 1782 461 ignominiam
1807 390 1857 461 ej
1870 406 1963 448 us:

312 478 459 552 quia
480 495 620 536 caro
650 478 805 535 illius
834 483 941 543 est,
972 485 1027 535 et
1068 479 1200 535 talis
1230 480 1420 536 coitus
1448 480 1709 537 incestus
1738 483 1843 536 est.
1871 480 1971 535 So-

311 583 510 625 rorem
540 568 739 624 uxoris
770 572 883 623 tuae
913 584 1035 624 non
1067 569 1346 641 accipies,
1376 585 1487 626 nec
1514 569 1817 626 revalabis
1848 571 1969 624 tur-

312 658 647 731 pitudinem
677 658 808 729 ejus
822 664 867 714 b.
902 659 991 715 Ad
1020 658 1353 728 mulierem,
1394 676 1530 732 quae
1561 659 1781 733 patitur
1808 672 1972 713 men-

314 752 501 815 strua,
531 764 654 804 non
676 748 950 817 accedas,
983 765 1092 805 nec
1120 749 1415 806 revelabis
1447 749 1773 806 foeditatem
1820 748 1968 818 ejus.

313 839 463 893 Cum
492 852 676 893 uxore
697 838 956 910 proximi
1006 838 1090 894 tui
1140 854 1265 895 non
1307 838 1518 907 coibis,
1562 855 1672 895 nec
1728 835 1973 892 seminis

312 926 735 984 commistione
760 927 1180 983 maculaberis.
1215 930 1362 984 Cum
1388 927 1658 983 masculo
1679 942 1801 983 non
1814 941 1975 982 com-

314 1015 664 1073 misceberis
715 1017 873 1074 coitu
927 1015 1209 1085 femineo,
1263 1018 1410 1091 quia
1464 1016 1834 1074 abominatio
1864 1020 1972 1072 est.

306 1108 466 1163 Cum
491 1106 656 1162 omni
680 1121 896 1179 pecore
918 1122 1041 1163 non
1059 1106 1272 1178 coibis,
1291 1123 1400 1164 nec
1421 1106 1821 1164 maculaberis
1836 1121 1975 1162 cum

311 1195 616 1251 eo.Mulier
635 1211 754 1251 non
791 1195 1146 1253 succumbet
1166 1198 1461 1268 jumento,
1493 1212 1603 1253 nec
1632 1195 1978 1252 miscebitur

314 1283 387 1351 ei,
413 1284 559 1357 quia
588 1282 781 1339 scelus
817 1288 924 1340 est.
943 1288 1057 1341 Nec
1088 1285 1448 1357 polluamini
1473 1286 1532 1341 in
1556 1285 1842 1342 omnibus
1862 1285 1975 1345 his.

312 1372 539 1444 quibus
572 1372 996 1429 contaminatae
1020 1378 1159 1430 sunt
1190 1374 1484 1430 universae
1526 1378 1753 1444 gentes.
1779 1376 1980 1431 Custo-

311 1461 430 1517 dite
464 1460 737 1531 legitima
774 1478 913 1519 mea
941 1467 998 1519 et
1049 1463 1300 1534 judicia,
1361 1468 1419 1520 et
1474 1479 1599 1519 non
1641 1462 1870 1519 faciatis
1902 1478 1978 1517 ex

311 1551 597 1607 omnibus
624 1551 1177 1608 abominationibus
1208 1552 1335 1609 istis
1362 1553 1573 1621 (Levit.
1601 1568 1768 1619 xvm,
1788 1568 1844 1608 υ.
1865 1552 1977 1622 29).

2083 387 2285 442 tarius.
2319 390 2440 458 Ego
2465 388 2755 444 Dominus
2782 391 2935 443 Deus
2961 391 3172 443 vester.
3205 386 3508 443 Custodite
3528 389 3735 447 omnia

2081 480 2380 548 praecepta
2406 493 2560 547 mea,
2585 482 2641 534 et
2664 478 2943 534 universa
2979 476 3209 549 judicia
3250 490 3406 544 mea,
3449 480 3506 532 et
3559 477 3734 536 facite

2079 579 2170 621 ea.
2206 567 2326 635 Ego
2352 566 2640 621 Dominus
2667 568 2873 637 (Levit.
2901 584 2988 634 xx,
3041 567 3117 637 7).
3156 564 3651 630 Sanctiﬁcamini,
3682 571 3740 624 et

2081 656 2267 709 estote
2299 654 2507 725 sancti,
2538 655 2679 727 quia
2707 671 2818 725 ego
2840 655 3130 712 Dominus
3170 655 3327 709 Deus
3354 657 3568 711 vester.
3594 656 3738 711 Cus-

2081 742 2261 799 todite
2286 748 2585 817 praecepta
2614 760 2769 808 mea,
2827 747 2882 801 et
2930 744 3104 801 facite
3154 759 3244 800 ea.
3279 746 3400 813 Ego
3448 743 3740 799 Dominus

2080 833 2184 905 qui
2214 833 2520 890 sanctiﬁco
2549 850 2677 891 vos.
2706 835 2817 901 Qui
2858 834 3233 891 maledixerit
3287 834 3443 907 patri
3471 850 3601 899 suo,
3636 838 3741 891 aut

2081 922 2280 991 matri,
2303 927 2492 979 morte
2514 924 2826 980 moriatur.
2868 924 2979 991 Qui
3004 924 3182 997 patri,
3218 922 3518 995 matrique
3548 922 3739 980 male-

2084 1010 2317 1080 dixerit,
2350 1013 2594 1083 sanguis
2622 1014 2751 1084 ejus
2782 1013 2855 1070 sit
2885 1030 3066 1086 super
3110 1029 3270 1069 eum.
3307 1013 3365 1069 Si
3401 1012 3739 1069 moechatus

2084 1099 2220 1172 quis
2250 1099 2423 1158 fuerit
2444 1118 2583 1158 cum
2613 1118 2794 1160 uxore
2817 1102 3076 1171 alterius,
3119 1106 3176 1159 et
3208 1100 3566 1159 adulterium
3610 1116 3742 1175 per-

2086 1192 2405 1264 petraverit
2432 1209 2571 1249 cum
2599 1193 2858 1265 cunjuge
2888 1192 3149 1266 proximi
3206 1192 3318 1261 sui,
3375 1195 3567 1248 morte
3613 1208 3742 1248 mo-

2086 1280 2315 1337 riantur
2335 1286 2392 1337 et
2418 1283 2689 1338 machus
2728 1286 2785 1339 et
2814 1282 3105 1339 adultera.
3157 1282 3357 1354 (1bid.,
3397 1297 3450 1339 υ.
3490 1281 3597 1353 13),
3630 1280 3744 1348 Qui

2088 1368 2394 1426 dormierit
2440 1387 2578 1427 cum
2619 1371 2890 1428 masculo
2938 1371 3098 1428 coitu
3154 1370 3435 1435 femineo,
3488 1374 3742 1444 uterque

2089 1461 2370 1530 operatus
2399 1464 2487 1515 est
2517 1459 2709 1531 nefas,
2752 1463 2942 1516 morte
2986 1459 3354 1516 moriantur:
3387 1459 3461 1515 sit
3490 1458 3739 1529 sanguis

2091 1562 2301 1603 eorum
2332 1564 2512 1620 super
2542 1564 2665 1604 eos.
2696 1549 2804 1613 Qui
2834 1564 2973 1604 cum
2998 1550 3292 1619 jumento,
3321 1552 3379 1605 et
3406 1564 3620 1620 pecore
3650 1563 3746 1604 co-

317 1642 527 1698 Omnis
550 1642 755 1698 anima
783 1658 920 1714 quae
956 1641 1160 1699 fecerit
1197 1642 1272 1699 de
1305 1640 1858 1699 abominationibus
1886 1640 1979 1696 his
2017 1682 2063 1734 Β
2090 1635 2221 1694 ierit
2248 1642 2439 1694 morte
2470 1637 2779 1703 moriatur,
2807 1653 2991 1710 pecus
3022 1652 3266 1711 quoque
3296 1636 3543 1692 occidite
3568 1656 3581 1706 ;
3608 1654 3745 1692 mu-

315 1730 652 1803 quidpiam,
676 1730 892 1803 peribit
919 1731 994 1787 de
1015 1731 1218 1787 medio
1246 1731 1460 1804 populi
1492 1732 1581 1786 sui
1625 1730 1835 1799 (Levit.
1863 1735 1976 1796 xix,

315 1834 368 1874 υ.
400 1822 477 1887 3).
502 1820 920 1893 Unusquisque
938 1824 1173 1893 patrem
1229 1836 1482 1889 suum,e
1508 1823 1767 1875 matrem
1802 1834 1981 1873 suam

312 1908 521 1965 timeat
548 1909 723 1977 (Ibid.
758 1925 811 1964 υ.
855 1912 933 1978 9).
965 1910 1114 1965 Cum
1152 1908 1480 1966 messueris
1531 1911 1763 1978 segetes
1812 1911 1981 1963 terrae

312 2001 454 2065 tute,
479 2013 602 2054 non
629 1998 907 2054 tondebis
926 2014 1125 2071 usque
1155 1998 1235 2055 ad
1267 1998 1488 2067 solum,
1522 2013 1634 2053 nec
1670 2012 1984 2053 remanen-

314 2090 401 2142 tes
434 2086 632 2160 spicas
656 2086 899 2158 colliges
924 2105 938 2140 :
971 2103 1167 2160 neque
1194 2087 1255 2143 in
1276 2088 1455 2144 vinea
1483 2092 1589 2144 tua
1616 2101 1895 2143 racemos
1927 2084 1985 2141 et

316 2191 509 2246 grana
530 2176 866 2234 decidentia
895 2176 1318 2248 congregabis,
1378 2176 1485 2233 sed
1526 2176 1899 2249 pauperibus
1929 2179 1985 2232 et

313 2266 643 2339 peregrinis
668 2266 974 2339 carpenda
998 2266 1281 2334 dimittes,
1337 2270 1470 2323 Non
1496 2266 1730 2323 facietis
1760 2266 1983 2322 furtum

314 2358 443 2412 Non
480 2356 875 2426 mentiemini,
908 2371 1019 2412 nec
1040 2356 1299 2429 decipiat
1326 2357 1758 2430 unusquisque
1777 2356 1982 2429 proxi-

315 2460 485 2501 mum
525 2461 726 2501 suum.
759 2448 886 2501 Non
916 2445 1253 2518 perjurabis
1287 2445 1349 2501 in
1387 2445 1635 2505 nomine
1664 2461 1821 2514 meo,
1871 2460 1982 2501 nec

316 2532 547 2606 pollues
569 2548 795 2590 nomen
832 2533 935 2590 Dei
966 2534 1069 2590 tui.
1114 2537 1236 2605 Ego
1269 2535 1577 2592 Dominus.
1625 2538 1751 2592 Non
1799 2534 1981 2591 facies

316 2620 685 2677 calumniam
711 2621 990 2694 proximo
1009 2626 1133 2693 tuo,
1151 2638 1261 2679 nec
1280 2624 1337 2679 vi
1359 2624 1664 2697 opprimes
1685 2626 1979 2679 eum.Non

315 2709 653 2765 morabitur
673 2726 829 2782 opus
858 2712 1214 2767 mercenarii
1244 2712 1331 2767 tui
1363 2713 1529 2785 apud
1558 2716 1613 2769 te
1635 2728 1826 2786 usque
1854 2728 1981 2770 ma-

315 2813 411 2852 ne.
446 2801 573 2853 Non
598 2798 920 2854 maledices
952 2798 1171 2855 surdo:
1216 2816 1325 2856 nec
1352 2816 1558 2857 coram
1589 2817 1747 2857 caeco
1785 2817 1977 2874 pones

314 2885 745 2942 oﬂ‘endiculum
772 2904 784 2953 ;
820 2886 924 2942 sed
957 2886 1195 2943 timebis
1218 2889 1539 2945 Dominum
1563 2890 1749 2945 Deum
1782 2894 1975 2952 tuum,

316 2974 461 3046 quia
490 2989 603 3044 ego
632 2991 770 3031 sum
798 2975 1108 3032 Dominus.
1141 2979 1268 3033 Non
1300 2976 1479 3033 facies
1509 2977 1676 3049 quod
1704 2976 1980 3050 iniquum

321 3067 431 3133 est,
464 3079 577 3119 nec
625 3063 843 3135 injuste
869 3064 1195 3136 judicabis.
1229 3068 1355 3122 Non
1391 3065 1736 3122 consideres
1768 3081 1977 3139 perso-

266 3228 269 3229 ν
320 3168 462 3208 nam
486 3154 788 3226 pauperis,
821 3170 931 3211 nec
970 3155 1231 3211 honores
1256 3155 1491 3211 vultum
1522 3156 1798 3227 potentis.
1818 3159 1981 3213 Juste

310 3240 520 3311 judica
556 3241 835 3313 proximo
868 3247 991 3298 tuo.
1022 3246 1150 3299 Non
1180 3243 1295 3299 eris
1337 3243 1705 3310 criminator,
1749 3259 1860 3299 nec
1888 3260 1983 3299 su-

320 3346 493 3386 surro
536 3330 596 3386 in
652 3331 916 3403 populis.
953 3335 1079 3387 Non
1116 3332 1301 3388 stabis
1359 3337 1568 3389 contra
1622 3333 1983 3403 sanguinem

317 3421 575 3493 proximi
627 3420 729 3475 tui.
782 3421 906 3491 Ego
957 3421 1265 3476 Dominus.
1328 3425 1443 3478 Nec
1496 3422 1692 3477 oderis
1743 3422 1985 3478 fratrem

318 3515 490 3565 tuum
515 3509 574 3563 in
601 3509 781 3564 corde
813 3514 937 3578 tuo,
971 3510 1076 3565 sed
1105 3510 1343 3583 publice
1376 3526 1563 3581 argue
1597 3528 1757 3578 eum,
1790 3527 1865 3567 ne
1884 3512 1986 3568 ha-

316 3598 464 3654 beas
500 3614 681 3671 super
705 3598 807 3654 illo
837 3605 1173 3672 peccatum.
1209 3604 1336 3657 Non
1359 3617 1602 3673 quaeras
1650 3600 1983 3670 ultionem;

316 3703 427 3743 nec
473 3688 826 3743 memoreris
888 3688 1117 3759 injuriae
1165 3689 1386 3745 civium
1452 3694 1720 3746 tuorum.
1771 3690 1986 3760 Diliges

294 3776 580 3847 amicum
621 3780 791 3833 tuum
846 3777 1001 3833 sicut
1039 3778 1323 3850 teipsum.
1384 3781 1507 3848 Ego
1538 3779 1845 3835 Dominus.
1879 3780 1984 3835 Le-

316 3881 423 3935 ges
466 3880 633 3921 meas
676 3865 990 3921 custodite.
1044 3868 1165 3935 Ego
1210 3865 1505 3922 Dominus
1559 3869 1715 3923 Deus
1770 3872 1984 3924 vester.

314 3954 517 4024 (Ibid.,
543 3970 597 4010 v.
638 3955 751 4025 26).
786 3956 912 4010 Non
946 3954 1282 4009 comedetis
1312 3970 1452 4010 cum
1510 3956 1825 4025 sanguine.
1859 3960 1985 4013 Non

314 4043 786 4114 augurabimini,
852 4058 962 4098 nec
1028 4042 1437 4099 observabitis
1499 4044 1735 4101 somnia
1788 4045 1983 4127 (Ibid.,

310 4150 368 4189 υ.
398 4137 513 4199 29).
546 4137 674 4190 Νοιι
706 4132 1033 4205 prostituas
1064 4131 1251 4189 filiam
1298 4137 1491 4205 tuam,
1517 4150 1593 4191 ne
1618 4134 1985 4191 contamine-

313 4226 412 4278 tur
472 4227 651 4288 terra,
715 4228 771 4278 et
834 4221 1159 4295 impleatur
1216 4222 1476 4296 piaculo.
1535 4222 1797 4281 Sabbata
1848 4238 1985 4281 mea

310 4311 629 4377 custodite,
691 4315 747 4366 et
803 4315 1198 4368 sanctuarum
1264 4327 1469 4368 meum
1540 4312 1803 4369 metuite.
1862 4316 1983 4384 Ego

318 4401 626 4456 Dominus.
665 4403 789 4455 Non
823 4400 1127 4456 declinetis
1158 4401 1238 4457 ad
1267 4416 1508 4474 magos,
1529 4418 1639 4459 nec
1666 4402 1744 4459 ab
1782 4402 1982 4459 ariolis
2013 4387 2056 4441 Ῐ)

314 4487 546 4560 aliquid
580 4488 985 4554 sciscitemini,
1026 4494 1081 4546 et
1128 4490 1485 4562 polluamini
1531 4507 1639 4564 per
1675 4507 1803 4547 eos.
1862 4495 1981 4562 Ego

317 4578 607 4634 Dominus
634 4582 787 4634 Deus
816 4582 1030 4634 vester.
1075 4580 1291 4635 Coram
1336 4596 1489 4637 cano
1518 4580 1709 4652 capite
1737 4595 1981 4636 consur-

296 4681 411 4734 .ge,
461 4667 695 4724 honora
742 4682 1069 4740 personam
1113 4667 1291 4736 senis,
1347 4673 1404 4725 et
1462 4668 1601 4723 time
1655 4668 1977 4724 Dominum

318 4757 505 4812 Deum
562 4761 754 4813 tuum.
819 4759 940 4827 Ego
1008 4756 1317 4813 Dominus.
1382 4757 1438 4813 Si
1476 4757 1831 4814 habitaverit
1874 4756 1975 4812 ad-

311 4860 472 4901 vena
502 4846 563 4901 in
593 4850 752 4902 terra
780 4850 998 4912 vestra,
1030 4850 1087 4901 et
1116 4850 1385 4901 moratus
1430 4845 1603 4902 fuerit
1642 4846 1793 4902 inter
1843 4861 1969 4915 vos,

310 4950 391 4990 ne
439 4935 807 5008 exprobretis
864 4935 937 5001 ei,
990 4934 1095 4989 sed
1153 4935 1225 4991 sit
1282 4936 1432 4991 inter
1488 4952 1598 4993 vos
1648 4936 1826 5009 quasi
1881 4938 1971 4991 in-

310 5023 557 5093 digena,
584 5029 639 5079 et
668 5024 924 5094 diligetis
964 5038 1103 5080 eum
1144 5024 1321 5097 quasi
1379 5026 1797 5099 vosmetipsos.
1860 5029 1972 5082 No-

309 5114 413 5170 lite
470 5115 664 5171 facere
729 5113 1007 5186 iniquum
1060 5114 1287 5187 aliquid
1343 5116 1404 5171 in
1460 5116 1709 5188 judicio,
1768 5117 1828 5172 in
1881 5131 1973 5171 re-

310 5203 475 5275 gula,
521 5204 583 5259 in
631 5202 922 5276 pondere,
970 5204 1029 5260 in
1087 5220 1390 5262 mensura.
1427 5209 1654 5263 Statera
1703 5208 1886 5277 justa,
1918 5210 1975 5264 et

386 5320 412 5345 ι
442 5313 613 5366 Deest
632 5310 831 5385 itaque
857 5320 909 5366 et
934 5311 1123 5378 ﬁliam
1145 5312 1292 5377 ﬁlim
1322 5312 1491 5368 illius
1508 5328 1613 5385 per
1645 5327 1972 5368 amanuen-

313 5381 399 5437 sis
421 5396 684 5437 errorem
707 5382 930 5453 utique.

386 5454 412 5493 δ
443 5454 615 5525 Deest
642 5453 841 5525 adhuc
870 5454 981 5509 illa
1014 5454 1260 5523 vivente,
1292 5454 1437 5525 quia
1468 5454 1687 5511 scilicet
1724 5454 1784 5508 in
1841 5454 1971 5525 lege

312 5524 516 5608 veteri,
548 5524 596 5579 si
628 5524 912 5608 expriori
941 5525 1152 5608 marito
1184 5524 1619 5608 nonliabuerat
1643 5524 1969 5608 haeredein,

316 5592 497 5671 frater
525 5592 1145 5671 mariti—compellatur
1191 5611 1327 5653 eam
1358 5599 1650 5671 accipere,
1689 5600 1756 5654 ut
1784 5592 1969 5654 susci-

319 5668 469 5725 taret
501 5682 708 5726 semen
738 5666 933 5723 fratris
964 5666 1075 5723 sui.

2090 1724 2216 1791 lier,
2239 1742 2376 1799 quas
2407 1726 2788 1783 succubuerit
2819 1725 3060 1782 cuilibet
3102 1726 3400 1797 jumento,
3433 1725 3613 1782 simul
3656 1725 3748 1781 in-

2091 1814 2410 1870 terﬁcietur
2446 1832 2585 1871 cum
2639 1830 2740 1871 eo:
2791 1814 3039 1885 sanguis
3069 1830 3279 1871 eorum
3307 1814 3381 1870 sit
3431 1829 3615 1887 super
3641 1829 3747 1871 eos

2092 1904 2295 1974 (Ibid.,
2338 1921 2390 1961 v.
2423 1905 2657 1977 27).Vir,
2688 1905 2812 1961 sive
2842 1904 3075 1976 mulier,
3103 1904 3165 1960 in
3215 1903 3441 1978 quibus
3463 1904 3747 1977 pythoni-

2093 2011 2219 2062 cus,
2249 1994 2345 2051 vel
2365 1994 2748 2052 divinationis
2774 1994 2948 2052 fuerit
2970 1994 3233 2068 spiritus,
3265 1997 3457 2051 morte
3480 1993 3745 2051 morian-

2092 2087 2221 2139 tur:
2243 2082 2548 2157 lapidibus
2580 2083 2836 2142 obruent
2864 2100 2967 2141 eos
2991 2101 3005 2141 :
3035 2083 3283 2156 sanguis
3312 2098 3522 2140 eorum
3543 2083 3617 2139 sit
3645 2098 3746 2139 su-

2091 2187 2199 2245 per
2234 2172 2366 2230 illos
2388 2174 2596 2242 (Levit.
2626 2189 2791 2242 xxiv,
2842 2176 2947 2243 {5).
3002 2176 3214 2245 Homo,
3238 2172 3343 2247 qui
3369 2170 3748 2230 maledixerit

2093 2263 2211 2316 Deo
2241 2277 2372 2329 suo,
2394 2262 2655 2334 portabit
2681 2266 2996 2337 peccatum
3026 2278 3227 2334 suum,
3259 2266 3315 2319 et
3338 2264 3444 2336 qui
3464 2260 3746 2335 blasphe-

2091 2351 2343 2408 maverit
2361 2366 2584 2409 nomen
2616 2352 2873 2423 Domini,
2900 2356 3090 2409 morte
3131 2352 3441 2410 moriatur.
3477 2350 3589 2418 Qui
3615 2366 3747 2425 per-

2091 2441 2359 2509 cusserit,
2398 2446 2456 2497 et
2507 2442 2790 2499 occiderit
2841 2442 3174 2511 hominem,
3232 2445 3424 2499 morte
3457 2443 3749 2498 moriatur

2090 2531 2291 2599 (Ibid.,
2324 2546 2379 2587 υ.
2412 2532 2522 2602 22).
2552 2532 2817 2606 Equum
2861 2532 3157 2605 judicium
3184 2531 3258 2589 sit
3290 2531 3441 2588 inter
3469 2546 3597 2603 vos,
3625 2530 3747 2586 sive

2089 2620 2460 2692 peregrinus,
2490 2620 2613 2677 sive
2643 2620 2786 2677 civis
2817 2621 3323 2694 peccaverit,quia
3342 2635 3455 2690 ego
3473 2636 3611 2676 sum
3632 2620 3749 2675 Do-

2089 2709 2293 2765 minus
2318 2710 2471 2766 Deus
2496 2714 2690 2766 vester
2709 2713 2919 2782 (Levit.
2951 2728 3080 2782 xxv,
3129 2712 3241 2779 3B).
3298 2710 3355 2765 Si
3400 2712 3747 2766 attenuatus

2090 2797 2264 2855 fuerit
2293 2799 2475 2855 frater
2504 2803 2663 2870 tuus,
2686 2804 2743 2856 et
2770 2800 3050 2857 infirmus
3078 2815 3288 2869 manu,
3332 2803 3388 2855 et
3412 2797 3751 2871 susceperis

2090 2901 2231 2941 eum
2260 2886 2434 2957 quasi
2456 2886 2776 2957 advenam,
2822 2892 2879 2943 et
2906 2887 3314 2959 peregrinum,
3343 2890 3401 2942 et
3428 2885 3640 2942 vixerit
3670 2889 3752 2943 te-

2091 2991 2252 3044 cum,
2280 2990 2355 3030 ne
2386 2974 2646 3047 accipias
2674 2991 2891 3032 usuras
2920 2976 3000 3031 ab
3028 2991 3239 3046 eo,nec
3269 2974 3531 3048 amplius
3558 2989 3750 3047 quam

2019 3036 2059 3089 Ο
2092 3036 2327 3120 dedisti.
2359 3036 2535 3119 Time.
2555 3067 2739 3120 Deum
2763 3068 2953 3133 tuum,
2986 3068 3051 3121 ut
3098 3036 3295 3121 vivere
3344 3036 3534 3136 possit
3568 3036 3752 3121 frater

2093 3157 2230 3209 tuus
2263 3152 2427 3225 apud
2454 3152 2857 3210 te.Pecuniam
2888 3158 3054 3210 tuam
3084 3169 3209 3209 non
3231 3152 3407 3209 dabis
3430 3152 3484 3209 ei
3514 3152 3593 3209 ad
3612 3168 3754 3209 usu-

2091 3258 2245 3311 ram,
2294 3246 2348 3297 et
2379 3242 2623 3313 frugum
2664 3242 3291 3315 superabundantiam
3338 3257 3464 3299 non
3523 3241 3748 3313 exiges.

2092 3342 2115 3367 ⁶
2147 3332 2380 3388 Animal
2410 3337 2632 3400 autem,
2657 3333 2823 3405 quod
2852 3332 3152 3389 immolari
3170 3336 3364 3405 potest
3388 3331 3664 3403 Domino,
3698 3332 3750 3388 si

2092 3421 2228 3494 quis
2248 3422 2495 3491 voverit,
2529 3426 2807 3478 sanctum
2834 3423 2943 3478 erit
2985 3427 3041 3478 et
3068 3422 3289 3478 mutari
3338 3437 3462 3477 non
3509 3421 3746 3493 poterit,

2093 3511 2155 3567 id
2184 3515 2293 3580 est,
2327 3527 2436 3566 nec
2466 3511 2681 3567 melius
2712 3511 2874 3568 malo
2904 3527 3013 3567 nec
3051 3512 3225 3585 pejus
3269 3510 3453 3566 bono.
3488 3509 3661 3576 Quod
3698 3510 3751 3566 si

2094 3600 2431 3666 mutaverit,
2464 3604 2520 3655 et
2549 3600 2750 3673 ipsum
2804 3600 2974 3673 quod
3013 3604 3313 3657 mutatum
3356 3602 3467 3665 est,
3497 3602 3556 3656 et
3601 3598 3749 3655 illud

2094 3706 2203 3763 pro
2234 3706 2356 3762 quo
2385 3694 2685 3747 mutatum
2718 3693 2827 3762 est,
2865 3695 3281 3747 consecratum
3338 3688 3447 3746 erit
3493 3688 3750 3745 Domino

2095 3780 2294 3851 (Ibid.,
2328 3780 2517 3851 v.28).
2565 3781 2772 3847 Omne,
2822 3779 2989 3852 quod
3039 3779 3292 3835 Domino
3342 3782 3749 3849 consecratur,

2093 3884 2216 3923 non
2246 3867 2559 3935 vendetur,
2590 3883 2701 3923 nec
2731 3867 2944 3922 redimi
2972 3869 3207 3939 poterit.
3235 3867 3539 3939 Quidquid
3561 3867 3748 3923 semel

2094 3957 2268 4013 fuerit
2294 3960 2731 4024 consecratum,
2769 3957 3051 4012 Sanctum
3080 3960 3427 4012 sanctorum
3484 3955 3592 4011 erit
3633 3958 3751 4012 Do-

2094 4045 2278 4102 mino.
2310 4047 2530 4102 Omnes
2550 4044 2798 4101 decimae
2820 4048 3007 4114 terrm,
3044 4044 3167 4101 sive
3193 4044 3267 4101 de
3298 4042 3595 4115 frugibus,
3627 4042 3749 4101 sive

2093 4135 2168 4192 de
2189 4134 2386 4208 pomis
2417 4134 2703 4191 arborum
2732 4133 2969 4189 Domini
2996 4138 3155 4206 sunt,
3187 4133 3343 4191 etilli
3373 4131 3750 4189 sanctiﬁcan-

2091 4228 2208 4281 tur.
2268 4222 2550 4281 Omnium
2602 4222 2976 4279 decimarum
3023 4223 3219 4294 bovis,
3271 4227 3327 4280 et
3372 4222 3522 4291 ovis,
3555 4224 3612 4278 et
3654 4236 3750 4278 ca-

2093 4331 2237 4387 prae,
2298 4330 2429 4387 quae
2486 4312 2598 4368 sub
2655 4312 2913 4385 pastoris
2956 4313 3106 4385 juga
3154 4312 3370 4384 (virga)
3411 4311 3744 4382 transeunt,

2091 4402 2388 4478 quidquid
2417 4401 2723 4459 decimum
2749 4402 2979 4459 venerit
3004 4400 3440 4459 santiﬁcabitur
3465 4400 3741 4457 Domino.

2089 4498 2215 4551 Non
2238 4491 2527 4565 (eligetur)
2548 4490 2775 4561 legetur
2794 4506 2905 4547 nec
2930 4491 3181 4557 bonum,
3213 4505 3323 4546 nec
3348 4488 3602 4560 malum,
3633 4502 3747 4543 nec

2087 4583 2270 4638 altero
2300 4578 2787 4636 commutabitur.
2844 4579 3061 4652 Siquis
3103 4577 3449 4635 mutaverit:
3493 4580 3548 4631 et
3577 4574 3746 4648 quod

2086 4675 2381 4726 mutatum
2404 4673 2517 4740 est,
2556 4672 2613 4725 et
2638 4684 2747 4741 pro
2769 4684 2892 4742 quo
2925 4672 3223 4725 mutatum
3253 4671 3363 4738 est,
3396 4664 3739 4723 sanctiﬁca-

2083 4762 2195 4814 tur.

2154 4848 2218 4902 In
2244 4847 2397 4903 libro
2420 4851 2638 4904 Νωιειιι
2671 4848 2870 4920 (Num.
2902 4864 2987 4919 ιιι,
3014 4851 3097 4913 t0,
3119 4850 3256 4917 etc.)
3279 4846 3431 4903 Dixit
3452 4844 3745 4906 Dominus

2082 4936 2158 4992 ad
2181 4939 2420 5007 Moysen
2446 4955 2458 4992 :
2484 4940 2682 4994 Aaron
2702 4940 2905 4994 autem
2950 4940 3007 4993 et
3047 4935 3203 4991 ﬁlios
3254 4936 3384 5007 ejus
3414 4940 3744 4995 constttues

2082 5040 2261 5097 super
2299 5025 2526 5082 cultum
2557 5025 2904 5082 Sacerdotii.
2939 5028 3246 5096 Externus,
3280 5025 3384 5099 qui
3433 5026 3513 5083 ad
3539 5027 3743 5084 minis-

2081 5115 2363 5171 trandum
2396 5114 2729 5183 accesserit,
2780 5112 3085 5170 morietur.
3119 5114 3144 5149 ά
3188 5114 3300 5171 Alii
3338 5115 3506 5173 nulla
3551 5116 3744 5172 curio-

2082 5204 2250 5260 sitate
2280 5204 2523 5261 videant
2561 5219 2697 5276 quae
2725 5205 2867 5259 sunt
2896 5202 2959 5260 in
2989 5204 3338 5261 Sanctuario
3379 5205 3740 5277 priusquam

2152 5322 2174 5347 ο
2202 5313 2377 5368 Levit.
2412 5328 2593 5379 xxvn,
2626 5316 2678 5383 9.
2711 5314 2816 5383 An_
2846 5309 2925 5383 ad
2971 5326 3191 5383 pecora
3245 5310 3489 5383 respicit
3533 5308 3740 5368 oblata

2084 5384 2359 5439 Ecclesiae
2374 5386 2400 5439 ‘I
2415 5400 2493 5439 an
2524 5382 2721 5456 potius
2744 5380 2822 5456 ad
2848 5380 3023 5456 ﬁlios,
3051 5384 3155 5455 qui
3176 5380 3582 5456 rnore'eorum
3601 5385 3742 5456 te_m-

2083 5472 2299 5527 porum
2330 5451 2809 5527 adhuc—parvuli,
2843 5451 3095 5510 Domino
3126 5451 3532 5509 offerebantur
3554 5452 3581 5507 ?
3638 5454 3738 5510 Ju-

2082 5526 2366 5581 dicaverit
2387 5526 2605 5583 Lector.

2156 5596 2181 5630 ἀ
2214 5600 2468 5664 Νιιω.ιν,
2490 5601 2577 5653 20.
2596 5596 2862 5653 lndicare
2880 5595 3112 5651 videtur
3142 5607 3374 5649 morem
3409 5594 3737 5651 multarum

2089 5667 2479 5727 Ecclesiarum
2496 5669 2627 5741 [per
2650 5683 2722 5726 ea
2736 5666 3065 5753 praesertim
3086 5666 3381 5737 tempora]
3397 5682 3537 5746 quae,
3551 5664 3741 5731 laicos
