4158 6192
368 80 507 137 1620

1418 76 1882 133 ηοιιιιεϐιυυ
1922 76 2008 133 EX
2044 75 2274 134 SACRA
2313 28 2723 135 SCRIPTUM.

3643 81 3783 139 M30

362 214 710 275 personam,
741 214 855 256 nec
900 215 1154 258 munera
1188 219 1200 257 :
1233 202 1382 275 quia
1425 217 1681 259 munera
1710 202 2014 257 excaecant
2042 204 2088 256 Α
2130 202 2266 257 tuus
2295 218 2310 257 ι
2342 205 2402 258 et
2430 202 2480 258 si
2510 206 2785 259 moratus
2816 201 3000 260 fueris
3023 202 3400 274 reputabitur
3427 203 3537 260 tibi
3563 203 3627 260 in
3650 196 3786 278 pec;

360 290 570 348 oculos
605 289 985 364 sapientium,
1016 294 1072 348 et
1099 295 1337 348 mutant
1361 292 1544 348 verba
1567 292 1887 362 justorum.
1918 292 2015 347 Ju—

364 385 457 439 ste
485 379 898 454 quodjustum
923 383 1011 437 est
1038 380 1430 455 persequeris,
1457 385 1521 439 ut
1548 381 1719 438 vivas
1749 385 1807 439 et
1829 378 2018 453 possi-

359 470 512 529 deas
540 473 782 541 terram,
808 485 995 542 quam
1022 470 1311 527 Dominus
1342 473 1497 528 Deus
1525 474 1662 528 tuus
1685 470 1850 538 dedit
1888 468 2013 527 tibi.

362 562 563 630 (Deut.
595 575 739 630 xvu,
771 560 821 631 8)
855 559 913 617 Si
953 559 1250 631 judicium
1299 560 1514 617 videris
1546 561 1730 618 verba
1774 558 2014 627 variari,

363 665 544 719 surge
567 653 626 706 et
649 649 907 706 ascende
932 650 1012 707 ad
1030 650 1451 724 locum,quem
1471 650 1711 722 elegerit
1728 650 2017 707 Dominus

354 741 517 796 Deus
555 742 714 805 tuus,
746 739 1066 812 veniaeque
1111 740 1191 797 ad
1238 742 1612 810 Sacerdotes,
1642 745 1700 798 et
1730 741 1810 797 ad
1856 740 2016 811 judi-

355 842 512 897 cem,
535 829 643 900 qui
670 826 846 884 fuerit
871 828 934 884 in
961 827 1062 884 illo
1088 832 1374 902 tempore,
1406 846 1763 904 quaerasque
1792 830 1871 887 ab
1902 828 2012 896 eis,

355 916 466 990 qui
482 916 838 974 indicabunt
859 916 960 974 tibi
971 917 1184 988 judicii
1197 918 1528 989 veritatem,
1546 924 1604 976 et
1623 919 1806 977 facies
1821 918 2015 991 quod-

355 1021 599 1079 cunque
630 1005 886 1062 dixerint
911 1006 1019 1079 qui
1066 1011 1331 1079 preesunt
1363 1008 1518 1077 loco,
1549 1024 1735 1082 quem
1776 1007 2017 1079 elegerit

356 1096 671 1161 Dominus,
701 1099 760 1152 et
802 1095 1115 1155 docuerint
1165 1098 1415 1170 tejuxta
1460 1098 1657 1169 legem
1701 1099 1874 1170 ejus:
1925 1114 2015 1154 αθ·

352 1184 682 1258 querisque
723 1185 1086 1243 sententiam
1139 1203 1375 1259 eorum,
1423 1204 1534 1245 nec
1577 1187 1909 1245 declinabis
1936 1186 2017 1245 ad

346 1273 688 1343 dexteram,
719 1273 816 1331 vel
836 1274 921 1331 ad
943 1275 1245 1333 sinistram
1273 1296 1286 1346 ;
1318 1276 1426 1350 qui
1461 1281 1667 1335 autem
1709 1276 2015 1352 superbia-

352 1363 451 1436 rit,
479 1363 695 1421 nolens
728 1363 973 1421 obedire
1003 1366 1329 1423 sacerdotis
1350 1366 1475 1440 imp
1487 1366 1633 1435 ario,
1654 1367 1760 1440 qui
1778 1382 1852 1423 eo
1875 1370 2018 1423 tem-

353 1467 503 1526 pore
529 1453 828 1511 ministrat
848 1455 1103 1513 Domino
1133 1458 1254 1513 Deo
1283 1460 1407 1526 tuo,
1424 1462 1484 1514 et
1507 1457 1746 1514 decreto
1767 1455 2012 1528 judicia,

2131 294 2354 347 catum.
2391 292 2566 358 Quod
2594 296 2797 349 autem
2829 291 3019 348 semel
3045 304 3358 363 egressum
3387 296 3478 349 est
3503 292 3580 349 de
3606 293 3785 351 labiis

2130 377 2267 450 tuis,
2296 378 2671 450 observabis,
2703 384 2761 437 et
2785 378 2970 438 facies
3003 379 3157 437 sicut
3182 378 3511 453 promisisti
3532 381 3786 441 Domino

2127 469 2248 527 Deo
2273 471 2400 543 tuo,
2431 473 2490 528 et
2529 470 2776 544 propria
2804 469 3132 541 voluntate,
3159 473 3220 528 et
3257 484 3361 528 ore
3405 473 3510 527 tuo
3549 469 3787 528 locutus

2126 569 2212 616 ea.
2241 560 2439 628 (Deut.
2485 575 2645 630 xxxv,
2698 559 2786 633 l0)
2816 561 2967 617 Cum
3012 562 3247 634 repetes
3291 574 3329 617 a
3375 560 3657 633 proximo
3680 564 3785 619 tuo

2124 661 2257 705 rem
2307 649 2596 723 aliquam,
2641 665 2832 724 quam
2870 649 3051 708 debet
3097 647 3228 723 tibi,
3256 663 3382 706 non
3435 649 3786 721 ingrediaris

2124 737 2381 797 domum
2406 739 2558 810 ejus,
2586 744 2653 795 ut
2694 739 2920 813 pignus
2970 739 3229 807 auferas,
3258 738 3365 795 sed
3393 738 3581 797 stabis
3612 737 3782 809 foris,

2122 828 2183 884 et
2206 826 2303 883 ille
2333 826 2437 883 tibi
2466 827 2726 900 proferet
2753 827 2925 903 quod
2950 826 3250 885 habuerit.
3279 828 3382 884 Sin
3409 831 3611 886 autem
3633 838 3785 901 pau-

2126 930 2234 988 per
2256 919 2365 988 est,
2383 932 2507 973 non
2530 916 2907 997 pernoctabit
2930 917 3096 991 apud
3118 917 3174 975 te
3191 917 3434 992 pignus.
3456 916 3565 975 sed
3582 917 3785 975 statim

2121 1004 2342 1062 reddes
2370 1005 2424 1062 ei
2455 1010 2594 1064 ante
2614 999 2759 1064 solis
2779 1019 3086 1077 occasum,
3104 1009 3171 1065 ut
3187 1006 3497 1065 dormiens
3516 1005 3581 1064 in
3603 1006 3786 1065 vesti-

2125 1099 2329 1152 mcnto
2360 1108 2473 1153 suo
2501 1096 2823 1154 benedicat
2862 1096 2987 1168 tibi,
3018 1096 3075 1153 et
3120 1097 3349 1154 habeas
3370 1094 3661 1170 justitiam
3689 1107 3785 1154 co-

2125 1198 2258 1243 ram
2288 1186 2542 1243 Domino
2573 1189 2692 1243 Deo
2722 1191 2848 1245 tuo.
2874 1190 3004 1244 Non
3032 1186 3287 1258 negabis
3328 1187 3670 1245 mercedem
3697 1187 3785 1244 in-

2124 1274 2407 1346 digentis,
2438 1280 2498 1333 et
2520 1277 2806 1350 pauperis
2835 1275 3031 1334 fratris
3079 1276 3188 1347 tui,
3215 1276 3341 1335 siVe
3373 1277 3646 1348 adventa,
3674 1277 3784 1351 qui

2125 1367 2325 1421 tecum
2356 1368 2625 1421 moratur
2652 1365 2716 1421 in
2743 1369 2919 1434 terra,
2954 1364 3065 1422 sed
3094 1364 3308 1423 eadem
3331 1364 3431 1422 die
3457 1365 3675 1423 reddes
3728 1366 3784 1424 ei

2124 1451 2384 1525 pretium
2411 1451 2636 1508 laboris
2684 1453 2782 1508 sui
2810 1456 2948 1510 ante
2997 1452 3142 1509 solis
3169 1464 3477 1510 occasum.
3518 1453 3690 1524 lbtd.,
3723 1466 3783 1511 υ.

359 1543 646 1601 morietur
688 1543 875 1601 homo
917 1544 1034 1614 ille,
1064 1549 1122 1602 et
1166 1546 1404 1603 auferes
1449 1547 1683 1605 malum
1709 1547 1786 1605 de
1810 1545 2012 1611 Israel,
2046 1558 2087 1613 Β
2129 1541 2218 1613 l6)
2244 1543 2372 1597 Non
2403 1539 2750 1597 occidantur
2776 1543 2980 1613 patres
3022 1538 3314 1614 proﬂliis,
3344 1554 3458 1599 nec
3511 1536 3619 1598 ﬁlii
3668 1550 3783 1615 pro

356 1636 733 1707 cunctasque
782 1633 1046 1707 populus
1097 1634 1351 1692 audiens
1396 1635 1646 1705 timebit,
1701 1639 1769 1692 ut
1798 1634 2015 1692 nullus

357 1721 644 1796 deinceps
669 1723 1029 1781 intumescat
1057 1725 1341 1797 superbia
1362 1726 1558 1797 (Deut.
1582 1738 1745 1794 xviii,
1772 1725 1876 1796 10).
1900 1727 2019 1780 Nec

356 1811 699 1869 inveniatur
723 1812 786 1869 in
818 1817 875 1869 te
900 1814 1009 1887 qui
1028 1813 1240 1871 lustret
1256 1814 1448 1872 ﬁlium
1469 1830 1673 1882 suum,
1684 1817 1790 1870 aut
1806 1812 2017 1884 ﬁliam,

361 1904 473 1958 aut
505 1902 613 1974 qui
633 1901 857 1959 ariolos
882 1902 1230 1974 sciscitatur,
1254 1906 1316 1960 et
1341 1903 1618 1961 observet
1644 1902 1901 1971 somnia,
1931 1906 2020 1960 at-

354 2004 482 2062 que
529 1989 808 2061 auguria,
840 2005 951 2048 nec
998 1990 1073 2047 sit
1124 1990 1460 2059 maleﬁcus,
1494 2005 1606 2047 nec
1661 1990 2017 2062 incantator,

354 2092 473 2137 nec
502 2078 800 2152 pythones
830 2078 1133 2147 consulat,
1163 2092 1276 2137 nec
1304 2079 1562 2149 divinos,
1593 2087 1614 2111 '
1636 2095 1748 2137 nec
1787 2083 2024 2153 quaeret

364 2183 406 2225 α
434 2168 688 2226 mortuis
717 2168 1053 2226 veritatem.
1076 2169 1276 2237 (Deut.
1312 2186 1435 2237 xix,
1457 2171 1547 2242 14)
1569 2173 1697 2226 Non
1722 2180 2020 2241 assumes,

356 2260 418 2314 et
445 2257 764 2315 transferes
794 2257 1084 2315 terminos
1117 2257 1381 2331 proximi
1426 2258 1529 2331 tui,
1554 2274 1713 2332 quos
1758 2258 2022 2314 ﬁxerunt

356 2346 587 2420 priores
633 2347 697 2404 in
736 2346 1120 2420 possessione
1148 2350 1273 2415 tua,
1303 2364 1491 2421 quam
1543 2347 1833 2405 Dominus
1865 2351 2019 2405 Deus

358 2439 498 2492 tuus
527 2434 700 2493 dabit
715 2435 824 2493 tibi
852 2436 1115 2501 interra,
1146 2450 1337 2510 quam
1364 2437 1665 2510 acceperis
1702 2436 2019 2511 possiden-

356 2524 524 2582 dam.
543 2527 673 2582 Non
703 2525 887 2583 stabit
910 2526 1076 2582 testis
1104 2542 1262 2583 unus
1289 2530 1498 2583 contra
1518 2525 1783 2601 aliquem
1806 2542 1820 2582 :
1843 2524 2021 2599 quid-

354 2613 507 2685 quid
542 2613 692 2669 illud
729 2613 991 2687 peccati,
1020 2618 1080 2673 et
1118 2614 1403 2672 facineris
1454 2615 1647 2680 fuerit,
1677 2615 1786 2672 sed
1813 2615 1876 2671 in
1905 2626 2010 2673 ore

361 2701 647 2774 duorum,
669 2707 776 2760 aut
800 2703 979 2760 trium
1007 2704 1249 2760 testium
1289 2704 1468 2762 stabit
1508 2720 1693 2763 omne
1721 2705 2017 2763 verbum:

360 2791 414 2848 si
439 2791 613 2851 fuerit
652 2791 820 2848 testis
867 2792 1141 2851 mendax
1166 2797 1383 2851 contra
1428 2794 1698 2868 aliquem
1725 2806 2026 2853 accusans

363 2896 527 2942 eum.
556 2880 585 2921 δ
611 2881 886 2953 Cumque
933 2881 1269 2939 invenerint
1295 2882 1513 2939 falsum
1542 2886 1755 2940 testem
1795 2883 2024 2940 dixisse
2052 2911 2098 2969 ρ

359 2972 570 3027 cenn‘e
594 2969 837 3027 fratrem
863 2982 1044 3029 suum
1068 2970 1477 3039 mendacium,
1508 2972 1763 3029 reddent
1791 2972 1842 3028 ei
1873 2972 2028 3029 sicut

360 3056 526 3115 fratri
576 3073 687 3115 suo
732 3058 939 3118 facere
992 3060 1298 3132 cogitavit.
1360 3061 1556 3131 (Deut.
1610 3077 1752 3130 nn,
1798 3062 1848 3134 5)
1897 3065 2028 3119 Non

357 3147 642 3205 induatur
670 3149 894 3209 mulier
930 3155 1095 3207 veste
1141 3150 1318 3220 virili,
1343 3166 1455 3209 nec
1500 3151 1591 3208 vir
1626 3155 1824 3209 utetur
1864 3158 2027 3211 veste

356 3236 620 3296 feminea
650 3257 666 3296 :
697 3239 1128 3298 abominabilis
1156 3240 1320 3297 enim
1369 3241 1538 3315 apud
1566 3242 1755 3298 Deum
1799 3246 1893 3300 est
1920 3241 2028 3316 qui

356 3325 502 3387 iacit
524 3328 676 3386 hinc.
702 3330 767 3397 (Ι
769 3330 911 3400 bid,
948 3346 1008 3387 υ.
1031 3330 1121 3402 22)
1152 3329 1211 3385 Si
1236 3330 1548 3388 dormierit
1565 3331 1656 3388 vir
1674 3342 1814 3389 cum
1839 3346 2051 3389 uxore-

353 3415 620 3482 alterius,
655 3420 908 3490 uterque
944 3418 1257 3487 morietur,
1287 3418 1349 3475 id
1386 3421 1477 3475 est
1516 3419 1754 3477 adulter
1779 3423 1836 3477 et
1862 3418 2030 3477 adul-

356 3508 505 3563 tera.
540 3506 600 3563 Si
627 3505 894 3578 puellam
916 3506 1217 3577 virginem
1242 3506 1638 3581 desponderit
1665 3508 1757 3565 vir
1780 3512 1842 3566 et
1866 3508 2030 3566 inve-

353 3594 510 3653 nerit
544 3608 685 3652 eam
733 3595 950 3669 aliquis
976 3596 1042 3653 in
1067 3597 1335 3667 civitate,
1356 3602 1417 3655 et
1452 3597 1845 3656 concubuerit
1882 3613 2026 3657 cum

351 3683 477 3752 illa,
509 3685 733 3742 educes
778 3689 1106 3759 utrumque
1157 3686 1249 3744 ad
1277 3692 1518 3760 portam
1568 3687 1819 3745 civitatis
1843 3688 2024 3759 illius,

348 3777 412 3831 et
431 3772 745 3846 lapidibus
790 3773 1174 3844 obruentur;
1204 3775 1428 3849 puella,
1457 3775 1601 3848 quia
1626 3791 1750 3832 non
1793 3774 2023 3835 clama-

352 3862 458 3934 vit,
504 3879 650 3920 cum
694 3868 848 3921 esset
894 3863 957 3919 in
1000 3863 1285 3933 civitate;
1329 3864 1439 3945 vir,
1488 3864 1633 3937 quia
1687 3864 2026 3924 humiﬁavit

352 3967 604 4010 uxorem
624 3953 886 4026 proximi
911 3953 1025 4010 sui.
1050 3954 1248 4025 (Deut.
1276 3970 1444 4021 xxiii,
1464 3954 1517 4027 9)
1550 3954 1805 4020 Quando
1823 3968 2022 4027 egres-

350 4056 458 4099 sus
482 4042 669 4099 fueris
698 4042 999 4101 adversus
1030 4043 1235 4100 hostes
1261 4047 1394 4099 tuos
1416 4042 1481 4099 in
1510 4057 1806 4116 pugnam,
1826 4048 2024 4101 custo-

346 4131 479 4189 dias
504 4136 562 4190 te
584 4132 668 4190 ab
700 4133 867 4190 omni
895 4149 959 4191 re
986 4132 1173 4190 male.
1199 4133 1258 4189 Si
1282 4132 1455 4189 fuerit
1481 4132 1636 4189 inter
1668 4144 1783 4189 vos
1812 4133 2018 4200 homo,

2126 1628 2422 1703 patribus,
2454 1629 2561 1686 sed
2588 1629 3007 1703 unusquisque
3032 1640 3145 1703 pro
3199 1640 3309 1687 suo
3361 1633 3610 1703 peccato
3657 1641 3787 1688 mo-

2126 1717 2483 1776 rietur..Non
2514 1723 2818 1792 pervertes
2837 1718 3136 1790 judicium
3157 1718 3427 1786 advena,
3455 1721 3515 1776 et
3539 1718 3783 1792 pupilli;

2124 1823 2238 1864 nec
2286 1807 2522 1864 auferas
2576 1807 2845 1881 pignoris
2895 1807 3031 1865 loco
3080 1804 3282 1865 vidum
3334 1807 3781 1865 Vestimentum.

2128 1896 2385 1963 Quando
2413 1897 2740 1954 messueris
2768 1900 3032 1969 segetem
3059 1897 3123 1953 in
3150 1908 3299 1969 egro
3325 1901 3449 1970 tuo,
3477 1894 3538 1954 et
3563 1891 3783 1953 oblitus

2131 1987 2512 2062 manipulum
2532 1988 2864 2063 reliqueris,
2878 2000 3005 2046 non
3017 1985 3331 2046 reverteris
3350 1991 3420 2045 ut
3433 1986 3607 2045 tolles
3619 1998 3761 2044 eum
3764 2028 3786 2061 ,

2127 2077 2236 2135 sed
2264 2078 2591 2147 advenam,
2620 2084 2679 2137 et
2704 2079 3026 2154 pupillum,
3053 2076 3108 2137 et
3139 2079 3391 2137 viduam
3416 2078 3664 2154 petieris
3685 2090 3791 2136 au-

2127 2166 2300 2226 ferre.
2331 2170 2389 2227 Si
2413 2169 2895 2227 vendemiaveris
2920 2171 3159 2229 vineam
3179 2175 3379 2241 tuam;
3399 2181 3526 2227 non
3544 2168 3789 2242 colliges

2112 2258 2511 2316 "remanentee
2541 2270 2841 2326 racemus,
2859 2260 2966 2317 sed
2995 2260 3212 2318 cedent
3240 2257 3303 2318 in
3333 2270 3485 2317 usus
3516 2258 3789 2330 advenae,

2129 2348 2344 2423 pupilli
2367 2362 2443 2405 ac
2468 2349 2684 2407 vidum.
2719 2350 2917 2422 (Deut.
2942 2361 3079 2425 xxv,
3110 2350 3162 2423 l)
3187 2349 3246 2407 Si
3273 2346 3452 2407 fuerit
3481 2360 3668 2406 causa
3701 2347 3791 2405 in-

2129 2439 2220 2496 ter
2248 2437 2506 2512 aliquos,
2532 2442 2593 2495 et
2638 2436 3143 2513 interpellaverint
3176 2438 3438 2509 iudices,
3468 2448 3652 2512 quem
3691 2434 3791 2510 jn-

2130 2531 2296 2584 etutn
2342 2542 2476 2585 esse
2525 2530 2953 2602 perspexerint,
2992 2522 3079 2585 illi
3102 2524 3347 2601 justitiat
3387 2527 3657 2601 palmam
3684 2526 3795 2584 da-

2130 2616 2322 2687 bunt;
2354 2628 2538 2690 quem
2567 2615 2845 2691 imptum,
2891 2614 3393 2675 condamnabunt
3432 2614 3793 2690 impietatis;

2130 2705 2227 2762 sin
2256 2709 2460 2763 autem
2480 2718 2623 2763 eum
2654 2706 2758 2780 qui
2783 2707 3077 2781 peccavit,
3099 2707 3357 2778 dignum
3387 2703 3645 2762 viderint
3670 2703 3797 2779 pla-

2132 2795 2224 2864 gis
2246 2798 2646 2868 prosternant,
2669 2799 2727 2852 et
2752 2806 2960 2853 coram
2991 2810 3056 2852 ee
3082 2793 3299 2852 facient
3323 2792 3662 2851 verberari:
3685 2804 3797 2867 pro

2132 2892 2422 2939 mensura
2446 2883 2677 2956 peccati
2698 2884 2825 2953 erit,
2843 2888 2904 2940 at
2925 2878 3254 2956 plagarum
3276 2881 3516 2951 modus,
3539 2881 3625 2939 ita
3644 2880 3799 2939 dun-

2134 2972 2320 3045 texat,
2335 2972 2400 3030 ut
2419 2972 2974 3047 quadragenarium
2993 2984 3319 3030 numerum
3333 2980 3459 3029 non
3479 2969 3795 3030 excedant.

2134 3062 2328 3136 (Deut.
2355 3074 2473 3119 xxv
2509 3066 2612 3132 13).
2669 3064 2800 3119 Non
2848 3056 3105 3119 habebis
3152 3061 3215 3118 in
3262 3060 3504 3118 saeculo
3555 3061 3800 3120 diversa

2132 3152 2426 3226 pondera,
2457 3151 2658 3224 majus
2700 3154 2758 3209 et
2805 3148 3027 3223 minus,
3056 3166 3169 3209 nec
3211 3149 3321 3209 erit
3368 3150 3432 3208 in
3474 3150 3662 3209 domo
3691 3150 3800 3211 tua

2130 3240 2377 3299 modius
2397 3241 2614 3314 major,
2639 3244 2696 3298 et
2723 3241 2923 3297 minor
2951 3254 2969 3298 :
3001 3239 3245 3315 pondus
3272 3234 3529 3298 habebis
3561 3239 3799 3313 justum

2135 3333 2193 3387 et
2236 3340 2469 3387 verum.
2522 3329 2924 3387 Abominatur
2967 3330 3132 3387 enim
3179 3329 3471 3387 Dominus
3516 3341 3659 3387 eum
3687 3330 3795 3405 qui

2134 3418 2276 3476 facit
2302 3419 2451 3488 haec,
2476 3423 2538 3477 et
2568 3423 2882 3476 aversetur
2908 3430 3156 3476 omnem
3181 3417 3560 3491 injustittam.

2202 3511 2288 3565 De
2318 3508 2469 3567 libro
2496 3511 2693 3567 Jews.
2722 3516 2748 3547 ο
2774 3511 3044 3566 Benene.
3076 3509 3278 3577 (Josue
3303 3510 3462 3578 xxiv,
3493 3506 3635 3574 Mt,
3656 3504 3797 3579 etc.)

2136 3594 2289 3656 Dixit
2314 3594 2496 3656 Joeue
2520 3599 2657 3655 aliis
2688 3593 2868 3656 Israel
2895 3615 2908 3655 :
2937 3599 3161 3657 Timete
3211 3596 3557 3671 Dominum,
3588 3601 3649 3656 et
3674 3608 3799 3657 ser-

2134 3688 2254 3745 vite
2277 3689 2336 3745 et
2370 3687 2634 3762 perfecto
2662 3688 2863 3756 corde,
2900 3692 3081 3762 atque
3125 3688 3462 3759 verissimo,
3493 3688 3552 3747 et
3574 3685 3798 3746 auferte

2130 3777 2302 3846 deos,
2315 3776 2542 3849 quibus
2570 3776 2906 3832 servierunt
2933 3780 3133 3848 patres
3156 3774 3356 3832 vestri.
3385 3773 3593 3845 (Ibid,
3620 3787 3680 3835 υ.
3700 3776 3795 3850 25)

2131 3863 2371 3922 Auferte
2398 3864 2547 3921 deos
2588 3863 2818 3920 alienos
2845 3863 2923 3919 de
2950 3858 3155 3920 medie
3198 3860 3795 3931 νθειιδι,θι1ῑιαὶὶιιαιθ

2132 3954 2321 4012 corda
2341 3957 2541 4010 vestra
2569 3947 2649 4010 ad
2674 3946 3000 4011 Dominum
3021 3953 3211 4009 Deum
3238 3947 3441 4010 Israel.

2204 4046 2286 4100 De
2304 4038 2480 4099 Libro
2525 4043 2739 4100 aecus.
2775 4037 2927 4099 Dixit
2971 4039 3214 4100 Samuel
3241 4038 3556 4116 propheta.
3589 4037 3624 4099 1
3642 4037 3789 4116 Reg.

2127 4145 2227 4202 xv,
2254 4132 2348 4204 22)
2376 4131 2577 4190 letter
2628 4130 2717 4189 est
2750 4131 2917 4189 enim
2971 4130 3340 4203 obedientia,
3372 4141 3563 4206 quam
3614 4126 3788 4190 victi-

351 4222 458 4295 qui
488 4226 798 4280 nocturno
826 4223 1094 4297 pollutus
1120 4223 1198 4279 sit
1224 4222 1482 4294 somnio,
1499 4222 1835 4293 egredietur
1846 4228 2020 4282 extra
2046 4272 2094 4297 ἢ
2128 4234 2270 4292 mea,
2311 4224 2372 4278 et
2404 4216 2747 4279 auscultare
2798 4221 2995 4293 magis
3041 4230 3235 4294 quem
3288 4218 3502 4279 offerre
3542 4215 3787 4296 adipem

2045 4272 2094 4329 D

347 4315 572 4379 casus,
605 4315 818 4369 etnon
842 4316 1194 4381 revertetur,
1216 4313 1575 4386 priusquam
1599 4311 1683 4369 ad
1700 4326 2018 4387 vesperam
2045 4306 2094 4329 "
2125 4312 2421 4381 existim;
2453 4311 2746 4385 quoniam
2767 4311 2949 4387 quasi
2975 4312 3298 4386 peccatum
3350 4306 3646 4369 ariolandi
3672 4310 3783 4382 est,

345 4400 581 4459 lavetur
609 4415 793 4476 aqua.
821 4404 1020 4475 (Ibid,
1040 4419 1098 4461 υ.
1129 4407 1217 4471 l5)
1248 4407 1374 4461 Non
1403 4403 1606 4461 trades
1630 4416 1878 4461 servum
1906 4406 2018 4463 Do-

349 4490 521 4548 mino
553 4508 685 4561 suo,
721 4493 834 4566 qui
862 4493 944 4550 ad
972 4497 1030 4550 te
1058 4492 1421 4564 confugerit,
1451 4493 1557 4549 sed
1595 4493 1892 4551 habitavit
1939 4498 2019 4552 te-

348 4596 495 4638 cum
523 4580 585 4638 in
615 4581 771 4647 loco,
795 4581 907 4655 qui
934 4581 989 4638 ei
1018 4581 1336 4654 placuerit,
1362 4592 1476 4638 nec
1515 4581 1829 4638 contristes
1850 4590 2013 4641 eum.
2098 4624 2103 4629 ς

2122 4410 2487 4477 repugnare,
2514 4406 2573 4459 et
2616 4404 2795 4476 quasi
2840 4401 3037 4460 scelus
3083 4396 3455 4471 idololatrias,
3486 4398 3647 4460 nolle
3685 4409 3786 4459 ac-

2121 4488 2636 4638 magiam
2666 4579 2803 4653 (ne.
2835 4588 2895 4651 v,
2936 4577 3030 4655 2!)
3058 4578 3155 4638 Vae
3180 4575 3289 4657 qui
3341 4575 3616 4655 potentes
3636 4571 3781 4638 estis

350 4673 483 4727 Non
516 4670 629 4727 erit
649 4670 930 4728 meretrix
956 4670 1035 4727 de
1064 4670 1307 4727 ﬁliabus
1333 4669 1537 4742 israat,
1562 4680 1765 4745 neque
1790 4675 2016 4730 eccm
2117 4668 2203 4727 ed
2224 4663 2563 4727 bibendam
2601 4666 2840 4737 vinum,
2870 4671 2929 4728 et
2951 4666 3063 4726 viri
3084 4667 3267 4728 fortes
3295 4662 3373 4727 ad
3398 4662 3777 4726 miscendam

351 4762 463 4816 tor.
487 4762 617 4816 Non
641 4759 939 4818 fenerabis
960 4759 1134 4817 fratri
1165 4764 1270 4816 tuo
1296 4758 1375 4816 ad
1390 4772 1641 4817 usuram
1669 4761 2011 4834 pecuniam,
2115 4759 2490 4817 ebrietatem.

348 4864 463 4905 nec
491 4848 714 4921 fruges,
742 4865 857 4906 nec
906 4848 1243 4922 quamlibet
1266 4848 1450 4906 aliam
1490 4860 1642 4907 rem.
1697 4852 1880 4908 nstri
1910 4855 2014 4909 tuo
2191 4846 2535 4906 Secundum
2566 4850 2878 4918 Marullum,
2906 4846 3151 4921 (Παιιλ.
3172 4858 3258 4918 ιιι,
3284 4840 3773 4918 2)Paenltantiam

346 4938 585 5012 absque
630 4954 836 5008 usura,
868 4938 931 4995 id
974 4938 1142 5011 quod
1181 4938 1429 5011 indiget,
1475 4934 1918 5014 commodabit,
1944 4944 2016 5000 at
2116 4934 2276 5012 agite
2322 4955 2336 4995 :
2382 4938 2900 5013 appmpinquabit
2942 4936 3104 4996 enim
3156 4948 3413 5011 regnum
3454 4934 3769 4998 caelorum.

346 5026 671 5086 benedioat
696 5026 801 5084 tibi
830 5026 1124 5084 Dominus
1152 5029 1311 5083 Deus
1341 5030 1480 5084 tuus
1525 5026 1591 5085 in
1635 5029 1803 5086 omni
1830 5036 2013 5103 opere
2112 5029 2321 5103 (Ibid,
2348 5038 2408 5085 υ.
2439 5029 2496 5100 8)
2522 5024 2716 5086 Facite
2740 5036 2887 5099 ergo
2908 5025 3172 5086 ﬂuctum
3197 5022 3454 5101 dignum
3478 5024 3772 5104 pauitan-

347 5120 476 5174 tuo.
506 5117 657 5173 Cum
681 5120 893 5175 votum
915 5115 1151 5175 voveris
1172 5115 1430 5173 Domino
1455 5118 1579 5174 Deo
1596 5120 1722 5187 tuo,
1746 5126 1872 5176 non
1898 5122 2013 5176 tar-
2111 5119 2233 5177 ttat
2267 5118 2507 5192 (usus.
2528 5133 2587 5191 v,
2620 5114 2709 5187 ιθ)
2732 5117 2855 5174 Vos
2878 5115 3022 5175 estis
3046 5114 3140 5176 sal
3161 5118 3349 5176 terra.
3388 5114 3566 5187 Quod
3594 5112 3647 5173 si
3672 5111 3770 5174 sal

350 5205 530 5264 dabis
556 5206 831 5278 reddere,
861 5206 1007 5280 quia
1053 5205 1318 5279 requiret
1356 5205 1510 5262 illud
1542 5207 1828 5264 Dominus
1856 5202 2010 5266 Deus
2108 5207 2427 5267 evenirent
2447 5208 2514 5265 in
2537 5214 2668 5282 quo
2694 5206 2937 5266 satietur
2958 5204 2989 5266 ν
3010 5204 3216 5282 (Ibid,
3238 5218 3300 5268 υ.
3322 5204 3409 5281 ιο)
3444 5206 3542 5263 Sic
3567 5204 3768 5264 luceat

422 5359 448 5427 ξ
482 5350 633 5427 god.
661 5357 746 5427 set
774 5355 1004 5423 quaerat
1034 5350 1162 5427 [per
1186 5365 1448 5427 errorem
1474 5349 1725 5427 utique]
2117 5370 2301 5413 causa
2326 5360 2430 5427 est,
2459 5359 2600 5413 ante
2614 5355 2936 5427 Dominum
2956 5356 3027 5427 in
3045 5357 3360 5427 compegit:
3387 5350 3766 5410 sacerdotum

424 5421 583 5499 [llic
597 5438 706 5495 per
718 5416 1122 5499 Amanuens'is
1142 5416 1612 5499 imprudentiam
1627 5416 1846 5499 desunt
1861 5434 2010 5482 non-
2110 5433 2174 5484 φτ
2201 5416 2494 5498 iudicum,
2519 5426 2625 5499 qui
2642 5426 2881 5499 fuerint
2907 5427 2973 5483 in
2997 5416 3202 5499 diebus
3220 5416 3368 5499 illis,

424 5443 453 5462 υ
484 5443 583 5478 ulc
597 5443 706 5495 per
718 5443 1122 5478 amanuensw
1142 5443 1612 5493 lmpmueuuam
1627 5443 1846 5480 (Iesum
1861 5443 2010 5482 non.
2110 5443 2174 5484 Et
2201 5443 2494 5498 marcum,
2556 5443 2622 5483 ut
2642 5443 2881 5499 [uenat
2907 5443 2973 5483 ιη
2997 5443 3202 5483 atauus
3220 5443 3368 5481 mw.

354 5491 540 5562 nulla,
571 5510 711 5575 quas
742 5508 818 5575 es
840 5493 1143 5575 Scriptura
1163 5492 1316 5575 ipsa,
1348 5492 1554 5575 [iactor
1580 5493 1880 5575 suppleat,
1900 5508 2007 5553 ne-
2110 5560 2137 5575 _‘
2174 5501 2204 5575 _'
2242 5499 2372 5575 Quo
2414 5443 2646 5575 spegztet
2680 5500 2805 5558 rex
2846 5498 2980 5572 haec
3023 5494 3303 5573 ictuum.
3340 5493 3622 5572 ignorare
3657 5504 3765 5567 me

353 5576 519 5623 cessa
538 5563 648 5629 est.
668 5566 817 5625 Sunt
837 5563 1020 5640 porro
1045 5564 1163 5641 ista
1186 5563 1208 5623 Ξ
1232 5563 1495 5626 Stabunt
1512 5563 1723 5641 mea;
1744 5563 2001 5642 quorum
2109 5563 2318 5630 am.
