4160 6186
427 115 560 182 ι431

1524 79 1587 165 δέ
1621 105 1990 164 PRUDENTII
2027 102 2400 163 TRECENSIS
2453 107 2768 166 EPlSCOPl

3725 108 3744 161 ι
3759 107 3864 161 432

423 229 530 294 lux
558 237 758 292 vestra
775 248 984 290 coram
1006 231 1384 302 hominibus,
1403 235 1468 288 ut
1493 231 1739 288 videant
1767 233 1960 285 vestra
1987 227 2092 283 bo-
2120 233 2165 285 Α
2208 231 2422 288 Omnia
2451 247 2592 300 ergo
2617 245 2998 304 quacunque
3023 227 3202 284 vultis
3226 231 3288 284 ut
3305 226 3532 284 faciant
3557 228 3728 284 vobis
3752 230 3874 286 ho-

426 343 510 385 na
533 341 741 400 opera,
771 327 827 379 et
859 321 1192 393 gloriﬁcent
1224 326 1457 380 Patrem
1503 326 1786 378 vestrum.
1819 319 1998 386 112121.,
2033 334 2086 373 υ.

435 416 522 487 19)
551 413 659 481 Qui
689 411 852 469 enim
877 409 1119 467 solverit
1145 427 1339 468 unum
1370 411 1446 468 de
1491 408 1794 467 mandatis
1822 407 1952 464 istis
1980 405 2093 462 mi-

429 502 633 573 nimis,
650 504 708 558 et
737 499 1006 556 docuerit
1030 499 1115 557 sic
1144 499 1443 571 homines,
1468 499 1754 556 minimus
1781 495 2097 554 vocabitur

432 594 497 651 in
524 607 714 663 regno
743 590 1034 647 cmlorum
1062 607 1076 659 ;
1111 590 1214 663 qui
1259 594 1461 647 autem
1493 589 1695 645 fecerit
1723 592 1780 644 et
1806 585 2092 652 docuerit,

431 683 531 740 hic
577 695 842 751 magnus
902 678 1218 735 vocabitur
1264 679 1326 735 in
1379 693 1568 748 regno
1616 665 2098 734 ccelorum..Nisi

435 768 838 829 abundaverit
860 767 1096 839 justitia
1119 773 1322 824 vestra
1350 767 1488 840 plus
1517 782 1703 839 quam
1756 764 2098 822 Scribarum

437 865 496 918 et
524 857 981 920 Pharisaeorum,
1014 871 1138 913 non
1183 855 1479 912 intrahitis
1529 855 1590 910 in
1631 869 1888 924 regnum
1926 851 2102 908 caelo-

438 964 597 1006 rum.
618 947 851 1004 Dictum
873 950 962 1002 est
993 945 1257 1018 antiquis
1279 964 1292 1001 :
1313 948 1442 1001 Non
1471 943 1741 1009 occides;
1775 939 1878 1014 qui
1901 945 2100 997 autem

444 1035 748 1106 occiderit,
780 1051 918 1091 reus
947 1034 1056 1091 erit
1075 1034 1321 1106 judicio.
1353 1040 1370 1063 ⁸
1401 1033 1459 1090 Si
1487 1048 1628 1103 ergo
1655 1031 1858 1102 (Ibid.,
1877 1034 2018 1098 v,23
2051 1035 2104 1086 et

443 1123 589 1195 seq.)
619 1121 834 1179 offeres
863 1137 1089 1178 munus
1136 1125 1307 1178 tuum
1337 1121 1418 1178 ad
1463 1122 1667 1188 altare,
1701 1123 1758 1175 et
1796 1119 1880 1175 ibi
1910 1134 2106 1174 recor-

449 1212 630 1269 datus
658 1211 840 1268 fueris
870 1211 1037 1284 quod
1058 1211 1244 1269 frater
1275 1215 1409 1268 tuus
1433 1210 1616 1268 habet
1639 1208 1868 1281 aliquid
1896 1207 2109 1264 adver-

450 1317 587 1358 sum
617 1305 694 1370 te,
740 1300 1010 1373 relinque
1061 1301 1145 1357 ibi
1185 1316 1410 1358 munus
1441 1305 1613 1357 tuum
1644 1303 1784 1355 ante
1821 1297 2029 1366 altare,
2055 1301 2113 1353 et

449 1389 608 1446 vade
635 1389 804 1463 prius
839 1389 1218 1446 reconciliari
1247 1389 1413 1447 fratri
1440 1393 1563 1459 tuo,
1593 1391 1650 1445 et
1693 1391 1835 1443 tunc
1868 1386 2109 1442 veniens

436 1478 666 1543 ,oﬁ'eres
693 1494 920 1537 munus
953 1481 1149 1535 tuum.
1182 1481 1321 1534 Esto
1353 1477 1736 1534 consentiens
1767 1474 2112 1531 adversario

2206 320 2418 390 mines,
2440 327 2496 377 ot
2514 337 2622 377 vos
2644 320 2818 376 facite
2840 319 2970 374 illis.
3006 321 3222 374 Intrate
3242 332 3350 390 per
3379 320 3707 387 angustam
3725 334 3868 391 por-

2206 413 2348 466 tam.
2378 426 2515 482 quae
2540 409 2700 465 ducit
2722 409 2801 465 ad
2828 408 3035 464 vitam.
3070 406 3311 475 (Matth.
3335 422 3397 472 x,
3421 409 3478 474 9)
3509 403 3698 463 Nolite
3728 423 3865 478 pos-

2207 497 2398 552 sidere
2429 513 2666 565 aurum,
2711 512 2906 569 neque
2937 498 3274 564 argentum,
3305 509 3505 566 neque
3535 494 3874 566 pecuniam

2208 587 2269 642 in
2298 587 2460 643 zonis
2504 587 2752 656 vestris;
2785 602 2909 642 non
2953 601 3163 658 peram
3219 583 3280 640 in
3325 584 3441 652 via,
3476 599 3674 657 neque
3709 584 3876 640 duas

2207 676 2462 742 tunicas,
2506 691 2704 749 neque
2753 675 3180 744 calceamenta,
3226 689 3424 746 neque
3473 672 3752 744 virgam;
3789 673 3881 729 di-

2210 780 2364 836 gnus
2394 768 2482 822 est
2505 765 2665 821 enim
2695 763 3004 837 operarius
3024 763 3160 819 cibo
3189 778 3321 819 suo.
3345 763 3538 833 (lbid.,
3562 777 3618 818 υ.
3645 763 3742 834 28)
3765 765 3878 818 Νο-

2210 853 2306 909 lite
2338 855 2542 910 timcre
2570 870 2695 924 eos,
2727 854 2832 927 qui
2861 853 3142 910 occidunt
3188 867 3429 926 corpus,
3462 851 3740 908 animam
3775 867 3881 908 au-

2212 948 2332 1000 tem
2362 959 2484 1000 non
2506 948 2760 1017 possunt
2780 942 3050 999 occidere
3076 959 3088 997 :
3114 940 3220 998 sed
3245 941 3446 1014 potius
3463 956 3609 997 eum
3648 941 3879 1010 timete,

2213 1033 2318 1105 qui
2346 1036 2542 1106 potest
2572 1032 2838 1089 animam
2888 1035 2945 1088 et
2992 1047 3211 1105 corpus
3239 1030 3489 1104 perdere
3544 1030 3607 1085 in
3656 1031 3882 1101 gehen-

2215 1137 2379 1178 nam.
2409 1121 2600 1192 (lbid.,
2624 1137 2676 1178 v.
2708 1121 2794 1192 37)
2823 1120 2933 1187 Qui
2961 1125 3128 1177 amat
3157 1124 3412 1193 patrem,
3465 1124 3570 1176 aut
3615 1122 3880 1176 matrem

2217 1209 2352 1283 plus
2382 1227 2568 1283 quam
2595 1226 2713 1278 me,
2745 1226 2869 1266 non
2922 1214 3010 1266 est
3033 1225 3130 1265 me
3181 1209 3428 1280 dignus,
3461 1212 3519 1265 et
3560 1209 3663 1280 qui
3703 1211 3883 1265 amat

2219 1299 2433 1370 ﬁlium,
2462 1305 2567 1356 aut
2612 1300 2798 1356 tiliam
2827 1315 3008 1373 super
3054 1314 3174 1369 me,
3201 1314 3326 1355 non
3367 1302 3458 1355 est
3504 1314 3604 1354 me
3633 1297 3882 1368 dignus.

2223 1389 2412 1461 (lbid.,
2433 1405 2486 1446 υ.
2509 1390 2596 1462 40)
2621 1389 2729 1455 Qui
2757 1389 2966 1462 recipit
2989 1404 3118 1450 vos,
3148 1403 3244 1444 me
3273 1387 3501 1460 recipit.
3524 1387 3888 1459 Quicunque

2220 1483 2432 1551 potum
2458 1477 2688 1534 dederit
2717 1477 2819 1533 uni
2844 1493 2916 1534 ex
2947 1476 3215 1533 minimis
3260 1476 3387 1533 istis
3427 1476 3681 1532 calicem
3710 1490 3887 1548 aquae

449 1571 556 1625 tuo
585 1567 701 1625 cito
730 1568 879 1624 dum
909 1583 973 1622 es
1002 1566 1066 1623 in
1089 1566 1190 1623 via
1217 1582 1357 1623 cum
1405 1583 1496 1623 eo.
1524 1565 1717 1634 (lbid.,
1751 1581 1805 1621 v.
1840 1564 1950 1634 28).
1983 1565 2114 1621 Om-
2145 1586 2185 1640 Β
2225 1565 2476 1636 frigidae,
2504 1583 2682 1622 amen
2735 1566 2871 1623 dico
2915 1565 3069 1621 vibis
3113 1581 3236 1622 non
3282 1564 3493 1637 perdet
3539 1563 3890 1620 mercedem
3963 1629 3969 1633 ε

451 1655 569 1726 nis,
627 1655 734 1728 qui
784 1654 999 1711 viderit
1050 1654 1366 1712 mulierem
1426 1654 1504 1711 ad
1563 1653 2116 1726 concupiscendum

451 1760 611 1814 eam,
639 1745 770 1815 jam
795 1745 1134 1802 moechatus
1162 1749 1252 1802 est
1280 1760 1417 1801 eam
1450 1744 1512 1800 in
1541 1743 1722 1800 corde
1753 1759 1882 1800 suo.

527 1834 719 1906 (lbid.,
750 1849 807 1889 υ.
835 1833 924 1904 32)
947 1834 1059 1899 Qui
1088 1833 1381 1891 dimiserit
1407 1849 1659 1890 uxorem
1687 1849 1886 1900 suam,
1912 1848 2118 1904 excep°

454 1927 520 1981 ta
542 1920 957 1979 fornicationis
990 1938 1200 1987 causa,
1238 1923 1382 1980 facit
1410 1938 1547 1980 eam
1591 1922 1902 1985 moechari,
1935 1926 1992 1978 et
2017 1919 2122 1988 qui

443 2010 785 2076 dimissam
815 2010 1051 2067 duxerit
1074 2011 1388 2072 adulterat.
1434 2012 1666 2068 Dictum
1693 2014 1783 2068 est
1812 2010 2073 2084 antiquis
2105 2038 2118 2076 ;

460 2104 591 2158 Non
617 2100 961 2173 perjurabis
986 2119 999 2170 ;
1024 2101 1239 2158 reddes
1270 2105 1475 2158 autem
1500 2101 1753 2157 Domino
1778 2101 2124 2173 juramenta

462 2193 588 2246 tua.
621 2192 750 2247 Non
781 2190 985 2262 jurare
1032 2190 1305 2262 omnino,
1337 2207 1536 2265 neque
1565 2207 1673 2264 per
1702 2190 1942 2260 caelum,
1979 2188 2126 2262 quia

462 2277 719 2335 thronus
748 2277 851 2333 Dei
894 2280 1015 2348 est;
1042 2293 1240 2352 neque
1286 2294 1394 2352 per
1436 2285 1679 2349 terram,
1709 2277 1852 2351 quia
1899 2276 2126 2334 scabel-

463 2366 592 2423 lum
620 2365 850 2440 pedum
879 2367 1012 2439 ejus
1040 2371 1129 2424 est
1156 2386 1170 2439 ;
1203 2383 1400 2442 neque
1426 2384 1533 2442 per
1564 2374 1746 2442 caput
1770 2373 1942 2424 tuum
1964 2367 2126 2438 jura-

465 2453 604 2524 bis;
638 2455 712 2514 sit
753 2458 956 2512 autem
983 2471 1181 2512 sermo
1224 2461 1439 2520 vester,
1474 2460 1582 2527 est,
1639 2459 1726 2512 est
1757 2475 1769 2512 :
1798 2471 1923 2512 non
1965 2470 2123 2523 non;

466 2544 635 2617 quod
698 2547 902 2601 autem
953 2544 1047 2601 his
1113 2545 1522 2602 abundantius
1571 2549 1678 2615 est,
1727 2562 1763 2602 a
1806 2545 1967 2602 malo
2012 2549 2122 2601 est.

469 2631 662 2702 (lbid,,
693 2647 750 2689 υ.
785 2633 874 2705 39)
905 2635 1033 2688 Non
1061 2633 1334 2691 resistere
1375 2633 1536 2690 malo
1570 2651 1582 2689 :
1623 2634 1671 2690 si
1700 2633 1837 2706 quis
1893 2637 1947 2690 te
1995 2649 2125 2706 per-

473 2719 724 2775 cusserit
754 2718 817 2774 in
845 2719 1156 2776 dexteram
1186 2721 1520 2789 maxillam,
1549 2721 1752 2794 praebe
1783 2721 1864 2777 illi
1896 2727 1952 2778 et
1984 2721 2126 2778 alte-

471 2823 624 2864 ram.
672 2808 739 2863 Et
765 2807 839 2874 ei,
870 2807 977 2881 qui
1004 2807 1132 2865 vult
1161 2812 1358 2866 tecum
1403 2809 1630 2882 judicio
1659 2809 2038 2878 contendere,
2073 2814 2132 2867 et

471 2895 739 2954 tunicam
763 2900 932 2954 tuam
961 2896 1185 2969 tollere,
1215 2897 1441 2956 dimitte
1469 2898 1522 2957 ei
1543 2903 1600 2956 et
1625 2899 1911 2973 pallium;
1940 2904 1998 2956 et
2023 2898 2129 2972 qui

438 3055 444 3060 _
471 2989 528 3044 te
549 2985 953 3057 angariaverit
972 2986 1133 3045 mille
1158 3003 1399 3061 passus,
1429 2988 1585 3046 vade
1621 3005 1760 3045 cum
1785 2989 1886 3046 illo
1913 2993 1969 3047 et
2014 2977 2199 3056 alia,u

471 3073 616 3132 duo.
653 3075 764 3142 Qui
788 3075 935 3148 petit
963 3091 1000 3134 a
1026 3081 1103 3145 te,
1135 3076 1216 3134 da
1244 3078 1318 3150 ei,
1351 3077 1574 3135 volenti
1604 3078 1865 3135 mutuari
1891 3083 2026 3148 ate,
2055 3093 2131 3134 ne

473 3164 782 3223 averteris.
815 3165 1058 3237 (Matth.
1088 3183 1147 3233 v,
1177 3170 1269 3235 44)
1298 3167 1527 3238 Diligite
1575 3167 1848 3224 inimicos
1877 3171 2130 3239 vestros,

473 3252 810 3311 benefacite
858 3253 952 3310 his
980 3255 1085 3329 qui
1115 3255 1375 3314 oderunt
1404 3273 1514 3313 vos
1543 3275 1554 3314 :
1590 3261 1648 3314 et
1673 3261 1839 3315 orate
1867 3273 1978 3331 pro
2006 3274 2136 3331 per-

476 3341 892 3416 sequentibus,
921 3347 980 3401 et
1008 3344 1523 3402 calumniantibus
1570 3362 1680 3402 vos
1711 3347 1901 3418 (Ibz'd.,
1934 3363 1988 3404 v.
2016 3349 2130 3406 48).

475 3433 672 3488 Estote
715 3447 859 3503 ergo
912 3448 1018 3490 vos
1069 3434 1335 3506 perfecti,
1383 3435 1538 3492 sicut
1602 3439 1659 3492 et
1717 3440 1888 3509 pater
1943 3440 2137 3493 vester

477 3519 734 3576 celestis
763 3519 1061 3592 perfectus
1087 3526 1180 3577 est
1205 3523 1442 3592 (Matth.
1468 3540 1547 3590 v1,
1589 3529 1604 3579 t
1644 3531 1700 3581 et
1726 3529 1891 3596 seq.).
1942 3527 2139 3582 Atten-

476 3607 598 3664 dite
626 3621 703 3663 ne
722 3606 1016 3678 justitiam
1045 3612 1307 3666 vestram
1349 3609 1582 3667 faciatis
1637 3627 1840 3668 coram
1883 3612 2140 3670 homini-

477 3694 618 3762 bus,
650 3698 715 3751 ut
735 3693 1061 3752 videamini
1089 3696 1170 3753 ab
1197 3697 1312 3755 eis:
1348 3697 1615 3772 alioquin
1637 3700 1984 3758 mercedum
2015 3717 2139 3760 non

478 3781 782 3841 habebitis
817 3783 983 3857 apud
1024 3790 1261 3858 patrem
1286 3791 1595 3869 vestrum.
1625 3793 1773 3848 Cum
1817 3807 1960 3861 ergo
1991 3791 2137 3848 facis

481 3870 956 3946 eleemosynam,
987 3874 1112 3932 noli
1141 3875 1290 3934 tuba
1318 3892 1532 3936 canere
1563 3883 1702 3937 ante
1743 3883 1818 3949 te,
1852 3880 2003 3938 sicut
2031 3881 2141 3954 hy-

481 3961 729 4034 pocrita
765 3962 1016 4022 faciunt.
1051 3967 1125 4022 Te
1155 3970 1357 4023 autem
1385 3967 1638 4025 faciente
1667 3969 2138 4044 eleemosynam,

481 4051 715 4111 nesciat
742 4053 988 4112 sinistra
1007 4057 1112 4111 tua
1139 4055 1307 4129 quod
1337 4055 1516 4115 faciat
1535 4057 1748 4117 dextra
1773 4064 1895 4119 tua.
1914 4064 1983 4118 Et
2002 4077 2142 4118 cum

483 4141 691 4212 oratis,
716 4157 862 4210 non,
897 4142 1055 4200 eritis
1085 4144 1237 4203 sicut
1265 4146 1598 4220 hypocrita;
1623 4169 1635 4216 ;
1669 4155 1910 4209 orantes
1939 4154 2141 4209 autem

481 4228 668 4286 nolite
686 4229 946 4288 multum
974 4231 1160 4306 loqui.
1185 4233 1279 4291 Sic
1317 4250 1462 4308 ergo
1493 4237 1739 4295 orabitis
1774 4257 1786 4296 :
1823 4243 1989 4297 Pater
2035 4256 2140 4297 no-

484 4319 626 4386 ster,
653 4317 760 4390 qui
781 4333 845 4375 es
872 4319 935 4376 in
975 4297 1160 4390 cae-lis,
1193 4325 1304 4378 etc.
1339 4297 1529 4396 (15:21.,
1572 4341 1626 4382 υ.
1662 4326 1748 4399 14)
1781 4328 1838 4384 Si
1868 4329 2028 4385 enim
2057 4328 2142 4385 di-
2170 4297 2215 4350 θ

485 4404 766 4463 miseritis
810 4407 1162 4466 hominibus
1206 4415 1456 4485 peccata
1481 4428 1692 4472 eorum
1724 4433 1737 4472 :
1771 4420 1829 4473 et
1857 4420 2028 4473 Pater
2047 4433 2145 4475 ve-

487 4497 609 4552 ster
630 4494 882 4554 caelestis
933 4498 1189 4557 dimittet
1225 4499 1400 4558 vobis
1449 4507 1697 4576 peccata
1725 4510 1926 4564 vestra
1952 4507 2144 4580 (lbid.,

483 4600 542 4642 υ.
578 4585 667 4659 19)
697 4586 884 4646 Nolite
910 4588 1309 4648 thesaurizare
1339 4592 1516 4650 vobis
1547 4593 1861 4653 thesauros
1881 4597 1943 4653 in
1969 4601 2143 4656 terra.

489 4673 681 4746 (lbid.,
707 4691 764 4735 v.
795 4677 888 4749 34)
918 4677 1107 4735 Nolite
1136 4694 1280 4751 ergo
1302 4695 1431 4738 esse
1455 4682 1687 4741 solliciti
1714 4684 1775 4741 in
1796 4687 2145 4744 crastinum.

486 4762 732 4829 (Matth.
761 4783 861 4836 vn,
895 4766 916 4821 l
951 4773 1007 4826 et
1052 4770 1309 4842 subseq.)
1357 4770 1545 4828 Nolite
1581 4772 1874 4843 judicare,
1915 4779 1980 4832 ut
2025 4791 2148 4832 non

483 4849 885 4936 judicemini:
933 4855 996 4914 in
1048 4873 1173 4931 quo
1226 4859 1387 4916 enim
1436 4860 1665 4933 judicio
1711 4863 2146 4936 judicaveritis,

478 4934 923 5020 judicabimini,
977 4949 1034 5004 et
1061 4946 1122 5003 in
1150 4963 1275 5022 qua
1318 4964 1605 5006 mensura
1651 4952 1847 5008 mensi
1895 4934 2146 5023 fueritis,

483 5025 827 5122 remetiatur
853 5032 1046 5092 vobis.
1078 5037 1248 5107 lbid.,
1282 5053 1336 5096 υ.
1371 5040 1427 5112 6)
1459 5039 1647 5097 Nolite
1701 5041 1844 5099 dare
1869 5048 2150 5102 sanctum

483 5109 783 5172 canibus:
817 5131 1013 5190 neque
1041 5124 1284 5184 mittatis
1329 5109 1696 5198 margaritas
1744 5135 1972 5190 vestras
2010 5137 2148 5192 ante

476 5215 740 5292 porcos.
784 5203 962 5262 Petite
992 5211 1049 5263 et
1074 5210 1315 5270 dabitur
1350 5217 1526 5274 vobis
1559 5237 1572 5287 ;
1605 5220 1859 5292 quarite,
1900 5225 1958 5278 et
1986 5221 2148 5278 inve-

485 5290 659 5348 nietis
685 5311 699 5362 ;
729 5293 988 5368 pulsate,
1033 5299 1091 5353 et
1132 5301 1428 5370 aperietur
1466 5290 1657 5363 vobis.
1711 5309 1903 5380 (lbid.,
1954 5325 2008 5366 υ.
2059 5310 2141 5383 42)

553 5424 591 5504 ἒ
607 5417 853 5504 videtur
871 5423 1166 5504 gopqnlla
1193 5423 1422 5504 deesse.
1449 5445 1584 5504 quae
1615 5447 1688 5488 ex
1719 5435 1988 5491 Matthzeo
2007 5434 2142 5504 ipsa

485 5487 831 5577 supplenda
859 5494 1359 5577 sint._Haac_porro
1387 5487 1581 5577 habef
1625 5487 1979 5577 natiiis};
2008 5487 2142 5577 Eg;

481 5565 680 5619 autem
709 5562 842 5622 dico
867 5568 1046 5642 vobis,
1070 5562 1213 5646 quia
1242 5571 1432 5643 omnis
1474 5574 1582 5660 qui
1617 5562 1923 5641 irascitur
1943 5562 2138 5646 fratri

2225 1671 2420 1712 suam.
2469 1656 2711 1728 (Matth.
2743 1672 2822 1722 x1,
2853 1656 2942 1727 29)
2972 1655 3172 1712 Tollite
3199 1655 3415 1726 jugum
3461 1669 3672 1710 meum
3707 1663 3894 1727 super

2227 1761 2353 1815 vos,
2379 1749 2437 1802 et
2464 1745 2669 1802 diciste
2692 1759 2728 1802 a
2757 1761 2853 1801 me
2882 1745 3026 1818 quia
3051 1745 3211 1800 mitis
3239 1759 3374 1800 sum
3397 1748 3452 1800 et
3480 1743 3741 1799 humilis
3771 1759 3893 1799 cors

2229 1834 2324 1902 de,
2339 1838 2396 1890 et
2408 1833 2750 1890 inveniestis
2764 1833 3033 1907 requiem
3050 1832 3373 1891 animabus
3389 1832 3626 1888 vestris.
3645 1831 3885 1901 (Matth.

2231 1939 2309 1991 Ix,
2372 1923 2457 1994 13)
2531 1921 2992 1979 Misericordiam
3034 1922 3193 1990 volo,
3239 1926 3295 1978 et
3335 1937 3458 1978 non
3499 1920 3892 1978 sacriﬁcium.

2232 2012 2470 2084 (Matth.
2498 2024 2600 2083 xu,
2624 2013 2710 2083 36)
2744 2014 2931 2070 Omne
2951 2011 3205 2068 verbum
3225 2011 3484 2068 otiosum
3512 2010 3684 2084 quod
3707 2010 3891 2067 locuti

2230 2099 2448 2157 fuerint
2492 2100 2786 2170 homines,
2835 2100 3088 2157 reddent
3132 2100 3425 2157 rationem
3471 2099 3548 2156 de
3590 2115 3665 2157 eo
3707 2100 3777 2157 in
3805 2099 3892 2155 die

2225 2189 2454 2261 judicii.
2491 2193 2571 2246 Ex
2601 2189 2799 2246 verbis
2847 2190 3006 2246 enim
3054 2189 3170 2246 tuis
3211 2189 3660 2260 justiﬁcaberis,
3717 2193 3780 2245 et
3826 2203 3894 2244 ex

2233 2279 2429 2335 verbis
2461 2278 2574 2336 tuis
2603 2278 3123 2336 condemnaberis.
3159 2277 3400 2350 (Matth.
3433 2295 3531 2346 xv,
3563 2278 3620 2350 4)
3647 2279 3896 2334 Honora

2232 2372 2466 2441 patrem
2515 2372 2572 2424 et
2618 2372 2896 2441 matrem,
2929 2371 2986 2424 et
3033 2367 3140 2441 qui
3189 2367 3564 2424 maledixerit
3612 2367 3778 2440 patri
3806 2365 3893 2422 vel

2235 2457 2430 2527 matri,
2455 2461 2645 2514 morte
2667 2457 2976 2514 moriatur.
3009 2456 3362 2528 Quicunque
3391 2455 3607 2512 dixerit
3622 2456 3788 2529 patri
3809 2455 3898 2511 vel

2234 2547 2410 2602 matri
2442 2564 2455 2602 :
2491 2549 2700 2602 Munus
2753 2545 3160 2619 quodcunque
3189 2550 3278 2602 est
3303 2561 3377 2602 ex
3405 2561 3524 2617 me,
3543 2545 3649 2602 tibi
3678 2543 3898 2617 prode-

2233 2635 2327 2703 rit,
2347 2639 2404 2691 et
2432 2651 2555 2692 non
2586 2634 3009 2692 honorificabit
3033 2639 3266 2708 patrem
3294 2651 3473 2691 suum
3502 2638 3608 2690 aut
3634 2639 3898 2690 matrem

2237 2741 2439 2780 suam:
2466 2729 2523 2780 et
2540 2723 2771 2780 irritum
2791 2723 3008 2780 fecistis
3029 2723 3385 2780 mandatum
3404 2725 3503 2780 Dei
3517 2728 3768 2796 propter
3781 2727 3899 2779 tra-

2236 2813 2522 2870 ditionem
2565 2816 2847 2870 vestram.
2898 2812 3135 2885 (Matth.
3166 2829 3289 2886 xvi,
3337 2816 3432 2881 24)
3477 2812 3529 2868 Si
3568 2812 3705 2885 quis
3761 2809 3892 2868 vult

2239 2906 2372 2974 post
2398 2918 2495 2958 me
2523 2901 2746 2970 venire,
2769 2901 3028 2972 abneget
3057 2901 3467 2976 semetipsum,
3488 2905 3544 2958 et
3569 2899 3734 2957 tollat
3753 2913 3895 2955 cru-

2239 3007 2370 3048 cem
2401 3007 2598 3059 suam,
2621 2994 2679 3048 et
2706 2995 2990 3064 sequatur
3018 3007 3136 3047 me.
3170 2991 3282 3058 Qui
3311 2990 3474 3047 enim
3499 2989 3759 3048 voluerit
3773 2987 3898 3046 ani-

2239 3098 2404 3138 mam
2436 3097 2612 3138 suam
2642 3080 2872 3137 salvam
2894 3080 3106 3149 facere,
3129 3081 3339 3154 perdet
3366 3097 3504 3138 eam
3529 3100 3542 3137 :
3567 3080 3666 3153 qui
3686 3083 3901 3135 autem

2239 3169 2564 3245 perdiderit
2612 3169 2879 3227 aminam
2936 3185 3112 3226 suam
3160 3173 3406 3243 propter
3461 3185 3579 3239 me,
3629 3168 3905 3224 inveniet

2243 3276 2400 3316 eam.
2433 3258 2582 3326 Quid
2615 3259 2773 3315 enim
2803 3257 3052 3332 prodest
3077 3258 3331 3330 homini,
3364 3258 3413 3314 si
3442 3258 3747 3315 mundum
3785 3256 3906 3312 uni-

2242 3365 2489 3406 versum
2531 3348 2812 3420 lucretur,
2844 3349 3062 3405 anima:
3108 3364 3252 3406 vero
3301 3364 3426 3405 suae
3472 3348 3906 3405 detrimentum

2242 3439 2546 3513 patiatur?
2574 3437 2792 3495 Matth.
2842 3454 3006 3500 xvm.
3053 3437 3109 3509 3)
3141 3440 3334 3494 Amen
3377 3437 3514 3494 dico
3561 3436 3766 3502 vobis,
3794 3435 3903 3492 nisi

2245 3526 2517 3584 conversi
2546 3526 2791 3595 fueritis,
2825 3531 2881 3582 et
2909 3524 3253 3582 eﬂiciamini
3284 3527 3435 3583 sicut
3486 3525 3754 3600 parvuli,
3790 3538 3906 3582 non

2243 3615 2536 3673 intrahitis
2583 3616 2645 3672 in
2672 3631 2926 3688 regnum
2969 3615 3276 3672 caelorum.
3310 3615 3499 3688 (Ibid.,
3530 3631 3586 3672 v.
3619 3618 3652 3670 6
3680 3621 3738 3672 et
3767 3613 3906 3686 seq.)

2248 3705 2358 3772 Qui
2389 3709 2590 3762 autem
2643 3704 3136 3762 scandalizaverit
3161 3721 3352 3762 unum
3383 3705 3460 3762 de
3489 3703 3726 3778 pusillis
3758 3704 3904 3769 istis,

2246 3794 2352 3869 qui
2381 3794 2441 3849 in
2471 3811 2566 3851 me
2596 3794 2866 3865 credunt,
2883 3793 3124 3868 expedit
3150 3794 3203 3850 ei
3224 3799 3290 3851 ut
3313 3794 3724 3867 suspendatur
3745 3791 3907 3849 mola

2251 3883 2514 3940 asinaria
2559 3883 2621 3939 in
2669 3882 2824 3940 collo
2872 3884 3023 3955 ejus,
3057 3887 3114 3940 et
3141 3882 3525 3955 demergatur
3571 3883 3630 3939 in
3661 3881 3909 3956 profun-

2219 3973 2398 4030 dum
2445 3973 2652 4029 maris.
2686 3975 2782 4028 Vna
2829 3972 3062 4029 mundo
3093 3989 3130 4030 a
3157 3971 3483 4029 scandalis.
3516 3975 3777 4029 Necesse
3831 3972 3910 4026 est

2250 4062 2431 4130 enim,
2466 4067 2531 4118 ut
2579 4060 2821 4118 veniant
2871 4061 3159 4118 scandala
3191 4079 3205 4116 :
3237 4065 3659 4118 verumtamen
3686 4077 3782 4116 vae
3813 4060 3909 4116 ho-

2251 4150 2400 4207 mini
2446 4149 2548 4219 illi,
2580 4166 2688 4223 per
2734 4166 2919 4223 quem
2969 4150 3326 4208 scandalum
3367 4151 3545 4208 venit.
3600 4149 3657 4207 Si
3704 4154 3907 4206 autem

2253 4255 2472 4295 manus
2503 4243 2624 4302 tua,
2657 4239 2751 4294 vel
2770 4255 2876 4312 pes
2906 4227 3043 4296 tuus
3069 4226 3433 4297 scandalizat
3460 4245 3517 4296 te
3555 4255 3697 4295 erue
3743 4253 3904 4304 eum,

2255 4332 2312 4384 et
2336 4327 2559 4400 projice
2599 4327 2708 4383 abs
2740 4332 2817 4384 te.
2850 4328 3056 4385 Videte
3083 4344 3159 4385 ne
3187 4329 3582 4386 contemnatis
3613 4344 3810 4384 unum
3838 4341 3905 4380 ex

2253 4415 2486 4490 pusillis
2531 4415 2682 4486 istis,
2731 4416 2836 4488 qui
2883 4417 2947 4472 in
2993 4434 3092 4474 me
3135 4417 3386 4474 credunt
3431 4417 3628 4486 (Ibid.,
3658 4432 3714 4474 v.
3753 4416 3824 4470 16
3857 4421 3906 4472 et

2254 4505 2418 4577 seq.)
2468 4503 2525 4561 Si
2553 4507 2755 4562 autem
2800 4507 3139 4578 peccaverit
3163 4506 3225 4563 in
3255 4511 3310 4563 te
3339 4506 3517 4564 frater
3548 4510 3705 4571 tuus,
3737 4505 3907 4574 vade,

2257 4599 2316 4652 et
2337 4594 2568 4668 corripe
2598 4609 2738 4650 eum
2766 4595 2918 4652 inter
2946 4599 3023 4665 te,
3055 4600 3112 4652 et
3141 4595 3346 4678 ipsum
3375 4595 3611 4652 solum:
3638 4595 3690 4650 si
3723 4600 3779 4650 te
3811 4610 3909 4650 au-

2257 4682 2448 4752 dierit,
2495 4682 2761 4740 lucratus
2802 4683 2915 4740 eris
2960 4683 3205 4741 fratrem
3254 4689 3444 4741 tuum.
3499 4683 3556 4741 Si
3601 4688 3807 4740 autem
3855 4689 3908 4737 te

2257 4788 2380 4828 non
2411 4772 2682 4844 audierit,
2715 4773 2934 4829 adhibe
2965 4778 3160 4830 tecum
3192 4789 3404 4843 unum,
3435 4773 3533 4830 vel
3556 4773 3732 4838 duos,
3756 4777 3824 4828 ut
3851 4773 3908 4827 in

2258 4878 2357 4918 ore
2387 4861 2781 4930 duorum,vel
2807 4863 2986 4918 trium
3006 4862 3245 4919 testium
3267 4867 3377 4919 stet
3405 4877 3585 4919 omne
3616 4861 3906 4918 verbum:

2257 4951 2425 5025 quod
2454 4951 2505 5007 si
2532 4966 2658 5008 non
2686 4951 2941 5009 audierit
2967 4967 3091 5020 eos,
3136 4952 3236 5008 dic
3281 4951 3578 5008 Ecclesiae.
3629 4952 3826 5023 (lbid.,
3855 4967 3906 5007 υ.

2257 5041 2347 5113 21)
2395 5043 2596 5097 Petrus
2643 5039 2791 5097 dixit
2838 5058 2852 5098 :
2905 5040 3174 5110 Domine,
3234 5041 3470 5114 quoties
3525 5041 3800 5113 peccabit
3852 5040 3910 5095 in

2257 5147 2354 5188 me
2383 5131 2563 5187 frater
2606 5145 2799 5201 meus,
2831 5135 2890 5187 et
2930 5130 3226 5187 dimittam
3275 5131 3328 5186 ei
3347 5133 3375 5188 ?
3402 5147 3599 5204 usque
3645 5131 3865 5204 septies
3884 5128 3911 5183 ?

2259 5219 2411 5276 Dixit
2456 5219 2508 5276 ei
2553 5223 2694 5277 Jesu
2725 5237 2738 5276 :
2772 5235 2894 5278 non
2948 5219 3084 5276 dico
3121 5219 3227 5276 tibi
3269 5236 3461 5293 usque
3513 5219 3752 5294 septies,
3806 5215 3908 5274 sed

2256 5326 2446 5382 usque
2514 5310 2855 5383 septuagies
2920 5309 3160 5383 septies.
3221 5311 3462 5379 (Matth.
3513 5327 3636 5381 XIX,
3695 5315 3752 5371 3)
3804 5315 3910 5363 Ac-

2253 5451 2379 5502 suo,
2415 5450 2550 5491 reus
2579 5437 2690 5492 erit
2729 5436 2960 5505 judicio
2991 5452 3011 5490 ,ο
3040 5437 3146 5506 qui
3198 5443 3393 5492 autem
3449 5437 3676 5493 dixerit
3718 5435 3886 5504 fratr

2251 5523 2378 5572 suo,
2411 5521 2578 5574 raca,
2619 5523 2753 5562 reus
2799 5508 2912 5563 erit
2961 5505 3234 5563 concilio.
3272 5508 3388 5575 Qui
3431 5513 3632 5566 autem
3662 5505 3904 5563 dixerit’

2253 5579 2442 5648 fatue,
2475 5593 2610 5660 reus
2643 5580 2754 5637 erit
2781 5579 3069 5649 gehennae
3097 5579 3274 5650 ignis.
