4158 6192
311 193 444 248 1433

1386 193 1847 251 FLORILEGIUM
1885 194 1971 250 EX
2010 193 2235 251 SACRA
2273 196 2680 256 SCRIPTURA.

3580 197 3717 254 1434

299 317 607 373 cesserunt
624 314 910 372 Pharisaei
931 317 1232 376 dicentes:
1266 319 1314 375 si
1343 319 1478 375 licet
1496 318 1726 374 homini
1745 317 1945 374 dimit—
1979 323 2026 378 Α
2058 318 2245 390 (Rom.
2297 339 2375 378 vn
2421 327 2498 391 2).
2541 325 2681 389 Quae
2702 321 2816 378 sub
2863 321 2991 378 viro
3049 325 3139 378 est
3182 320 3418 390 mulier,
3482 319 3717 378 vivente

299 410 419 461 tere
450 419 698 461 uxorem
720 420 894 462 suam
919 421 1285 480 quacunque
1329 424 1404 463 ex
1432 424 1619 464 causa
1641 411 1668 464 ἱ)
1705 409 1950 479 Propter

297 495 414 551 hoc
438 493 732 566 relinquet
761 495 944 551 homo
967 499 1220 568 patrem,
1245 499 1302 552 et
1319 500 1575 553 matrem
1604 501 1659 553 et
1689 495 1950 553 adhaere-

300 584 388 640 bit
408 584 578 640 uxori
608 600 752 652 suae,
776 589 832 641 et
861 589 1034 642 erunt
1060 587 1182 642 duo
1213 584 1272 641 in
1304 601 1484 643 carne
1512 601 1648 642 una.
1672 587 1866 658 (Ibid.,
1889 600 1945 655 υ,

302 679 357 743 6)
389 674 498 740 Qui
541 674 913 746 respondens
944 675 1059 732 ait:
1095 675 1244 741 Quia
1271 676 1614 749 quicunque
1660 675 1950 731 dimiserit

301 778 552 818 uxorem
573 779 767 832 suam,
792 763 904 819 nisi
931 764 1010 820 ob
1040 764 1514 828 fornicationem,
1538 770 1595 822 et
1630 764 1813 821 aliam
1843 763 1949 819 du-

299 850 469 922 xerit,
502 853 838 909 mmchatur
856 856 914 909 et
941 853 1044 925 qui
1065 853 1384 910 dimissam
1406 853 1654 921 duxerit,
1687 853 1950 910 moecha-

300 945 415 998 tur.
441 941 635 1014 (lbid.,
669 958 725 1000 υ.
764 947 822 999 l7
845 949 902 1000 et
929 943 1072 1015 seq.)
1101 944 1157 1000 Si
1179 949 1378 1000 autem
1405 944 1494 999 vis
1532 944 1612 1000 ad
1636 944 1822 1001 vitam
1862 943 1951 999 in-

300 1030 489 1102 gredi,
516 1047 691 1089 serva
744 1031 1054 1089 mandata.
1116 1037 1243 1090 Non
1296 1033 1691 1090 homicidium
1744 1034 1947 1103 facies,

296 1134 422 1178 non
446 1120 835 1184 adulterabis,
880 1137 1004 1177 non
1046 1122 1229 1179 facies
1276 1123 1669 1194 furtum,non
1727 1123 1950 1180 falsum

297 1209 710 1266 testimonium
733 1209 915 1267 dices.
948 1211 1188 1268 Honora
1207 1215 1464 1285 patrem,
1507 1217 1564 1270 et
1594 1216 1872 1276 matrem,
1895 1215 1952 1270 et

295 1298 506 1369 diliges
527 1298 872 1372 proximum
898 1305 1068 1357 tuum
1103 1301 1255 1358 sicut
1278 1302 1557 1374 teipsum.
1590 1303 1805 1360 Omnia
1823 1303 1952 1360 haec

297 1388 596 1445 custodivi
626 1405 639 1444 :
669 1388 819 1461 quid
849 1389 1047 1446 adhuc
1078 1390 1224 1446 mihi
1254 1391 1422 1447 deest
1452 1392 1478 1446 ?
1512 1391 1607 1448 Ait
1634 1392 1716 1448 ilii
1744 1395 1946 1449 Jesus:

287 1476 348 1532 si
377 1478 470 1532 vis
501 1476 802 1550 perfectus
833 1494 988 1549 esse,
1012 1479 1166 1535 vade
1187 1479 1383 1536 vende
1411 1481 1638 1548 omnia,
1670 1497 1806 1553 quae
1845 1481 1951 1536 ha-

294 1565 425 1634 bes,
455 1569 513 1623 et
536 1566 618 1624 da
643 1567 1038 1640 pauperibus,
1070 1571 1127 1624 et
1156 1569 1310 1639 veni,
1338 1585 1590 1642 sequere
1615 1585 1734 1641 me,
1765 1574 1822 1626 et
1839 1570 1951 1625 ha-

2056 409 2204 478 viro,
2244 412 2486 483 alligata
2514 417 2600 470 est
2649 413 2813 483 legi:
2865 412 2912 468 si
2964 416 3166 468 autem
3215 415 3488 467 mortuus
3533 411 3719 468 fuerit

2055 498 2142 554 vir
2168 499 2318 570 ejus,
2362 501 2618 558 liberata
2647 506 2734 558 est
2777 501 2965 572 alege
2995 501 3144 558 viri:
3199 500 3398 570 igitur,
3457 498 3593 555 vive
3616 503 3716 556 nte

2054 586 2202 652 viro,
2230 590 2542 647 vocabitur
2570 590 2840 647 adultera
2894 590 2942 646 si
2980 589 3154 647 fuerit
3204 606 3342 646 cum
3399 588 3517 646 alio
3561 588 3713 644 viro.

2056 677 2241 754 (Rom.
2265 695 2345 734 xn
2375 683 2500 747 l,et
2530 680 2673 752 seq.)
2731 679 2994 736 Obsecro
3043 679 3247 753 itaque
3296 694 3423 747 vos,
3484 677 3715 746 fratres,

2054 780 2163 837 per
2215 768 2689 826 misericordiam
2743 769 2864 839 Dei,
2939 773 3004 825 ut
3078 767 3404 825 cxhibeatis
3461 782 3717 840 corpora

2055 857 2250 911 vestra
2303 857 2561 913 hostiam
2643 858 2962 929 viventem,
3039 863 3330 928 sanctam,
3397 861 3514 914 Deo
3584 857 3716 929 pla-

2056 948 2310 1016 centem,
2359 947 2712 1004 rationabile
2773 948 3136 1021 obsequium
3191 952 3472 1004 vestrum.
3524 947 3712 1019 (Rom.

2056 1051 2176 1102 xm,
2216 1035 2261 1107 l)
2313 1036 2519 1094 Omnis
2567 1038 2770 1095 anima
2820 1037 3214 1111 potestatibus
3253 1036 3708 1094 sublimioribus

2059 1123 2301 1181 subdita
2326 1126 2435 1194 sit;
2464 1142 2588 1182 non
2637 1132 2731 1184 est
2785 1127 2946 1183 enim
2999 1131 3268 1201 potestas
3311 1126 3422 1182 nisi
3478 1143 3515 1182 a
3545 1128 3664 1182 Deo
3699 1142 3713 1181 :

2057 1228 2194 1285 quae
2224 1218 2424 1270 autem
2456 1219 2593 1272 sunt
2614 1232 2650 1272 a
2687 1217 2805 1272 Deo
2837 1216 3128 1272 ordinatae
3173 1220 3329 1272 sunt.
3363 1220 3568 1288 Itaque
3609 1213 3717 1287 qui

2058 1301 2276 1358 resistit
2295 1304 2591 1374 potestati,
2624 1305 2725 1360 Dei
2767 1305 3132 1362 ordinationi
3161 1304 3400 1361 resistit.
3452 1303 3564 1369 Qui
3616 1318 3698 1358 au

2060 1393 2179 1446 tem
2207 1390 2505 1458 resistunt,
2538 1393 2651 1465 ipsi
2705 1393 2819 1449 sibi
2857 1393 3311 1451 damnationem
3363 1392 3712 1465 acquirunt.

2061 1478 2256 1548 (Ibid.,
2292 1495 2344 1535 v.
2369 1483 2424 1547 7)
2447 1481 2689 1537 Reddite
2705 1481 2991 1537 omnibus
3017 1483 3248 1539 debita:
3269 1483 3362 1538 cui
3390 1482 3708 1553 tributum,

2060 1567 2500 1636 tributum;cui
2540 1569 2810 1638 vectigal,
2868 1571 3123 1640 vectigal
3174 1589 3188 1639 ;
3238 1571 3334 1627 cui
3386 1573 3702 1636 honorem,

292 1654 468 1712 bebis
498 1655 848 1712 thesaurum
869 1656 932 1712 in
953 1655 1123 1713 coelo.
1161 1661 1353 1713 Amen
1395 1658 1530 1714 dico
1578 1658 1775 1726 nobis,
1806 1657 1953 1730 quia
1982 1679 2022 1733 Β
2058 1655 2351 1712 honorem
2383 1674 2395 1724 ;
2426 1657 2521 1713 cui
2543 1657 2838 1729 timorem,
2891 1657 3188 1716 timorem.
3256 1659 3492 1715 Nemini
3544 1659 3716 1731 quid-

296 1743 465 1800 dives
494 1743 731 1800 difﬁcile
754 1744 998 1801 intrabit
1021 1745 1081 1801 in
1103 1761 1361 1817 regnum
1411 1746 1723 1802 caelorum.
1751 1749 1817 1802 Et
1842 1746 1948 1802 ite-

296 1848 434 1888 rum
464 1850 478 1888 :
510 1832 736 1890 facilius
757 1837 849 1890 est
875 1827 1174 1890 camelum
1195 1851 1303 1908 per
1323 1835 1596 1891 foramen
1622 1850 1768 1891 acus
1795 1839 1950 1890 tran-

297 1921 435 1989 sire,
488 1937 677 1994 quam
714 1923 958 1980 divitem
1006 1923 1225 1980 intrare
1241 1923 1304 1980 in
1332 1939 1589 1994 regnum
1623 1924 1742 1980 Dei.
1774 1923 1951 1997 Apud

297 2010 576 2068 homines
606 2011 722 2068 hoc
752 2013 1125 2086 impossibile
1152 2017 1278 2070 est:
1330 2013 1496 2086 apud
1530 2016 1718 2070 Deum
1749 2019 1950 2070 autem

299 2100 508 2157 omnia
586 2101 896 2174 possibilia
961 2104 1118 2157 sunt.
1189 2104 1392 2157 Petrus
1465 2101 1615 2158 dixit
1661 2118 1797 2158 ecce
1838 2117 1951 2159 nos

295 2188 650 2261 reliquimus
678 2190 904 2258 omnia,
938 2193 994 2247 et
1021 2190 1209 2246 secuti
1242 2206 1454 2246 sumus
1485 2194 1560 2260 te,
1619 2191 1768 2264 quid
1807 2206 1950 2260 ergo

298 2277 408 2334 erit
434 2279 612 2335 nobis
641 2280 670 2336 ‘I
691 2279 843 2336 Dixit
867 2280 921 2336 ei
949 2279 1120 2336 Jesus
1158 2297 1170 2334 :
1205 2282 1396 2335 Amen
1417 2279 1555 2336 dico
1584 2280 1778 2350 vobis,
1810 2295 1950 2335 cum

299 2366 520 2425 sederit
546 2369 705 2425 ﬁlius
725 2368 991 2426 hominis
1010 2369 1070 2424 in
1094 2368 1234 2425 sede
1256 2369 1589 2440 majestatis
1613 2386 1758 2440 suae,
1787 2368 1953 2425 sede-

293 2455 438 2512 bitis
465 2461 521 2514 et
547 2473 654 2514 vos
676 2472 856 2530 super
885 2457 1058 2514 sedes
1074 2456 1418 2524 duodecim,
1441 2459 1778 2530 judicantes
1806 2457 1954 2514 duo-

295 2545 494 2601 decim
513 2545 701 2602 tribus
722 2545 900 2603 Israel
926 2564 940 2616 ;
964 2550 1020 2603 et
1041 2547 1239 2602 omnis
1259 2548 1364 2620 qui
1379 2547 1682 2620 reliquerit
1699 2548 1952 2605 domum

301 2633 388 2688 vel
413 2633 646 2701 fratres,
676 2638 782 2691 aut
810 2651 1066 2705 sorores,
1099 2640 1475 2708 autpatrem,
1531 2640 1636 2692 aut
1673 2640 1948 2705 matrem,

297 2727 406 2778 aut
452 2738 728 2794 uxorem,
777 2728 884 2780 aut
911 2723 1088 2791 filios,
1115 2728 1220 2779 aut
1248 2739 1426 2795 agros
1455 2729 1700 2798 propter
1727 2738 1952 2781 nomen

295 2825 526 2874 meum,
552 2811 899 2883 centuplum
923 2811 1192 2883 accipiet,
1220 2815 1277 2867 et
1304 2811 1491 2868 vitam
1507 2817 1794 2870 aeternam
1814 2829 1954 2886 pos-

297 2899 530 2956 sidebit.
555 2899 796 2971 (Matth,
819 2916 982 2968 xxm,
1008 2900 1114 2972 12).
1148 2900 1258 2964 Qui
1283 2905 1486 2957 autem
1515 2917 1577 2957 se
1608 2902 1953 2958 exaltaverit

293 2985 730 3055 humiliabitur,
761 2989 958 3059 (Ibid.,
987 3004 1042 3044 υ.
1102 2989 1196 3044 21.
1255 2989 1367 3054 Qui
1408 2989 1575 3060 jurat
1609 2989 1672 3046 in
1701 2989 1946 3062 templo,

293 3076 459 3146 jurat
491 3075 551 3132 in
590 3075 689 3134 illo
742 3076 846 3150 qui
889 3076 1122 3144 habitat
1166 3078 1227 3134 in
1268 3077 1400 3151 ipso
1431 3081 1527 3135 :et
1575 3077 1680 3151 qui
1693 3078 1859 3150 jurat
1886 3078 1950 3134 in

299 3164 472 3235 coelo,
510 3165 672 3236 jurat
698 3166 758 3222 in
790 3166 1006 3224 throno
1056 3167 1158 3224 Dei
1183 3172 1240 3225 et
1263 3168 1325 3224 in
1366 3183 1437 3225 eo
1457 3168 1563 3241 qui
1592 3167 1757 3224 sedet
1780 3183 1953 3241 seper

295 3269 458 3310 eum.
492 3254 730 3324 (Matth.
756 3272 917 3327 xxxv,
941 3259 1031 3325 42)
1074 3257 1346 3328 Vigilate,
1377 3257 1521 3330 quia
1544 3257 1781 3313 nescitis
1828 3273 1954 3330 qua

293 3341 448 3398 hora
477 3343 764 3400 Dominus
792 3349 985 3402 vester
1011 3350 1300 3402 venturus
1323 3350 1430 3402 est.
1463 3346 1660 3418 (Matt.
1691 3362 1832 3411 xxv,
1861 3346 1952 3417 34)

293 3431 456 3489 Dicet
473 3447 578 3488 rex
597 3432 692 3489 his
715 3433 860 3507 quia
879 3435 1100 3491 dextris
1120 3435 1250 3508 ejus
1279 3439 1488 3493 erunt:
1525 3436 1745 3505 Venite,
1767 3436 1951 3492 bene-

292 3521 437 3578 dicti
468 3521 656 3579 Patris
684 3524 825 3596 mei,
857 3525 1140 3597 percipite
1178 3541 1453 3597 regnum.
1489 3525 1721 3582 Esurivi
1767 3525 1948 3596 enim,

293 3615 356 3666 et
379 3609 630 3668 dedistis
664 3612 810 3669 mihi
831 3613 1219 3671 manducare.

370 3791 447 3846 Ex
473 3793 751 3848 EPISTOLA
789 3808 862 3847 Αι)
901 3795 1191 3849 ΒοιιιΑΝοε.
1235 3795 1427 3866 (Rom.
1467 3809 1505 3861 ι,
1538 3798 1632 3864 28)
1677 3795 1784 3860 Qui
1828 3809 1951 3851 non

293 3878 706 3952 probaverunt
733 3883 921 3937 Deum
949 3881 1174 3938 habere
1204 3883 1264 3938 in
1296 3883 1505 3939 notitia
1526 3901 1538 3951 ;
1560 3881 1802 3938 tradidit
1820 3882 1952 3940 illos

297 3971 456 4024 Deus
480 3968 540 4024 in
564 3969 894 4042 reprobum
923 3985 1192 4038 sensum,
1216 3975 1283 4027 ut
1310 3970 1533 4027 faciant
1550 3987 1622 4028 ea
1649 3987 1785 4043 quae
1827 3986 1952 4026 non

294 4058 682 4129 conveniunt,
707 4058 965 4131 repletos
989 4060 1155 4116 omni
1189 4058 1520 4133 iniquitate,
1550 4060 1799 4126 malitia,
1833 4059 1952 4116 for-

289 4145 616 4218 nicatione,
649 4148 920 4216 avaritia,
966 4148 1251 4221 nequitia,
1284 4149 1495 4222 plenos
1548 4148 1796 4219 invidia,
1841 4149 1952 4206 ho-

237 4301 246 4306 _
292 4235 559 4304 micidio,
590 4237 997 4309 contentione,
1044 4237 1208 4305 dolo,
1249 4237 1647 4308 malignitate:
1683 4253 1952 4294 susurro-

292 4339 428 4397 nes,
455 4324 840 4397 detractores,
867 4328 988 4383 Deo
1018 4325 1293 4397 odibiles,
1325 4326 1817 4396 contumeliosos,
1850 4343 1952 4383 su-

290 4413 538 4486 perbos,
581 4414 791 4485 elatos,
840 4415 1182 4472 inventores
1233 4414 1554 4482 malorum,
1600 4415 1954 4488 parentibus

292 4517 423 4558 non
461 4501 830 4575 obedientes,
879 4505 1250 4576 insipientes,
1307 4505 1773 4576 incompositos,
1823 4505 1954 4562 sine

291 4589 628 4664 affectione,
653 4592 884 4665 absque
902 4592 1143 4661 foedere,
1179 4593 1306 4648 sine
1337 4592 1780 4664 misericordia;
1800 4609 1954 4666 quo-

289 4679 464 4736 niam
520 4683 626 4754 qui
667 4682 809 4738 talia
861 4688 1068 4752 agunt,
1119 4682 1286 4752 digni
1318 4685 1456 4737 sunt
1475 4686 1786 4738 mortezet
1828 4697 1954 4739 non

292 4769 494 4826 solum
521 4771 625 4843 qui
655 4771 882 4828 faciunt
907 4788 994 4832 ea.
1029 4771 1133 4827 sed
1181 4771 1363 4827 etiam
1419 4770 1524 4844 qui
1575 4772 1956 4830 consentiunt

290 4857 673 4915 facientibus.
701 4861 886 4932 (Rom.
919 4877 980 4931 ιι,
1009 4861 1090 4926 11,
1118 4866 1172 4917 et
1203 4861 1347 4931 seq.)
1374 4863 1502 4916 Non
1525 4866 1613 4916 est
1644 4861 1804 4916 enim
1826 4877 1957 4934 per-

293 4961 591 5004 sonarum
635 4950 902 5023 acceptio
923 4949 1088 5023 apud
1117 4952 1322 5006 Deum.
1348 4952 1476 5006 Non
1506 4948 1667 5005 enim
1719 4949 1954 5008 audito-

290 5038 456 5091 tores
474 5035 624 5106 legis
642 5037 788 5108 justi
821 5043 960 5095 sunt
989 5037 1154 5110 apud
1186 5038 1396 5107 Deum,
1427 5037 1532 5094 sed
1572 5038 1828 5094 factores
1876 5038 1955 5095 1e-

290 5123 387 5194 gis
402 5124 910 5194 justiﬁcabuntur.
935 5127 1122 5199 (Rom.
1150 5143 1228 5191 v1,
1267 5128 1328 5182 12
1373 5133 1428 5184 et
1459 5128 1599 5200 seq.)
1653 5131 1780 5184 Non
1810 5142 1954 5198 ergo

287 5216 502 5281 regnet
521 5217 839 5286 peccatum
854 5215 916 5271 in
943 5221 1142 5273 vestro
1161 5216 1401 5273 mortali
1423 5232 1696 5288 corpore,
1717 5220 1784 5273 ut
1813 5217 1956 5274 obe-

289 5299 473 5356 diatis
501 5303 1002 5376 concupiscentiis
1033 5305 1162 5375 eius
1189 5323 1201 5372 ;
1235 5309 1552 5377 peccatum
1579 5303 1740 5359 enim
1779 5303 1952 5362 vobis

290 5404 420 5445 non
467 5389 913 5449 dominabitur:
963 5409 1084 5449 non
1115 5393 1277 5450 enim
1326 5393 1440 5448 sub
1495 5393 1625 5463 lege
1677 5392 1817 5448 estis
1847 5393 1952 5451 sed

292 5477 412 5535 sub
438 5480 646 5550 gratia.
677 5483 780 5539 Cui
801 5482 1089 5538 exhibetis
1116 5499 1248 5552 vos,
1299 5497 1504 5538 servos
1555 5481 1632 5538 ad
1669 5481 1951 5540 obedien-

293 5567 468 5638 dum,
527 5572 680 5627 servi
715 5573 852 5628 estis
923 5573 1072 5643 ejus,
1145 5572 1240 5628 cui
1313 5572 1586 5639 obeditis,
1656 5572 1780 5628 sive
1818 5587 1952 5646 pec-

295 5655 416 5714 cati
458 5657 537 5713 ad
573 5663 852 5728 mortem,
900 5661 1024 5717 sive
1095 5659 1456 5731 obeditionis
1505 5660 1584 5730 ad
1634 5660 1946 5732 justitiam.

368 5761 394 5790 ι
421 5753 670 5826 Vulgata
704 5774 719 5814 :
751 5759 1048 5816 sententia

2058 1761 2244 1818 quam
2269 1746 2558 1816 debeatis,
2585 1747 2697 1803 nisi
2729 1753 2794 1806 ut
2811 1749 3071 1806 invicem
3114 1749 3397 1820 diligatis.
3447 1749 3623 1821 (Ibid.
3655 1765 3713 1813 v,

2064 1835 2146 1894 13)
2172 1838 2298 1892 Non
2327 1836 2390 1892 in
2421 1837 2958 1894 comessationibus
2983 1842 3040 1895 et
3058 1838 3468 1908 ebrietatibus,
3499 1855 3624 1895 non
3653 1839 3715 1894 in

2059 1923 2357 1980 cubilibus
2403 1929 2460 1982 et
2510 1925 2916 2000 impudicitiis,
2970 1943 3093 1984 non
3143 1927 3206 1983 in
3254 1927 3634 1984 contentione
3658 1931 3716 1982 et

2058 2012 2436 2070 aemulatione
2461 2032 2474 2081 ;
2496 2014 2601 2070 sed
2617 2014 2938 2072 induimini
2959 2016 3282 2072 Dominum
3298 2017 3502 2072 Jesum
3519 2015 3714 2072 Chris-

2057 2105 2207 2172 tum,
2255 2105 2313 2159 et
2350 2103 2546 2159 carnis
2590 2119 2797 2160 curam
2839 2120 2914 2160 ne
2961 2105 3217 2162 feceritis
3267 2104 3329 2160 in
3379 2104 3709 2161 desideriis.

2060 2191 2247 2257 (Rom.
2279 2207 2399 2262 xiv,
2421 2195 2476 2259 3)
2509 2195 2560 2247 ls
2579 2191 2686 2264 qui
2711 2193 3060 2260 manducat,
3083 2209 3207 2250 non
3239 2193 3714 2250 manducantem

2057 2294 2181 2334 non
2212 2285 2472 2352 spernat,
2499 2285 2554 2337 et
2582 2282 2687 2354 qui
2707 2297 2831 2338 non
2852 2283 3186 2338 manducat
3233 2282 3710 2339 manducantem

2058 2367 2453 2438 nonjudicet:
2480 2370 2633 2425 Deus
2662 2370 2823 2426 enim
2862 2370 3030 2427 illum
3053 2371 3400 2443 assumpsit.
3436 2373 3521 2426 Tu
3568 2369 3711 2442 quis

2059 2471 2142 2524 es,
2165 2456 2268 2529 qui
2279 2457 2511 2528 judices
2541 2457 2806 2516 alienum
2828 2475 3071 2516 servum
3097 2462 3125 2518 ?
3154 2475 3264 2517 suo
3293 2459 3549 2517 Domino
3575 2461 3713 2526 stat,

2061 2550 2164 2603 aut
2192 2545 2368 2603 cadit.
2401 2547 2588 2619 (Rom.
2621 2564 2744 2612 xw,
2797 2549 2882 2621 17)
2910 2552 3075 2620 Rogo
3103 2565 3231 2619 vos,
3265 2548 3494 2615 fratres,
3519 2551 3584 2604 ut
3610 2546 3716 2603 ob-

2063 2635 2307 2692 servetis
2327 2651 2450 2706 eos,
2473 2636 2577 2708 qui
2606 2637 3032 2706 dissensiones,
3077 2643 3136 2696 et
3163 2637 3528 2694 offendicula
3569 2651 3712 2709 pro-

2059 2727 2190 2795 pter
2218 2721 2576 2794 doctrinam,
2597 2739 2784 2797 quam
2800 2741 2906 2782 vos
2927 2725 3244 2790 didicistis,
3272 2725 3499 2781 faciunt
3521 2728 3578 2780 et
3603 2723 3713 2780 de-

2061 2811 2274 2868 clinate
2304 2811 2534 2869 abillis.
2585 2813 2786 2884 (Ibid.,
2845 2829 2898 2870 υ.
2935 2814 3020 2885 19)
3082 2813 3224 2870 Volo
3272 2830 3382 2870 vos
3419 2813 3718 2885 sapientes

2061 2914 2190 2956 esse
2216 2900 2278 2957 in
2304 2899 2490 2968 bono,
2514 2905 2570 2976 et
2598 2901 2898 2973 simplices
2913 2901 2977 2956 in
2998 2901 3180 2958 malo.

2134 3079 2215 3133 Ex
2237 3079 2513 3134 EPISTOLA
2540 3082 2558 3134 ῐ
2586 3094 2660 3134 ιιι)
2691 3081 3056 3136 Conmrmos.
3081 3080 3132 3152 (Ι
3163 3081 3305 3151 Cor,
3332 3097 3371 3151 ι,
3403 3080 3484 3150 10)
3531 3079 3718 3137 Obse-
3798 3127 3800 3131 .

2062 3181 2163 3223 cro
2192 3169 2396 3223 autem
2443 3183 2553 3224 vos
2596 3183 2702 3240 per
2765 3184 2990 3226 nomen
3030 3167 3266 3225 Domini
3317 3169 3504 3226 nostri
3578 3171 3721 3225 Jesu

2063 3255 2296 3323 Christi,
2351 3259 2416 3312 ut
2450 3255 2712 3329 idipsum
2761 3257 2973 3315 dicatis
3002 3273 3234 3322 omnes,
3285 3263 3341 3316 et
3370 3274 3494 3315 non
3513 3258 3630 3314 sint
3658 3257 3720 3314 in

2060 3345 2234 3402 vobis
2262 3345 2628 3415 schismata;
2681 3347 2807 3404 sitis
2839 3352 3038 3405 autem
3087 3348 3331 3422 perfecti
3389 3349 3450 3405 in
3507 3348 3722 3405 eodem

2062 3449 2266 3505 sensu,
2299 3438 2355 3490 et
2383 3434 2444 3490 in
2493 3435 2709 3492 eadem
2737 3442 2756 3466 ⁸
2805 3437 3070 3494 scientia.
3128 3437 3326 3507 (Ibid.,
3378 3453 3431 3494 v.
3465 3440 3579 3505 31).
3613 3435 3724 3499 Qui

2060 3521 2368 3594 gloriatur,
2391 3522 2455 3579 in
2503 3524 2756 3581 Domino
2787 3524 3088 3594 glorietur.
3123 3526 3181 3596 (Ι
3206 3526 3346 3582 Cor.
3378 3541 3459 3592 1v,
3500 3529 3574 3593 5).
3603 3527 3722 3580 No-

2057 3611 2156 3668 lite
2179 3615 2317 3669 ante
2344 3617 2583 3686 tempus
2605 3613 2898 3684 judicare,
2928 3615 3334 3688 quoadusque
3376 3614 3578 3671 veniat
3598 3617 3716 3672 Do-

2059 3700 2283 3770 minus,
2315 3701 2499 3774 quiet
2522 3700 2888 3759 illuminabit
2927 3701 3285 3760 abscondita
3315 3702 3722 3770 tenebrarum,

2060 3793 2117 3846 et
2141 3789 2546 3846 manifestabit
2574 3791 2823 3846 consilia
2853 3790 3147 3858 cordium,
3179 3796 3236 3847 et
3257 3795 3398 3847 tunc
3449 3791 3583 3848 laus
3615 3791 3724 3848 erit

2060 3878 2385 3950 unicuique
2407 3894 2444 3932 a
2465 3881 2603 3934 Deo.
2638 3878 2692 3948 (I
2725 3880 2855 3934 Cor.
2880 3895 2936 3932 v.
2965 3883 2996 3934 9
3022 3885 3074 3934 et
3100 3883 3243 3950 seq.)
3277 3883 3404 3934 Non
3437 3880 3721 3935 commis-

2061 3964 2318 4022 ceamini
2343 3964 2676 4021 fornicariis
2705 3966 2887 4036 hujus
2934 3965 3172 4038 mundi,
3201 3971 3305 4023 aut
3346 3967 3567 4034 avaris,
3614 3972 3723 4024 aut

2060 4053 2409 4128 rapacibus,
2433 4057 2536 4110 aut
2564 4053 2740 4110 idolis
2769 4054 3182 4111 servientibus.
3211 4055 3267 4113 Si
3293 4056 3366 4122 is,
3397 4056 3505 4130 qui
3536 4056 3722 4112 frater

2059 4142 2426 4211 nominaiur,
2479 4147 2566 4200 est
2603 4142 2948 4212 fornicator,
3013 4148 3117 4200 aut
3144 4160 3385 4213 avarus,
3419 4149 3524 4202 aut
3543 4144 3720 4202 idolis

2061 4231 2348 4303 serviens,
2377 4237 2481 4289 aut
2506 4231 2864 4301 maledicus,
2891 4237 2994 4290 aut
3045 4233 3339 4302 ebriosus,
3362 4239 3467 4293 aut
3486 4250 3677 4309 rapax
3702 4251 3716 4290 :

2061 4337 2200 4379 cum
2220 4321 2519 4394 ejusmodi
2549 4338 2660 4378 nec
2690 4323 2893 4380 cibum
2924 4339 3181 4380 sumere.
3208 4323 3448 4381 Auferte
3487 4324 3719 4382 malum

2060 4425 2132 4466 ex
2171 4409 2340 4466 vobis
2397 4410 2562 4483 ipsis.
2621 4412 2665 4483 (Ι
2700 4412 2836 4468 Cor.
2893 4429 2969 4478 v1,
2994 4413 3044 4483 9)
3077 4412 3262 4468 Nolite
3283 4427 3500 4480 errare,
3522 4429 3720 4486 neque

2059 4498 2383 4570 fornicarii,
2410 4515 2608 4572 neque
2625 4499 2800 4556 idolis
2829 4501 3172 4566 servientes,
3192 4515 3389 4573 neque
3442 4501 3717 4570 adulteri,

2061 4601 2258 4660 neque
2315 4586 2548 4657 molles,
2598 4603 2794 4659 neque
2825 4587 3234 4645 masculorum
3279 4589 3719 4660 concubitores,

2059 4691 2257 4750 neque
2277 4675 2459 4744 fures,
2513 4692 2709 4750 neque
2757 4676 2942 4746 avari,
2991 4693 3189 4751 neque
3235 4677 3473 4745 ebriosi,
3521 4693 3719 4750 neque

2059 4765 2359 4835 maledici,
2380 4781 2578 4838 neque
2597 4780 2869 4838 rapaces,
2892 4781 3146 4836 regnum
3170 4766 3272 4823 Dei
3299 4765 3716 4840 possidebunt.

2063 4858 2130 4912 Et
2154 4855 2284 4911 haec
2311 4854 2555 4928 quidem
2589 4854 2801 4917 fuistis,
2827 4854 2935 4910 sed
2963 4854 3150 4912 abluti
3170 4855 3332 4924 estis,
3363 4855 3467 4912 sed
3488 4856 3713 4914 sancti-

2039 4945 2222 5020 _ficati
2250 4944 2389 5001 estis
2417 4945 2479 5001 iu
2500 4944 2748 5001 nomine
2776 4944 3009 5000 Domini
3040 4946 3176 5000 Jesu
3223 4945 3455 5002 Christi.
3500 4947 3544 5018 (1
3577 4947 3714 5004 Cor.

2060 5051 2165 5108 vn,
2199 5034 2500 5105 l)Bonum
2532 5039 2621 5091 est
2647 5034 2877 5090 homini
2907 5033 3219 5091 mulierem
3256 5052 3379 5093 non
3429 5041 3712 5109 tangere:

2058 5129 2303 5199 propter
2331 5124 2787 5182 fornicationem
2813 5130 3014 5182 autem
3064 5128 3483 5202 unusquisque
3539 5145 3714 5186 suam

2060 5229 2310 5271 uxorem
2375 5213 2618 5282 habeat,
2687 5217 2745 5270 et
2815 5229 3156 5289 unaquaque
3257 5233 3437 5274 suum
3510 5217 3711 5272 virum

2058 5304 2283 5363 habeat
2336 5304 2530 5376 (lbid.,
2587 5320 2640 5360 υ.
2729 5303 2802 5375 8).
2879 5305 3018 5362 Dico
3097 5309 3296 5364 autem
3369 5320 3490 5360 non
3564 5319 3715 5376 nup-

2059 5394 2151 5463 tis,
2186 5400 2242 5450 et
2262 5393 2458 5449 viduis
2487 5411 2500 5448 :
2532 5393 2763 5450 bonum
2791 5398 2878 5450 est
2905 5394 3040 5466 illis,
3065 5395 3113 5451 si
3139 5397 3220 5450 sic
3261 5396 3526 5460 manent,
3561 5391 3714 5449 sicut

2060 5488 2117 5538 et
2143 5499 2279 5552 ego.
2310 5483 2482 5548 Quod
2528 5483 2574 5538 si
2605 5498 2724 5540 non
2749 5499 2809 5539 se
2835 5485 3156 5550 continent,
3182 5481 3417 5537 nubant
3448 5497 3460 5536 :
3496 5480 3712 5538 melius

2057 5576 2147 5627 est
2191 5571 2352 5628 enim
2385 5573 2610 5629 nubere
2632 5590 2819 5646 quam
2853 5575 2942 5629 uri
2969 5593 2982 5641 ;
3030 5574 3098 5626 lis
3127 5576 3349 5640 autem,
3378 5571 3484 5642 qui
3515 5570 3712 5627 matri-

2060 5661 2264 5718 monio
2317 5663 2506 5734 juncti
2551 5668 2707 5730 sunt,
2759 5662 3042 5735 praecipio
3100 5675 3221 5716 non
3269 5676 3404 5732 ego,
3467 5660 3573 5718 sed
3606 5660 3713 5720 D0-
