4158 6192
529 171 666 229 1438

1653 166 1708 221 s.
1732 161 2106 220 PRUDENTII
2132 157 2505 217 necessus
2531 130 2876 216 EPISGOPI.

3810 156 3929 208 1436

528 297 752 360 minus,
810 303 1059 346 uxorem
1090 304 1127 344 a
1187 303 1312 344 non
1364 287 1679 344 discedere
1737 285 1909 353 Quod
1960 284 2009 338 si
2051 283 2173 338 dis-
2216 284 2261 337 Λ
2366 284 2448 336 Ex
2502 283 2772 336 EPISTOLA
2823 281 2864 333 ll
2919 294 2987 332 ΑΒ
3031 280 3397 334 Comatulos.
3451 274 3520 342 (Il
3577 275 3725 343 Cor,
3767 290 3818 341 v,
3856 279 3938 333 10.

521 381 787 447 cesserit,
819 392 1064 436 manere
1093 377 1433 450 innuptam,
1469 380 1572 434 aut
1600 377 1728 432 viro
1760 391 1870 431 suo
1907 371 2178 430 reconci-

525 472 656 531 liari
690 485 704 539 ;
734 472 793 525 et
842 467 930 523 vir
960 482 1209 522 uxorem
1239 482 1364 522 non
1394 466 1675 522 dimittat.
1739 465 1936 534 (Ibid,
1977 479 2032 520 υ.
2093 462 2180 533 37)

526 559 821 630 Alligatus
850 574 914 614 es
943 556 1160 612 uxori?
1195 556 1317 612 noli
1347 569 1618 629 quaerere
1647 554 2007 612 solutionem
2038 571 2051 618 ;
2081 565 2180 608 so-

525 653 687 710 lutus
716 664 778 706 es
808 648 886 705 ab
915 663 1102 704 uxore
1124 647 1287 703 ‘Inoli
1312 662 1575 720 quaerere
1603 662 1873 702 uxorem.
1901 644 2092 716 (lbid.,
2121 658 2176 699 υ.

524 742 618 813 29)
633 738 744 805 Qui
767 737 996 794 habent
1014 752 1258 808 uxores,
1285 741 1472 809 tanqu
1481 751 1580 790 am
1595 751 1719 792 non
1733 735 2024 791 habentes
2039 732 2174 787 sint:

527 835 586 888 et
603 829 709 902 qui
735 827 897 894 ﬂent,
929 830 1221 899 tanquam
1240 842 1363 882 non
1392 826 1603 881 ﬂentes
1630 844 1642 881 :
1675 829 1732 882 et
1756 825 1861 898 qui
1891 823 2175 893 gaudent,

528 923 823 992 tanquam
861 931 986 972 non
1019 916 1350 985 gaudentes
1389 915 1526 972 sint.
1582 916 1774 982 (Ibid,
1824 930 1880 982 υ,
1940 913 2025 983 38)
2066 911 2179 976 Qui

529 1005 914 1066 matrimonio
947 1005 1148 1076 jungit
1173 1005 1470 1074 virginem
1501 1021 1697 1071 suam,
1727 1004 1881 1060 bene
1910 1002 2049 1058 facit
2077 1019 2090 1057 :
2124 1005 2181 1057 et

526 1098 636 1171 qui
655 1111 782 1153 non
807 1095 1008 1168 jungit
1023 1095 1237 1151 melius
1256 1094 1414 1151 facit.
1438 1094 1638 1151 Mulier
1667 1095 1906 1162 alligata
1926 1096 2014 1148 est
2038 1090 2177 1161 legi,

527 1190 759 1260 quanto
788 1189 1060 1258 tempore
1117 1185 1209 1240 vir
1246 1185 1376 1256 ejus
1404 1184 1566 1240 vivit.
1593 1185 1767 1250 Quod
1795 1183 1847 1238 si
1872 1181 2181 1238 dormierit

525 1277 617 1334 vir
644 1275 795 1347 ejus,
841 1274 1094 1331 liberata
1145 1277 1264 1330 est:
1319 1275 1417 1330 cui
1461 1273 1815 1344 vultnubat,
1846 1275 2079 1329 tantum
2119 1271 2179 1325 in

529 1365 815 1434 Domino;
844 1364 1076 1420 beatior
1099 1367 1304 1420 autem
1325 1363 1450 1430 erit,
1487 1363 1536 1418 si
1563 1363 1646 1419 sic
1671 1361 2068 1436 permanserit
2094 1376 2180 1416 se-

528 1449 800 1507 cundum
828 1464 1029 1506 meum
1064 1448 1401 1510 consilium,
1434 1449 1478 1518 (1
1507 1449 1637 1503 Cor.
1663 1465 1742 1514 1x,
1766 1451 1821 1513 7)
1858 1445 1998 1511 Quis
2027 1445 2179 1500 mili-

527 1543 616 1596 tat
637 1539 761 1594 suis
791 1538 1100 1608 stipendiis
1119 1551 1393 1608 unquam
1414 1539 1440 1593 ?
1469 1537 1604 1607 quis
1656 1535 1889 1607 plantat
1915 1533 2175 1596 vineam,

2292 377 2514 430 Omnes
2537 371 2696 427 enim
2717 387 2826 426 nos
2851 367 3224 426 manifestari
3246 370 3482 440 oportet
3504 369 3645 422 ante
3665 367 3935 422 Tribunal

2291 461 2522 524 Christi,
2555 465 2620 517 ut
2644 460 2857 517 referat
2887 457 3310 530 unusquisque
3358 455 3604 529 propria
3651 457 3934 527 corporis,

2288 556 2468 624 prout
2495 551 2697 621 gessit,
2721 551 2844 606 sive
2866 549 3120 616 bonum,
3149 547 3274 602 sive
3304 545 3556 602 malum.
3591 549 3660 612 (ll
3687 547 3833 603 Cor.
3867 562 3941 614 vi,

2292 643 2374 713 14)
2423 640 2608 698 Nolite
2659 641 2877 711 jugum
2929 639 3147 693 ducere
3203 652 3343 692 cum
3397 633 3779 702 inﬁdelibus;
3813 650 3947 707 qua:

2287 731 2446 787 enim
2475 729 2851 802 participatio
2874 726 3116 800 justitiaa
3137 742 3277 782 cum
3294 724 3602 796 iniquitate
3628 724 3654 778 ?
3688 729 3793 780 aut
3811 741 3946 796 quae

2288 821 2541 877 societas
2568 820 2686 876 luci
2713 819 2793 875 ad
2837 817 3160 874 tenebras?
3204 831 3343 888 quae
3398 814 3715 870 conventio
3738 814 3948 871 Christi

2285 911 2364 967 ad
2387 909 2604 966 Belial?
2624 912 2726 964 aut
2750 924 2886 980 quae
2920 922 3059 979 pars
3082 905 3244 960 ﬁdeli
3264 921 3407 960 cum
3429 903 3656 959 inﬁdeli
3679 904 3707 959 ?

2355 1002 2437 1054 An
2464 1001 2747 1054 GALATAS.
2808 998 3035 1066 (Galat.
3069 1012 3108 1061 ι,
3163 994 3226 1048 10
3253 995 3310 1050 Si
3340 993 3693 1050 hominibus
3745 993 3945 1065 place—

2285 1104 2435 1156 rem,
2464 1087 2678 1144 Christi
2710 1102 2920 1142 servus
2946 1101 3072 1141 non
3098 1099 3318 1140 essem.
3349 1083 3577 1154 (ϐαιοὶ.
3597 1099 3680 1150 iv,
3710 1086 3795 1150 10)
3816 1083 3947 1138 Dies

2287 1176 2634 1242 observatis,
2669 1179 2726 1231 et
2745 1191 3004 1243 113931.503,
3027 1177 3388 1247 ettempora,
3417 1175 3478 1228 et
3514 1188 3740 1228 annos:
3764 1172 3946 1228 timeo

2285 1282 2396 1323 vos
2413 1281 2490 1322 ne
2506 1265 2655 1322 forte
2677 1265 2802 1321 sine
2818 1262 3414 1320 causalaboraverim
3426 1262 3491 1317 in
3503 1261 3690 1316 vobis.
3705 1261 3941 1330 (.Galat.

2289 1373 2344 1426 v,
2377 1357 2433 1427 9)
2463 1355 2756 1413 Modicum
2789 1354 3151 1410 fermentum
3180 1356 3367 1409 totam
3395 1367 3665 1407 massam
3687 1365 3950 1406 corrum-

2286 1446 2389 1519 pit.
2427 1446 2616 1513 (Ibid.,
2652 1461 2706 1502 υ.
2732 1448 2839 1508 13).
2875 1447 2991 1500 Vos
3017 1443 3183 1499 enim
3203 1443 3263 1498 in
3288 1442 3631 1498 libertatem
3650 1441 3851 1496 vocati
3869 1456 3951 1496 esp

2287 1535 2381 1601 tis,
2411 1534 2641 1602 fratres,
2667 1538 2898 1590 tantum
2928 1549 3004 1590 ne
3023 1533 3359 1589 libertatem
3377 1532 3439 1588 in
3459 1531 3840 1588 occasionem
3851 1530 3950 1586 do-

527 1631 588 1683 et
608 1627 868 1682 fructum
886 1627 1017 1696 ejus
1039 1641 1161 1680 non
1187 1624 1309 1680 edit
1323 1626 1350 1680 ‘l
1376 1625 1514 1696 quis
1531 1624 1726 1697 pascit
1745 1640 2010 1694 gregem,
2030 1627 2088 1679 et
2105 1622 2180 1679 de
2211 1641 2252 1696 Β
2290 1626 2361 1682 tis
2383 1625 2569 1691 carni,
2596 1631 2696 1680 sed
2724 1640 2833 1697 per
2853 1623 3202 1680 charitatem
3216 1621 3430 1678 servite
3457 1621 3742 1678 invicem.
3759 1620 3950 1692 (ibid.

527 1717 679 1773 lacte
713 1715 912 1785 gregis
940 1729 1065 1770 non
1089 1713 1422 1770 manducet
1445 1715 1472 1770 ?
1491 1714 1789 1786 Scriptum
1827 1718 1919 1770 est
1968 1713 2029 1769 in
2051 1712 2182 1783 lege

528 1805 714 1878 Moysi
745 1821 758 1859 :
790 1807 920 1860 Non
946 1803 1225 1874 alligabis
1258 1819 1326 1859 os
1354 1803 1499 1860 bovi
1547 1803 1867 1860 trituranti.
1900 1805 2182 1877 Nunquid

527 1894 607 1951 de
631 1893 832 1950 bobus
848 1909 993 1950 cura
1022 1897 1111 1950 est
1127 1892 1244 1948 Deo
1282 1893 1309 1949 ?
1331 1909 1409 1950 an
1433 1897 1678 1966 propter
1700 1909 1811 1948 nos
1831 1893 2036 1965 utique
2066 1894 2182 1950 hoc

528 1983 724 2040 dicit?
750 1987 900 2039 Nam
947 1985 1190 2055 propter
1245 1996 1358 2038 nos
1392 1982 1616 2055 scripta
1639 1986 1812 2051 sunt;
1843 1983 1896 2038 si
1924 1998 2037 2039 nos
2075 2000 2181 2040 vo-

526 2071 623 2130 bis
645 2070 976 2145 spiritualia
998 2071 1450 2140 seminavimus,
1499 2087 1794 2142 magnum
1824 2074 1930 2137 est,
1971 2073 2021 2127 si
2069 2089 2181 2128 nos

525 2160 796 2219 carnalia
821 2165 1020 2218 vestra
1049 2165 1350 2218 metamus
1377 2161 1404 2216 ?
1451 2161 1695 2217 Nescitis
1744 2160 2035 2232 quoniam
2074 2161 2182 2234 qui

528 2250 592 2307 in
621 2249 883 2308 sacrario
910 2254 1258 2323 operantur,
1275 2267 1412 2323 quas
1428 2251 1503 2306 de
1529 2250 1789 2308 sacrario
1810 2255 1950 2307 sunt
1973 2250 2178 2319 edunt,

527 2343 588 2396 et
615 2339 721 2413 qui
738 2339 919 2396 Altari
948 2339 1311 2409 deserviunt,
1341 2356 1483 2396 cum
1529 2339 1714 2396 Altari
1769 2339 2128 2412 participant
2154 2344 2182 2396 ?

527 2429 574 2502 (Ι
603 2430 743 2486 Cor.
765 2445 826 2500 x,
855 2431 909 2500 6)
941 2433 1070 2486 Non
1101 2430 1292 2486 simus
1341 2430 1834 2503 concupiscentes
1857 2429 2179 2500 malorum,

529 2515 685 2574 sicut
711 2523 770 2574 et
795 2518 879 2574 illi
908 2520 1363 2592 concupierunt.
1389 2523 1591 2592 Neque
1609 2519 1939 2576 idololatria
1965 2519 2184 2576 efﬁcia-

529 2607 698 2675 mini,
723 2607 877 2664 sicut
903 2608 1155 2680 quidam
1177 2625 1249 2665 ex
1269 2610 1434 2682 ipsis,
1454 2610 1977 2682 quemadmodum
2001 2610 2183 2683 scrip-

529 2697 660 2751 tum
713 2699 830 2750 est:
863 2696 1026 2752 Sedit
1048 2699 1311 2766 populus
1364 2699 1738 2754 manducare
1780 2705 1837 2754 et
1886 2699 2099 2761 bibere,
2127 2704 2182 2755 et

529 2789 930 2840 surrexerunt
989 2785 1197 2841 ludere
1225 2785 1281 2856 (I
1309 2787 1445 2842 Cor.
1494 2801 1554 2853 χ,
1603 2788 1716 2857 24).
1776 2787 1961 2842 Nemo
2016 2786 2183 2859 quod

532 2889 712 2929 suum
734 2876 824 2929 est
841 2878 1091 2946 quaerat,
1125 2875 1232 2930 sed
1261 2875 1426 2948 quod
1467 2875 1728 2944 alterius.
1789 2878 1978 2932 Omne
2016 2877 2183 2948 quod

526 2962 592 3019 in
611 2963 863 3020 macello
892 2964 1073 3034 venit,
1106 2965 1492 3034 manducate,
1542 2966 1692 3021 nihil
1748 2965 2182 3036 interrogantes

529 3056 774 3125 propter
798 3053 1228 3111 conscientiam
1259 3055 1430 3125 (ibid.
1454 3071 1508 3124 υ,
1544 3055 1651 3126 31).
1684 3055 1816 3111 Sive
1841 3070 1984 3125 ergo
2013 3071 2182 3111 man-

529 3141 782 3210 ducetis,
815 3143 942 3198 sive
964 3141 1186 3212 bibitis,
1213 3144 1308 3201 vel
1339 3144 1503 3200 aliud
1556 3145 1703 3216 quid
1734 3145 1943 3211 facitis,
1977 3144 2182 3201 omnia

529 3230 592 3287 in
623 3230 878 3302 gloriam
906 3233 1008 3288 Dei
1036 3232 1232 3303 facite,
1262 3235 1302 3306 (l
1349 3234 1488 3290 Cor.
1537 3250 1622 3304 xx,
1673 3237 1707 3290 4
1731 3240 1786 3290 et
1806 3235 1946 3306 seq.)
1977 3234 2181 3292 Omnis

527 3319 622 3376 vir
644 3335 850 3392 orans,
875 3325 979 3377 aut
1027 3322 1395 3394 prophetans
1425 3338 1547 3380 non
1580 3323 1775 3380 velato
1829 3324 2042 3397 capite,
2076 3325 2180 3379 de-

527 3411 735 3481 turpat
761 3415 942 3483 caput
971 3426 1150 3467 suum
1178 3428 1191 3467 :
1218 3413 1418 3468 omnis
1451 3417 1651 3469 autem
1708 3413 1922 3470 mulier
1977 3429 2178 3482 orans,

533 3502 638 3553 aut
710 3501 1080 3571 prophetans
1159 3515 1282 3557 non
1361 3502 1554 3558 velato
1631 3504 1823 3575 capite
1905 3504 2184 3576 deturpat

529 3590 717 3658 caput
795 3602 1018 3642 suum:
1095 3603 1239 3644 nam
1319 3590 1367 3644 si
1441 3606 1566 3646 non
1643 3592 1875 3648 velatur
1924 3592 2180 3662 'mulier,

509 3675 880 3744 tondeatur;
912 3676 959 3731 si
987 3691 1128 3732 vero
1169 3681 1338 3751 turpe
1389 3684 1477 3735 est
1534 3679 1768 3736 mulieri
1794 3681 2047 3754 tonderi,
2081 3691 2183 3743 aut

531 3764 850 3834 decaivari,
881 3765 1036 3822 velet
1064 3771 1248 3841 caput
1277 3784 1476 3826 suum.
1506 3771 1602 3826 Vir
1629 3771 1807 3840 igitur
1857 3788 1982 3828 non
2007 3775 2185 3833 debet

529 3855 730 3911 velare
747 3859 928 3928 caput
938 3857 1230 3929 quoniam
1244 3857 1445 3929 imago
1458 3863 1513 3916 et
1529 3860 1718 3930 gloria
1735 3867 1826 3919 est
1840 3864 1957 3919 Dei.
1978 3865 2180 3936 (Ibid.,

530 3958 586 4002 υ.
626 3945 734 4017 16).
769 3945 988 4019 Siquis
1035 3951 1236 4004 autem
1290 3948 1526 4005 videtur
1581 3953 1988 4010 contentiosus
2030 3970 2179 4023 esse,

529 4047 642 4090 nos
679 4033 867 4090 talem
901 4037 1400 4094 consuetudinem
1451 4053 1575 4096 non
1616 4039 1936 4112 habemus,
1988 4061 2182 4118 neque

530 4124 792 4180 Ecclesia
814 4124 913 4180 Dei
944 4129 989 4194 (l
1012 4126 1148 4183 Cor.
1186 4144 1268 4198 x1,
1301 4129 1410 4201 27).
1464 4130 1816 4204 Quicunque
1855 4136 2185 4194 manduca-

529 4212 676 4268 verit
704 4227 947 4285 panem,
975 4215 1068 4271 vel
1117 4215 1331 4274 biberit
1363 4219 1613 4276 calicem
1646 4222 1884 4278 Domini
1915 4223 2180 4297 indigne,

528 4313 666 4358 rens
695 4302 802 4360 erit
832 4305 1099 4377 corporis
1130 4309 1186 4361 et
1217 4309 1528 4377 sanguinis
1551 4311 1808 4366 Domini.
1845 4313 2053 4370 Probet
2078 4331 2182 4372 au-
2213 4352 2256 4406 Β

529 4394 652 4448 tem
669 4392 937 4466 seipsum
957 4395 1164 4466 homo,
1194 4401 1251 4453 et
1274 4397 1356 4453 sic
1386 4397 1462 4454 de
1496 4413 1653 4471 pane
1680 4401 1780 4457 illo
1815 4403 1971 4472 edat,
2005 4409 2060 4461 et
2107 4405 2182 4462 de

530 4481 714 4538 calice
762 4482 950 4541 bibat.
1001 4485 1109 4546 Qui
1140 4485 1301 4543 enim
1351 4488 1703 4560 manducet,
1760 4495 1816 4548 et
1845 4491 2045 4551 bibit:
2091 4494 2181 4551 in-

529 4571 730 4643 digne,
775 4572 1071 4644 judicium
1152 4575 1266 4632 sibi
1335 4577 1668 4636 manducat
1719 4583 1773 4637 et
1835 4581 1986 4640 bibit
2059 4599 2183 4643 non

529 4661 871 4734 dijudicans
893 4678 1111 4738 corpus
1141 4665 1377 4723 Domini
1403 4685 1417 4737 ;
1451 4669 1618 4741 quod
1663 4671 1713 4726 si
1748 4687 1859 4727 nos
1889 4675 2181 4749 metipsos

530 4749 1024 4822 dijudicaremus,
1083 4768 1207 4811 non
1257 4756 1462 4830 utique
1516 4756 1979 4832 judicaremur;
2035 4763 2184 4823 dum

527 4839 875 4910 judicamur
927 4846 1126 4899 autem
1177 4860 1213 4901 a
1262 4847 1516 4904 Domino
1547 4849 1921 4922 corripimur,
1955 4857 2018 4909 ut
2060 4871 2183 4911 non

532 4941 672 5019 cum
718 4929 833 4986 hoc
888 4931 1120 4990 mundo
1167 4934 1550 4993 damnemur.
1601 4938 1644 5009 (l
1704 4940 1840 4996 Cor.
1899 4959 2019 5014 XIV,
2068 4946 2181 5019 20).

532 5017 768 5072 Fratres
789 5019 926 5089 mei,
947 5021 1130 5079 nolite
1147 5025 1319 5096 pueri
1341 5025 1491 5082 efﬁci
1511 5028 1805 5102 sensibus,
1826 5033 1928 5090 sed
1956 5017 2186 5093 malitia

530 5105 766 5179 parvuli
823 5112 1048 5168 estote:
1100 5115 1376 5171 sensibus
1433 5121 1634 5174 autem
1687 5119 1932 5194 perfecti
1979 5127 2182 5183 estote.

533 5196 727 5265 (lbid.,
761 5209 813 5253 υ.
869 5199 979 5271 34).
1036 5202 1302 5262 Mulieres
1333 5206 1394 5263 in
1449 5209 1711 5266 ecclesiis
1761 5215 2014 5285 taceant,
2061 5229 2186 5273 non

535 5285 695 5343 enim
723 5288 1083 5360 permittitur
1112 5292 1197 5349 eis
1227 5294 1392 5368 loqui
1423 5299 1530 5354 sed
1561 5300 1831 5358 subditas
1861 5317 2010 5372 esse,
2037 5305 2188 5362 sicut

537 5377 595 5463 et
638 5375 734 5432 lex
783 5377 946 5434 dicit.
1002 5379 1194 5452 (Ibid,
1229 5397 1281 5439 υ.
1316 5387 1402 5438 38.
1466 5387 1521 5443 Si
1560 5389 1665 5460 qui
1696 5394 1894 5446 autem
1925 5391 2184 5463 ignorat,

536 5462 927 5556 ignorabitur.
953 5473 1180 5542 Itaque,
1214 5471 1444 5542 fratres,
1503 5478 1871 5536 eemulamini
1926 5462 2185 5556 prophe-

540 5555 701 5644 tare:
731 5558 787 5610 et
820 5555 986 5628 loqui
1034 5558 1254 5629 linguis
1301 5561 1482 5618 nolite
1540 5567 1878 5636 prohibere.
1915 5555 2074 5644 (Cor.
2103 5587 2183 5630 xv

541 5644 630 5709 33)
651 5643 1055 5718 Corrumpunt
1083 5662 1281 5708 mores
1308 5649 1504 5711 bonos
1533 5654 1836 5730 colloquia
1855 5661 2040 5720 mala.

2292 1731 2346 1771 υ.
2367 1714 2449 1786 14)
2470 1713 2689 1784 Diliges
2716 1713 3061 1785 proximum
3085 1715 3257 1767 tuum
3280 1711 3434 1766 sicut
3452 1710 3739 1782 teipsum;
3782 1708 3948 1781 quod

2291 1803 2342 1859 si
2369 1801 2625 1859 invicem
2659 1802 2967 1870 mordetis,
2999 1804 3057 1857 et
3085 1799 3418 1866 comeditis,
3447 1798 3648 1854 videte
3679 1797 3953 1854 neabin-

2287 1893 2478 1950 vicem
2507 1891 2971 1948 consumamini.
2989 1892 3213 1963 (Galat.
3235 1907 3314 1958 vr,
3343 1893 3374 1945 6
3397 1896 3453 1946 et
3467 1905 3591 1960 seq.
3611 1889 3954 1945 Communi-

2288 1987 2381 2039 cet
2409 1985 2611 2038 autem
2640 1981 2710 2052 is,
2736 1981 2838 2053 qui
2869 1980 3266 2037 catechizatur
3284 1979 3489 2046 verbo,
3506 1979 3559 2034 ei
3576 1978 3690 2050 qui
3712 1994 3777 2034 se
3804 1982 3956 2034 cate-

2288 2071 2501 2135 chizat,
2514 2070 2575 2126 in
2587 2069 2870 2127 omnibus
2882 2069 3078 2125 bonis.
3112 2068 3296 2126 Nolite
3313 2081 3510 2124 errare
3530 2085 3544 2123 :
3571 2070 3735 2122 Deus
3754 2067 3955 2123 noni:-

2286 2161 2512 2218 ridetur
2531 2179 2544 2228 ;
2569 2177 2703 2232 quae
2721 2159 2884 2216 enim
2907 2158 3290 2216 seminaverit
3302 2159 3511 2224 homo,
3524 2158 3659 2214 haec
3676 2161 3740 2212 et
3755 2161 3947 2212 metet

2359 2255 2444 2306 Ac
2476 2253 2770 2307 Erussios.
2798 2250 3038 2321 (Ephes.
3072 2267 3153 2319 ιν,
3181 2250 3274 2321 29)
3295 2248 3506 2305 Omnis
3523 2261 3730 2304 sermo
3751 2247 3951 2303 malus

2286 2357 2362 2398 ex
2387 2356 2494 2396 oro
2547 2344 2748 2397 vestro
2779 2355 2901 2396 non
2929 2339 3217 2412 procedat
3247 2357 3261 2406 ;
3295 2339 3401 2394 sed
3430 2338 3484 2394 si
3503 2338 3612 2410 qui
3648 2337 3850 2394 bonus
3873 2336 3952 2393 ad

2291 2429 2749 2487 aediﬁcationem
2797 2429 2959 2493 ﬁdei,
3009 2433 3072 2485 ut
3103 2429 3204 2485 det
3231 2429 3489 2499 gratiam
3535 2427 3950 2485 audientibus.

2286 2519 2472 2577 Nolite
2501 2519 2853 2576 contristare
2874 2517 3157 2590 Spiritum
3180 2521 3458 2574 sanctum
3508 2516 3613 2572 Dei
3639 2517 3704 2572 in
3727 2531 3854 2588 quo
3884 2515 3958 2570 si-

2287 2609 2452 2679 gnati
2465 2609 2606 2665 estis
2625 2610 2686 2664 in
2706 2609 2867 2664 diem
2887 2607 3341 2679 redemptionis.
3363 2606 3571 2664 Omnis
3586 2605 3955 2661 amaritudo.

2285 2703 2346 2754 et
2371 2699 2483 2768 ira,
2517 2702 2573 2754 et
2601 2698 2957 2769 indignatio,
2977 2697 3301 2768 ctclamor,
3333 2701 3391 2753 et
3410 2694 3814 2768 blasphemia,
3843 2694 3957 2751 tol-

2285 2787 2445 2844 latur
2471 2803 2509 2843 a
2538 2787 2707 2842 vobis
2735 2801 2876 2842 cum
2905 2786 3074 2842 omni
3103 2785 3330 2842 malitia
3355 2804 3370 2853 ;
3403 2788 3582 2841 estote
3612 2789 3823 2840 autem
3877 2785 3964 2840 in—

2285 2877 2482 2934 vicem
2511 2877 2780 2946 benigni,
2818 2876 3263 2948 misericordes,
3324 2875 3607 2932 donantes
3658 2873 3960 2940 invicem,

2212 2993 2257 3052 c
2287 2967 2443 3024 sicut
2470 2970 2527 3023 et
2552 2967 2707 3022 Deus
2738 2967 2802 3022 in
2831 2966 3064 3022 Christo
3090 2966 3338 3022 donavit
3382 2964 3569 3021 vobis.
3599 2963 3858 3035 (Ephes,
3902 2977 3954 3030 ν,

2294 3055 2578 3129 ll)Nolite
2607 3055 3060 3112 communicare
3077 3053 3359 3128 operibus
3386 3052 3778 3110 infrucmosis
3797 3057 3958 3108 tene-

2289 3145 2561 3208 brarum,
2618 3145 2814 3216 magis
2869 3148 3068 3201 autem
3127 3143 3469 3213 redarguite
3509 3161 3523 3210 ;
3557 3141 3755 3212 (lbid.,
3791 3159 3845 3199 υ.
3899 3141 3956 3196 18

2286 3234 2468 3291 nolite
2499 3233 2783 3289 inebriari
2813 3233 2977 3305 vino,
3032 3233 3096 3289 in
3160 3249 3282 3306 quo
3340 3237 3431 3288 est
3452 3231 3720 3288 luxuria.
3765 3231 3955 3299 (ibid,

2289 3339 2348 3390 υ,
2398 3325 2489 3396 22)
2542 3322 2807 3380 Mulieres
2863 3323 3006 3378 viris
3057 3323 3182 3378 suis
3214 3321 3468 3378 subditas
3495 3321 3639 3392 sint,
3669 3321 3833 3377 sicut
3858 3321 3956 3376 Do-

2289 3411 2477 3479 mino,
2551 3412 2845 3484 quoniam
2901 3410 2992 3468 vir
3064 3415 3248 3483 caput
3320 3413 3410 3466 est
3461 3409 3759 3476 mulieris,
3815 3409 3956 3466 sicut

2291 3501 2556 3559 Christus
2587 3504 2768 3573 caput
2821 3502 2917 3557 est
2968 3499 3261 3558 Ecclesiae.
3293 3499 3434 3564 Viri,
3483 3498 3718 3569 diligite
3745 3513 3956 3554 uxores

2288 3595 2539 3657 vestras,
2617 3589 2769 3644 sicut
2851 3593 2909 3646 et
2987 3589 3250 3646 Christus
3326 3588 3532 3645 dilexit
3607 3587 3953 3648 Ecclesiam.

2289 3682 2345 3734 et
2373 3679 2639 3752 seipsum
2668 3678 2912 3735 tradidit
2941 3694 3052 3751 pro
3081 3695 3174 3746 ea,
3207 3682 3271 3734 ut
3315 3677 3481 3733 illam
3532 3677 3952 3744 sanctiﬁcaret,

2287 3769 2596 3825 mundans
2643 3767 2884 3824 lavacro
2915 3782 3089 3841 aquas
3119 3768 3180 3823 in
3209 3767 3388 3824 verbo
3419 3766 3575 3834 vitm,
3609 3770 3679 3822 ut
3705 3767 3949 3822 exhibe-

2286 3861 2377 3914 ret
2401 3858 2530 3930 ipsc
2551 3857 2664 3913 sibi
2685 3873 2821 3913 eam
2853 3857 3202 3927 gloriosam.
3237 3856 3348 3922 Qui
3377 3871 3554 3913 suam
3585 3871 3846 3912 uxorem
3870 3855 3956 3910 di-

2285 3947 2434 4018 ligit,
2464 3948 2732 4020 seipsum
2761 3947 2971 4017 diligit.
3006 3951 3191 4004 Nemo
3221 3947 3383 4004 enim
3411 3961 3688 4018 unquam
3711 3961 3958 4002 carnem

2291 4052 2469 4094 suam
2493 4036 2635 4093 odio
2663 4037 2896 4106 habuit,
2929 4037 3036 4093 sed
3055 4037 3237 4093 nutrit
3273 4040 3330 4093 et
3357 4036 3519 4093 fovet
3545 4051 3706 4101 eam,
3741 4036 3960 4091 sicutet

2291 4128 2556 4185 Christus
2613 4127 2954 4184 Ecclesiam.
3013 4127 3257 4199 (Ep/tes.
3296 4143 3356 4196 v,
3387 4131 3481 4194 29)
3532 4126 3681 4195 Filii,
3714 4126 3958 4181 obedite

2291 4217 2640 4289 parentibus
2668 4216 2880 4274 vestris
2900 4217 2964 4272 in
2985 4216 3261 4285 Domino,
3277 4216 3391 4272 hoc
3408 4215 3571 4271 enim
3586 4216 3828 4287 justum
3848 4219 3955 4270 est.

2292 4307 2530 4378 (Ephes.
2571 4323 2649 4376 v1,
2688 4306 2734 4366 1)
2763 4309 2830 4362 Et
2859 4321 2966 4362 vos
2995 4310 3221 4378 patres,
3245 4304 3428 4362 nolite
3454 4305 3535 4360 ad
3563 4303 3948 4361 iracundiam

2290 4409 2618 4468 provocare
2647 4395 2800 4450 filios
2831 4400 3082 4466 vestros,
3105 4396 3212 4452 sed
3240 4395 3491 4452 educato
3523 4395 3654 4451 illos
3681 4395 3741 4450 in
3773 4393 3961 4449 disci-

2291 4483 2457 4556 plina
2481 4487 2540 4539 et
2577 4483 2950 4556 correptione
2983 4485 3238 4540 Domini.
3276 4483 3442 4540 Servi
3470 4483 3712 4540 obedite
3741 4481 3950 4539 domi-

2292 4573 2385 4628 nis
2411 4572 2755 4629 carnalibus
2785 4588 2926 4628 cum
2965 4574 3131 4630 omni
3162 4573 3392 4639 timore,
3445 4577 3502 4629 et
3554 4577 3846 4634 tremore,
3901 4573 3964 4629 in

2292 4663 2609 4735 disciplina
2639 4667 2695 4719 et
2737 4663 3111 4737 correptione
3166 4662 3423 4719 Domini.
3475 4662 3663 4729 Servi,
3716 4661 3962 4718 ohedite

2292 4753 2555 4809 dominis
2575 4753 2918 4809 carnalibus
2951 4769 3092 4809 cum
3121 4752 3287 4809 omni
3318 4752 3552 4818 timore,
3579 4756 3638 4808 et
3674 4756 3961 4816 tremore,

2292 4841 2354 4897 in
2381 4842 2756 4915 simplicitate
2785 4842 2998 4898 cordis
3026 4842 3222 4914 vestri,
3255 4841 3408 4898 sicut
3427 4841 3661 4898 Christo
3694 4857 3869 4899 :non
3888 4841 3965 4898 ad

2293 4931 2536 4988 oculum
2593 4931 2938 5000 servientes,
2993 4931 3175 5004 quasi
3219 4931 3567 4987 hominibus
3623 4929 3964 5002 placentes,

2267 5013 2400 5076 sed
2431 5024 2495 5075 ut
2523 5020 2675 5076 servi
2707 5020 2938 5089 Christi,
2984 5018 3270 5077 facientes
3295 5020 3674 5076 voluntatem
3719 5021 3836 5076 Dei
3891 5036 3960 5076 ex

2295 5110 2519 5178 animo,
2545 5125 2684 5166 cum
2699 5111 2862 5166 bona
2878 5110 3202 5167 voluntate.
3220 5111 3288 5167 Et
3308 5125 3436 5180 vos,
3457 5109 3716 5179 domini,
3740 5111 3967 5166 eadem

2292 5198 2468 5256 facite
2525 5199 2662 5272 illis,
2753 5200 3121 5257 remittentes
3180 5200 3418 5256 minas:
3479 5199 3741 5256 scientes
3799 5199 3969 5274 quod

2295 5293 2353 5347 et
2379 5289 2638 5356 illorum,
2668 5293 2726 5345 et
2752 5293 2946 5346 vester
2966 5289 3256 5346 Dominus
3285 5293 3376 5346 est
3420 5290 3481 5345 in
3511 5287 3710 5355 caelis,
3739 5294 3806 5347 et
3836 5305 3968 5364 per-

2295 5393 2581 5434 sonarum
2613 5378 2882 5449 acceptio
2914 5378 3078 5451 apud
3100 5379 3287 5434 Deum
3319 5393 3442 5435 non
3462 5381 3570 5435 est.

2369 5487 2453 5540 An
2479 5487 2899 5542 PHILIPPENSES.
2929 5486 3179 5557 (Philip.
3216 5502 3276 5552 ιι,
3311 5489 3366 5554 3)
3393 5483 3543 5541 Nihil
3581 5499 3696 5558 per
3717 5491 3959 5543 conten-

2299 5572 2542 5641 tionem,
2564 5588 2759 5648 neque
2779 5590 2886 5649 per
2906 5576 3150 5633 inanem
3175 5574 3450 5648 gloriam,
3475 5573 3580 5630 sed
3619 5573 3688 5630 in
3716 5572 3955 5631 humili-

2275 5665 2420 5725 tate
2452 5663 2789 5738 superiores
2808 5665 2919 5724 sibi
2946 5665 3202 5726 inviccm
3230 5665 3609 5732 arbitrantes,
3660 5679 3792 5724 non
3824 5677 3956 5738 qua
