4158 6192
305 197 441 254 M37

1343 157 1819 254 ιεἰιοιιιιιιιριυιι
1858 195 1944 249 sx
1979 192 2216 251 smus
2255 195 2665 254 summas.

3577 201 3715 261 1438

297 334 412 376 sua
440 321 584 377 sunt
632 318 850 389 singuli
885 319 1351 389 considerantes,
1385 321 1487 377 sed
1529 336 1602 376 ea
1645 334 1781 392 quae
1811 317 1956 374 alio-
1986 321 2029 372 Λ
2067 321 2374 380 seniorem
2403 335 2480 378 ne
2503 321 2929 395 increpaveris,
2953 323 3058 379 sed
3087 323 3340 381 obsecra
3364 329 3430 382 ut
3446 329 3714 398 patrem;

295 425 456 468 rum.
481 409 679 481 ([ὺίά..
704 425 737 466 υ
768 410 852 476 14)
882 409 1094 465 Omnia
1118 415 1319 466 autem
1344 411 1519 467 facite
1543 410 1671 466 sine
1693 423 1959 466 murmu-

294 497 656 568 rationibus,
684 499 1250 567 ethwsitationibus,
1280 504 1345 556 ut
1374 501 1502 557 sitis
1531 501 1660 557 sine
1687 497 1954 572 querela,

296 592 355 646 et
384 587 689 660 simplices
715 587 822 644 ﬁlii
852 589 971 655 Dei,
1004 589 1132 646 sine
1159 590 1641 662 reprehensione.

367 686 452 734 Au
471 676 880 734 Comsssnses.
909 678 1060 747 (σοι.
1083 695 1142 744 v,
1210 684 1264 735 et
1285 681 1430 752 seq.)
1452 680 1790 736 Mortiﬁcate
1809 695 1954 749 ergo

295 766 578 824 membra
608 770 830 834 vestra,
857 783 996 839 qua;
1028 772 1167 824 sunt
1193 784 1373 842 super
1406 773 1627 826 terram
1655 788 1668 836 ;
1699 769 1954 824 fornica-

295 855 542 923 tionem,
595 854 1066 926 immunditiam,
1125 856 1458 924 libidinem,
1527 857 1955 929 concupiscen-

297 945 441 1002 tiam
480 944 730 1014 malam,
755 949 811 1002 et
834 946 1168 1014 avaritiam,
1199 963 1334 1020 quae
1374 954 1464 1004 est
1490 947 1952 1004 simulacrorum

296 1033 574 1090 servitus.
600 1038 768 1091 Nunc
789 1039 988 1091 autem
1011 1035 1291 1109 deponite
1312 1042 1370 1094 et
1396 1053 1500 1094 vos
1527 1037 1754 1109 omnia,
1775 1037 1951 1105 iram,

295 1122 797 1193 indignationem,
843 1123 1156 1195 malitiam,
1203 1126 1666 1199 blasphemiam,
1716 1132 1954 1200 turpem

293 1228 638 1270 sermonem
677 1213 753 1269 de
798 1229 901 1270 ore
941 1218 1178 1283 vestro;
1208 1215 1388 1274 nolite
1416 1217 1649 1274 mentiri
1676 1217 1953 1286 invicem,

297 1301 666 1374 expoliantes
718 1318 824 1357 vos
864 1306 1125 1360 veterem
1180 1305 1489 1362 hominem
1533 1322 1670 1363 cum
1726 1306 1956 1363 actibus

299 1391 452 1461 ejus,
486 1395 544 1447 et
581 1390 898 1446 induentes
928 1408 1176 1460 novum,
1200 1393 1305 1466 qui
1333 1399 1654 1451 renovatur
1696 1396 1755 1451 in
1788 1395 1953 1466 agni-

295 1477 543 1550 tionem,
603 1476 938 1536 secundum
989 1477 1316 1552 imaginem
1371 1481 1519 1554 ejus,
1579 1483 1684 1557 qui
1736 1483 1957 1540 creavit

295 1577 470 1636 eum;
502 1567 734 1624 induite
776 1583 884 1624 vos
930 1584 1070 1639 ergo
1119 1568 1271 1626 sicut
1313 1567 1479 1627 electi
1523 1573 1647 1643 Dei,
1687 1571 1878 1629 sancti
1902 1575 1959 1626 et

2059 416 2310 487 juvenes
2339 416 2405 468 ut
2434 411 2683 482 fratres;
2713 427 2868 468 anus
2900 417 2964 469 ut
2991 418 3252 481 matres;
3276 415 3633 485 juvenculas
3652 420 3719 475 ut

2065 519 2300 560 sorores
2339 502 2401 556 in
2454 501 2620 556 omni
2673 502 2964 558 castitate.
3005 503 3226 560 Viduas
3275 503 3529 573 honora,
3579 520 3716 578 quae

2061 608 2198 649 vere
2226 590 2427 647 viduas
2459 593 2620 659 sunt,
2663 589 2714 646 si
2741 605 2864 662 qua
2889 594 3092 648 autem
3119 591 3305 650 vidua
3320 593 3474 650 ﬁlios
3493 599 3599 651 aut
3615 607 3718 652 ne-

2061 681 2234 750 potes
2265 675 2468 742 habet,
2493 674 2684 731 discat
2710 675 2975 747 primum
3005 675 3260 735 domum
3290 694 3469 734 suam
3489 691 3718 752 regere,

2061 768 2119 822 et
2141 768 2418 820 mutuam
2472 763 2667 819 vicem
2706 763 2956 820 reddere
2998 765 3386 838 parentibus:
3414 769 3532 823 hoc
3557 769 3719 826 enim

2060 857 2376 925 acceptum
2406 855 2495 908 est
2521 868 2727 908 coram
2755 855 2896 909 Deo.
2927 857 3077 910 Nam
3101 871 3238 928 qua
3267 856 3330 912 in
3357 855 3584 912 deliciis
3609 860 3718 929 est,

2062 943 2267 998 vivens
2305 946 2544 997 mortua
2578 946 2703 1011 est;
2737 942 2926 998 ethoc
2953 943 3230 1016 principe,
3259 949 3324 1002 ut
3349 945 3720 1018 inreprehen-

2061 1030 2262 1087 sibiles
2310 1031 2445 1086 sint.
2494 1030 2552 1085 Si
2600 1029 2739 1102 quis
2793 1035 2997 1088 autem
3050 1045 3322 1101 suorum,
3363 1037 3422 1090 et
3456 1035 3720 1091 maxime

2060 1120 2530 1177 domesticorum
2580 1135 2788 1177 curam
2828 1136 2952 1176 non
2999 1121 3201 1190 habet,
3227 1122 3414 1180 ﬁdem
3460 1124 3719 1195 negavit,

2063 1215 2120 1268 et
2149 1215 2236 1268 est
2264 1210 2492 1267 inﬁdeli
2536 1211 2811 1267 deterior.
2842 1211 3034 1269 Vidua
3065 1213 3316 1284 eligatur
3359 1229 3482 1270 non
3519 1215 3720 1271 minus

2065 1301 2380 1370 sexaginta
2427 1315 2752 1372 annorum,
2785 1317 2918 1374 qum
2964 1301 3140 1359 fuerit
3186 1303 3366 1359 unius
3413 1303 3524 1360 viri
3549 1319 3720 1371 uxor,

2062 1389 2125 1446 in
2175 1389 2462 1462 operibus
2509 1389 2684 1445 bonis
2729 1391 3139 1447 testimonium
3191 1393 3445 1463 habens,
3476 1392 3526 1448 si
3567 1392 3720 1448 ﬁlios

2065 1478 2366 1544 educavit,
2389 1477 2439 1532 si
2491 1477 2751 1549 hospitio
2798 1481 3042 1552 recepit,
3069 1480 3120 1536 si
3148 1485 3493 1538 sanctorum
3537 1481 3723 1555 pedes

2064 1566 2230 1634 lavit,
2263 1565 2314 1620 si
2337 1565 2783 1622 tribulationem
2825 1567 3189 1638 patientibus
3228 1569 3720 1638 subministravit,

296 1656 519 1725 dilecti,
549 1657 777 1714 viscera
800 1657 1249 1728 misericordiae,
1276 1659 1727 1731 benignitatem,
1757 1659 1956 1716 humi-
1986 1674 2030 1732 Β
2066 1655 2117 1712 si
2155 1671 2336 1712 omne
2375 1671 2530 1727 opus
2572 1655 2805 1712 bonum
2857 1656 3180 1714 subsecuta
3217 1662 3323 1714 est.
3371 1657 3725 1713 Adolescen-

295 1745 546 1814 litatem,
579 1745 961 1818 modestiam,
993 1747 1342 1820 patientiam
1371 1766 1383 1804 :
1413 1754 1834 1822 supportantes
1866 1749 1958 1804 in-

299 1835 494 1891 vicem
518 1840 574 1893 et
604 1837 895 1892 donantes
928 1837 1386 1909 vobismetipsis,
1423 1838 1473 1893 si
1502 1839 1636 1911 quis
1667 1839 1958 1896 adversus

298 1922 566 1996 aliquem
632 1923 814 1981 habet
877 1924 1204 1998 querelam.
1264 1925 1444 1988 Ibid.,
1502 1940 1555 1982 v.
1629 1924 1714 1998 17)
1769 1929 1958 1984 Omne

299 2011 707 2087 quodcunque
737 2013 928 2070 facitis
957 2014 1018 2068 in
1049 2013 1258 2083 verbo,
1291 2019 1395 2070 aut
1423 2015 1484 2070 in
1517 2031 1718 2088 opere,
1753 2017 1959 2072 omnia

296 2101 361 2157 in
386 2103 632 2158 nomine
654 2101 890 2158 Domini
917 2104 1052 2158 Jesu
1073 2102 1303 2170 Christi,
1329 2103 1550 2172 gratias
1573 2108 1814 2173 agentes
1836 2105 1957 2160 Deo

295 2194 356 2246 et
387 2191 537 2246 Patri
556 2207 664 2263 per
700 2192 923 2264 ipsum.
955 2189 1106 2261 (Col.
1133 2207 1208 2260 1v,
1242 2192 1290 2262 6)
1327 2193 1533 2248 Sermo
1562 2197 1756 2248 vester
1799 2209 1956 2250 sem-

293 2295 405 2354 per
433 2280 637 2350 gratiaa
681 2279 802 2336 sale
853 2279 930 2336 sit
969 2279 1266 2348 conditus,
1295 2284 1360 2338 ut
1403 2281 1604 2338 sciatis
1645 2280 1956 2355 quomodo

294 2374 569 2443 oporteat
592 2385 702 2425 vos
724 2367 1053 2442 unicuique
1083 2369 1467 2441 respondere.

365 2464 448 2514 Au
476 2462 1036 2516 Tusssuomcsxses
1073 2461 1111 2514 Ι.
1147 2460 1199 2530 (I
1251 2460 1450 2517 Thess.
1484 2477 1541 2528 χ,
1571 2462 1622 2532 4)
1653 2465 1956 2532 Rogamus

302 2552 507 2604 autem
535 2564 664 2614 vos,
696 2548 929 2615 fratres;
959 2551 1023 2602 ut
1052 2547 1372 2605 abundetis
1403 2551 1595 2622 magis
1627 2557 1682 2606 et
1707 2567 1957 2624 operam

296 2635 468 2704 detis,
492 2640 558 2692 ut
587 2636 773 2709 quieti
799 2636 942 2704 sitis,
971 2640 1028 2692 et
1047 2641 1113 2692 ut
1141 2642 1405 2694 vestrum
1451 2639 1762 2709 negotium
1809 2656 1957 2710 aga-

297 2725 391 2792 tis,
423 2729 480 2781 et
509 2725 842 2797 operamini
881 2724 1164 2780 manibus
1211 2726 1438 2796 vestris,
1468 2726 1620 2783 sicut
1667 2729 1955 2801 praecepi-

295 2830 434 2870 mus
476 2813 670 2882 vobis,
701 2818 756 2868 et
809 2818 874 2867 ut
922 2813 1170 2868 honeste
1227 2813 1546 2872 ambuletis
1596 2815 1676 2874 ad
1713 2831 1816 2874 eos
1847 2818 1954 2890 qui

295 2903 438 2960 foris
471 2907 630 2973 sunt,
655 2906 712 2958 et
734 2901 955 2958 nullius
977 2901 1205 2974 aliquid
1233 2903 1601 2960 desideretis.

369 2995 454 3046 Au
496 2995 1046 3048 TBESSALONICENSEB
1073 2995 1140 3047 ll.
1177 2992 1259 3062 (ΙΙ
1287 2993 1483 3048 Thess.
1516 3009 1596 3058 Ili,
1629 2994 1684 3066 6)
1708 2995 1946 3049 Denun-

299 3079 521 3135 tiamus
575 3083 775 3135 autem
827 3078 1019 3148 vobis,
1050 3078 1279 3148 fratres,
1310 3079 1370 3135 in
1420 3080 1663 3136 nomine
1718 3083 1953 3138 Domini

295 3168 481 3224 nostri
522 3171 662 3224 Jesu
706 3168 940 3238 Christi,
993 3173 1055 3224 ut
1103 3168 1467 3225 subtrahatis
1510 3186 1614 3226 vos
1666 3170 1744 3226 ab
1789 3171 1956 3227 omni

292 3255 474 3313 fratre
521 3256 868 3314 ambulante
926 3254 1282 3314 inordinate.
1343 3257 1522 3329 Ibid.,
1574 3274 1627 3315 v.
1693 3260 1774 3332 10)
1805 3261 1953 3318 Cum

295 3363 564 3404 essemus
619 3348 783 3421 apud
834 3365 966 3417 vos,
1010 3347 1125 3403 hoc
1172 3347 1682 3405 denuntiabamus
1729 3350 1952 3408 vobis:

289 3438 584 3510 quoniam
619 3438 672 3494 si
700 3437 837 3511 quis
865 3452 989 3494 non
1017 3437 1144 3494 vult
1166 3437 1422 3512 operari,
1454 3454 1565 3495 nec
1586 3438 1952 3512 manducet;

290 3527 634 3583 audivimus
673 3527 832 3584 enim
874 3526 1026 3583 inter
1060 3541 1170 3584 vos
1217 3527 1518 3601 quosdam
1553 3528 1865 3587 ambulare
1890 3529 1956 3588 in

286 3617 509 3689 quiete,
559 3617 707 3673 nihil
759 3618 1096 3689 operantes,
1132 3617 1237 3672 sed
1293 3618 1524 3674 curiose
1575 3622 1838 3689 agentes.
1873 3621 1954 3676 iis

291 3709 518 3777 autem,
554 3707 660 3780 qui
694 3706 991 3778 ejusmodi
1023 3709 1178 3774 sunt,
1212 3706 1663 3781 denuntiamus,
1697 3712 1753 3765 ct
1777 3709 1954 3768 obse-

291 3812 538 3852 cramus
586 3797 648 3852 in
682 3797 938 3852 Domino
977 3796 1118 3852 Jesu
1167 3794 1415 3868 Christo,
1451 3800 1516 3852 ut
1543 3808 1683 3853 cum
1723 3796 1954 3856 silentio

290 3890 631 3959 operantes,
663 3901 842 3942 suum
889 3900 1112 3958 panem
1168 3884 1555 3942 manducent.
1589 3890 1702 3942 Vos
1729 3892 1952 3960 autem,

290 3975 527 4044 fratres,
558 3976 738 4033 nolite
782 3975 1039 4032 deﬁcere
1089 3974 1528 4031 benefacientes
1549 3987 1573 4016 ι
1611 3975 1692 4042 (in
1725 3976 1954 4034 Christo

290 4069 434 4122 Jesu
461 4069 710 4123 Domino
740 4067 988 4136 nostro).

366 4160 448 4212 An
497 4155 982 4226 Tiuorasuu.l([
1012 4156 1157 4211 Tim.
1191 4169 1264 4225 ιι,
1291 4157 1345 4221 9)
1393 4153 1667 4211 Similiter
1715 4157 1773 4211 et
1818 4170 1953 4212 mu-

287 4247 468 4304 lieres
507 4246 570 4302 in
606 4245 818 4303 habitu
865 4249 1094 4308 ornato,
1145 4260 1285 4301 cum
1341 4245 1724 4314 verecundia,
1753 4250 1812 4301 et
1857 4262 1951 4302 so-

285 4335 540 4394 brietate
592 4339 875 4393 amantes
921 4352 984 4392 se
1029 4350 1153 4392 non
1203 4335 1264 4391 in
1310 4335 1474 4392 tortis
1523 4335 1813 4400 crinibus,
1848 4339 1951 4393 aut

289 4391 1009 4496 statement.
1073 4391 1168 4482 .31
1241 4391 1403 4482 veste
1470 4425 1730 4496 pretiosa.
1775 4391 1809 4482 ξ’
1844 4391 1951 4482 εδδ
1982 4391 2026 4444 D

287 4513 464 4587 quod
509 4515 680 4573 decet
730 4514 1032 4582 mulieres,
1063 4515 1479 4586 promittentes
1537 4513 1818 4584 pietatem
1845 4529 1952 4586 per

285 4619 479 4678 opera
514 4604 678 4662 bona
708 4624 722 4674 ;
749 4603 962 4660 mulier
992 4603 1055 4659 iu
1098 4603 1330 4660 silentio
1368 4602 1562 4658 discat
1605 4619 1747 4659 cum
1781 4606 1948 4662 omni

285 4689 660 4760 subjectione
687 4707 700 4745 :
731 4689 947 4745 docere
993 4691 1195 4744 autem
1226 4686 1458 4742 mulieri
1489 4702 1613 4743 non
1645 4687 1951 4761 permitto,

285 4794 490 4851 neque
536 4778 836 4836 dominari
883 4778 942 4835 in
991 4777 1210 4845 virum,
1254 4775 1361 4831 sed
1408 4791 1537 4832 esse
1584 4776 1646 4832 in
1699 4775 1950 4834 silentio.

285 4871 334 4940 (l
395 4869 537 4925 Tim.
611 4885 690 4937 ιιι,
751 4870 833 4939 11)
899 4866 1163 4922 Mulieres
1231 4865 1413 4922 simul
1485 4866 1760 4938 pudicas,
1827 4882 1951 4925 non

286 4959 693 5029 detrahentes,
726 4957 987 5028 sobrias,
1016 4955 1222 5012 ﬁdeles
1272 4956 1332 5010 in
1379 4955 1683 5012 omnibus.
1719 4958 1756 5028 (1
1804 4957 1949 5012 Tim.

287 5065 376 5117 iv,
421 5053 473 5120 7)
523 5052 760 5121 Ineptas
813 5051 868 5103 et
927 5045 1114 5102 aniles
1171 5044 1408 5101 fabulas
1466 5044 1684 5112 devita,
1744 5059 1952 5100 exerce

283 5140 491 5195 autem
519 5139 779 5212 teipsum
813 5137 892 5192 ad
912 5135 1214 5209 pietatem.
1245 5137 1393 5192 Nam
1425 5133 1759 5206 corporalis
1787 5149 1954 5190 exer-

291 5227 496 5285 citatio
559 5227 640 5284 ad
704 5225 1015 5285 modicum
1087 5225 1245 5282 utilis
1314 5228 1421 5293 est,
1485 5223 1954 5297 promissionem

280 5317 519 5375 habens
547 5318 704 5389 vitae,
727 5331 864 5390 quas
892 5331 1056 5374 nunc
1085 5320 1192 5380 est,
1218 5319 1275 5373 et
1302 5315 1536 5372 tuturis.
1562 5319 1606 5384 (l
1646 5316 1794 5372 Tim.
1818 5332 1873 5385 v,
1902 5316 1953 5387 l)

359 5476 383 5504 ι
446 5467 578 5519 Haec
610 5462 842 5519 addidit
864 5460 1124 5534 Scriptor
1152 5465 1377 5534 noster,
1408 5458 1487 5515 ad
1507 5459 1682 5534 hunc
1694 5458 1950 5534 modum

284 5535 710 5608 interpretans,
738 5550 873 5607 quis
901 5529 1038 5606 post
1077 5531 1442 5588 versiculum
1479 5534 1540 5586 13
1570 5529 1776 5587 scribit
1805 5533 1950 5588 Pau-

283 5606 667 5748 luEOVulgata
699 5691 712 5730 :
744 5675 1047 5747 alligabit.

2067 1744 2246 1801 tiores
2275 1748 2479 1802 autem
2529 1743 2743 1800 viduas
2771 1744 2974 1802 devita
3002 1763 3015 1815 ;
3047 1762 3187 1802 cum
3213 1746 3374 1802 enim
3410 1745 3722 1802 luxuriata

2065 1832 2284 1889 fuerint
2309 1832 2372 1888 in
2401 1832 2649 1901 Christo,
2697 1833 2923 1890 nubere
2953 1835 3164 1892 volunt
3195 1852 3208 1890 :
3238 1835 3528 1892 habentes
3555 1834 3723 1891 dam-

2065 1920 2375 1978 nationem
2403 1921 2571 1994 quod
2604 1921 2864 1994 primam
2904 1922 3088 1980 ﬁdem
3134 1921 3361 1980 irritam
3406 1923 3675 1980 fecerunt
3705 1941 3721 1992 ;

2067 2010 2247 2066 simul
2291 2013 2514 2080 autem,
2543 2014 2598 2067 et
2637 2012 2839 2067 otiosa:
2886 2011 3126 2068 discunt
3171 2012 3415 2068 circuire
3461 2012 3719 2067 domos:

2066 2117 2190 2157 non
2239 2101 2434 2156 solum
2485 2101 2716 2172 otiosas,
2765 2100 2872 2158 sed
2920 2105 2978 2158 et
3030 2099 3322 2170 verbosas,
3365 2105 3421 2158 et
3450 2101 3720 2170 curiosae,

2064 2189 2380 2263 loquentes
2440 2205 2574 2262 qua;
2625 2206 2752 2247 non
2822 2195 3072 2262 oportet.
3129 2192 3320 2261 (lbid.,
3373 2206 3426 2247 υ.
3479 2192 3565 2260 17)
3612 2190 3724 2256 Qui

2063 2277 2220 2336 bene
2276 2284 2541 2352 praesunt
2602 2277 2958 2354 presbyteri,
3003 2277 3227 2353 duplici
3273 2281 3502 2337 honore
3557 2279 3725 2352 digni

2064 2368 2383 2441 habentur,
2413 2369 2675 2426 maxime
2723 2369 2827 2443 qui
2860 2367 3138 2426 laborant
3164 2371 3225 2426 in
3255 2371 3462 2436 verbo,
3495 2374 3552 2427 et
3580 2369 3724 2426 doc-

2063 2460 2264 2527 trina;
2297 2460 2439 2516 dicit
2493 2459 2654 2516 enim
2707 2460 3046 2532 Scriptura:
3074 2475 3198 2516 non
3227 2461 3254 2500 δ
3282 2459 3611 2517 infrenabis
3656 2477 3725 2516 os

2063 2549 2205 2605 bovi
2255 2549 2574 2616 trituranti,
2608 2553 2664 2605 et
2692 2549 2912 2618 dignus
2945 2553 3033 2605 est
3080 2551 3395 2622 operarius
3450 2549 3726 2606 mercede

2064 2654 2196 2696 sua.
2228 2640 2423 2709 (lbid.,
2457 2653 2512 2695 υ.
2553 2639 2644 2710 20)
2674 2639 2996 2696 Peccantes
3039 2655 3248 2695 coram
3293 2639 3578 2695 omnibus
3628 2654 3724 2694 ar-

2065 2743 2200 2797 gue,
2236 2732 2301 2783 ut
2331 2731 2386 2783 et
2417 2727 2611 2783 caeteri
2659 2728 2938 2783 timorem
2985 2727 3268 2783 habeant.
3303 2727 3346 2798 (Ι
3372 2729 3518 2784 Tim.
3550 2742 3628 2794 v1,
3673 2725 3726 2796 1)

2067 2817 2442 2888 Quicumque
2486 2820 2627 2872 sunt
2681 2816 2797 2872 sub
2837 2817 2986 2888 jugo
3043 2817 3216 2886 servi,
3262 2815 3542 2872 dominos
3581 2831 3724 2872 suos

2064 2905 2233 2960 omni
2252 2905 2480 2959 honore
2511 2905 2725 2974 dignos
2757 2904 3137 2959 arbitrentur.
3174 2905 3366 2974 (Ibid.,
3409 2919 3463 2959 v.
3487 2909 3543 2971 7)
3573 2903 3726 2959 Nihil

2066 2993 2225 3048 enim
2279 2993 2589 3048 intulimus
2620 2993 2680 3048 in
2724 2995 2887 3049 hunc
2932 2994 3185 3048 modum
3219 3011 3232 3061 ;
3267 2993 3434 3048 haud
3469 2992 3725 3050 dubium

2065 3082 2232 3155 quod
2257 3098 2366 3138 nec
2396 3082 2628 3139 auferre
2653 3082 2802 3155 quid
2827 3095 3178 3154 possumus,
3202 3081 3493 3138 habentes
3523 3085 3724 3137 autem

2063 3172 2366 3241 alimenta,
2397 3177 2455 3230 et
2500 3172 2722 3245 quibus
2753 3177 3050 3243 tegamur,
3079 3171 3172 3228 his
3203 3171 3466 3228 contenti
3513 3171 3721 3226 simus.

2063 3265 2213 3317 Nam
2261 3261 2364 3336 qui
2415 3260 2624 3317 volunt
2661 3260 2870 3317 divites
2920 3259 3064 3328 ﬁeri,
3126 3259 3398 3316 incidunt
3441 3259 3502 3314 in
3535 3263 3726 3316 tenta-

2065 3349 2308 3421 tionem,
2355 3355 2411 3408 et
2448 3350 2738 3424 laqueum
2799 3349 3046 3420 diaboli,
3096 3352 3154 3406 et
3202 3347 3498 3406 desideria
3535 3349 3728 3406 multa

2060 3439 2310 3512 inutilia,
2339 3443 2397 3497 et
2424 3440 2661 3507 nociva,
2685 3455 2820 3515 quae
2842 3442 3122 3510 mergunt
3143 3437 3419 3496 homines
3439 3438 3502 3493 in
3527 3436 3723 3494 interi-

2062 3531 2191 3586 tum
2223 3532 2278 3586 et
2303 3529 2727 3603 perditionem.

2138 3624 2218 3675 Αι)
2271 3621 2597 3676 Τιιιοτιιειιιι
2630 3622 2695 3676 ll.
2731 3619 2799 3693 (li
2858 3619 3003 3676 Tim.
3039 3623 3096 3690 ll,
3129 3619 3182 3692 4)
3227 3619 3414 3674 Nemo
3461 3617 3727 3674 militans

2065 3713 2185 3766 Deo
2205 3709 2474 3782 implicat
2501 3724 2564 3765 se
2594 3708 2850 3781 negotiis
2882 3707 3298 3774 saecularibus,
3324 3711 3389 3762 ut
3415 3707 3469 3763 ei
3497 3706 3731 3780 placeat

2066 3797 2161 3855 cui
2193 3815 2254 3854 se
2292 3799 2588 3871 probavit.
2622 3799 2815 3870 (Ibid.,
2843 3813 2898 3853 υ.
2956 3799 3036 3867 14)
3071 3796 3196 3852 Noli
3241 3795 3439 3852 verbis
3489 3800 3729 3853 conten-

2065 3887 2206 3942 dere
2241 3904 2254 3938 :
2286 3887 2364 3941 ad
2393 3885 2540 3940 nihil
2572 3885 2709 3941 utile
2742 3888 2847 3946 est,
2881 3883 2995 3938 nisi
3031 3882 3110 3938 ad
3139 3882 3594 3937 subversionem
3619 3897 3727 3938 au-

2065 3973 2376 4030 dientium.
2399 3978 2417 4000 °
2444 3971 2631 4028 Radix
2663 3970 2936 4027 omnium
2967 3969 3266 4025 malorum
3295 3971 3387 4024 est
3408 3968 3724 4041 cupiditas.

2062 4063 2086 4094 ⁴
2112 4062 2370 4118 Profana
2395 4064 2596 4118 autem
2627 4065 2684 4117 et
2714 4058 2918 4117 inania
2946 4057 3290 4128 vaniloquia
3326 4057 3545 4114 devita.
3663 4091 3667 4094 -
3723 4119 3727 4123 ,

2137 4155 2218 4207 An
2247 4155 2441 4207 Tmm.
2472 4151 2611 4222 (Tit.
2644 4166 2702 4218 ιι,
2749 4151 2796 4222 1)
2831 4149 2922 4205 Τιι
2951 4153 3153 4205 autem
3178 4147 3425 4220 loquere
3455 4161 3594 4219 quas
3623 4145 3726 4202 de-

2067 4245 2201 4298 cent
2227 4257 2439 4298 sanam
2461 4239 2820 4298 doctrinam.
2845 4242 3026 4297 Senes
3050 4243 3114 4294 ut
3130 4237 3311 4294 sobrii
3343 4237 3478 4309 sint,
3501 4235 3726 4311 pudici,

2063 4331 2413 4404 prudentes,
2439 4330 2569 4387 sani
2605 4329 2669 4386 in
2705 4329 2925 4399 ﬁde,in
2965 4327 3300 4399 dilectione,
3331 4326 3395 4383 in
3415 4325 3724 4398 patientia.

2065 4428 2230 4479 Anus
2261 4422 2526 4479 similiter
2549 4422 2611 4478 in
2635 4421 2845 4478 habitu
2868 4425 3098 4492 sancto,
3120 4435 3246 4475 non
3274 4418 3725 4485 criminatriees,

2065 4529 2190 4568 non
2247 4513 2389 4568 vino
2439 4511 2702 4568 multum
2749 4511 3090 4577 servientes,
3120 4508 3278 4565 bene
3327 4507 3633 4575 docentes,
3664 4509 3730 4564 ut

2065 4600 2453 4673 prudentiam
2479 4599 2740 4655 doceant
2776 4597 3278 4666 adolescentulas,
3308 4600 3374 4652 ut
3398 4597 3556 4652 viros
3586 4611 3728 4652 suos

2064 4693 2289 4754 ament,
2321 4689 2474 4746 ﬁlios
2506 4704 2650 4746 suos
2695 4688 2982 4758 diligant;
3012 4687 3359 4761 prudentes,
3391 4689 3613 4757 castas,
3635 4701 3728 4740 so-

2063 4779 2473 4850 brias,domus
2515 4795 2724 4835 curam
2769 4777 3081 4843 habentes,
3117 4775 3433 4846 benignas,
3453 4773 3726 4832 subditas

2064 4870 2187 4926 suis
2210 4869 2389 4937 viris;
2419 4870 2669 4939 juvenes
2701 4866 2967 4925 similiter
2998 4867 3235 4922 hortare
3259 4869 3322 4920 ut
3343 4861 3528 4920 sobrii
3561 4863 3678 4920 sint
3709 4898 3723 4948 ς

2063 4959 2203 5034 (Tit.
2220 4976 2300 5026 ιιι,
2319 4963 2337 5013 1
2352 4958 2644 5031 )admone
2666 4957 2818 5029 illos,
2848 4953 3242 5030 principibus,
3257 4958 3314 5010 et
3331 4953 3725 5026 potestatibus

2063 5045 2332 5104 subditos
2365 5045 2691 5117 essc,dicto
2723 5043 3081 5113 obedire,ad
3111 5057 3288 5100 omne
3310 5058 3462 5116 opus
3487 5042 3724 5099 bonum

2060 5141 2303 5211 paratos
2319 5153 2474 5193 esse.
2493 5135 2802 5198 Neminem
2818 5134 3266 5206 blasphemare,
3283 5145 3404 5190 non
3430 5130 3723 5204 litigiosos

2061 5243 2208 5289 esse,
2235 5226 2339 5282 sed
2361 5226 2688 5295 modestos,
2713 5239 2956 5280 omnem
2978 5223 3358 5280 ostendentes
3382 5223 3726 5278 mansuetu-

2060 5315 2262 5372 dinem
2275 5315 2352 5371 ad
2365 5329 2577 5373 omnes
2600 5313 2895 5370 homines.
2917 5314 3106 5382 (lbid.,
3139 5313 3254 5384 v.9)
3280 5310 3497 5368 Stultas
3519 5311 3719 5364 autem

2127 5463 2184 5513 °I
2214 5459 2360 5515 Tim.
2385 5476 2465 5528 v1,
2495 5462 2576 5515 10.
2606 5457 2968 5530 Allegandus
3007 5458 3209 5528 itaque
3251 5453 3377 5508 erat
3401 5449 3569 5505 locus
3615 5449 3721 5506 iste

2059 5534 2400 5658 an‘t‘l‘liil‘im.
2421 5617 2480 5672 ιι,
2510 5605 2591 5659 16.
2617 5602 2816 5659 Codex
2836 5598 3019 5656 habet
3035 5601 3090 5672 et.
3120 5596 3290 5652 ίηαηί
3313 5593 3570 5666 loquela’
3614 5607 3722 5666 per

2064 5667 2694 5746 manifestum'utique
2723 5667 3123 5732 Amanuensis
3157 5678 3438 5726 errorem.
