4160 6186
489 193 626 250 M39

1461 187 1815 247 EXCERPTA
1852 191 1894 246 Ε
1931 186 2369 247 ΡΟΙΤΙΡΙΟΑῙᾸ
2405 186 2462 244 S.
2503 186 2909 244 PRUDENTII.

3725 188 3904 246 ’1440

487 314 871 389 quaestiones,
895 316 952 369 et
980 312 1383 384 genealogias,
1418 317 1474 372 et
1497 314 1926 381 contentiones,
1955 316 2013 368 et
2038 327 2141 385 pu-
2170 317 2215 369 A
2256 309 2344 366 tis.
2363 309 2560 382 (Ibid.,
2584 316 2668 368 v.t
2686 317 2704 366 1
2721 310 2955 383 )Omnis
2978 314 3179 366 autem
3201 308 3518 382 disciplina
3540 307 3604 364 in
3638 314 3914 382 praesenti

489 421 639 475 gnas
666 402 813 473 legis
838 402 1038 458 devita
1063 420 1076 470 ;
1099 402 1449 460 haereticum
1464 403 1774 460 hominem
1805 408 2142 478 postunam

490 498 548 550 et
574 490 904 550 secundam
931 492 1367 566 correptionem
1395 493 1616 550 devita.

560 592 646 646 An
668 593 962 648 Heenzsos.
983 591 1274 662 (Hebmn,
1294 591 1382 663 t2)
1399 591 1622 659 Videte,
1644 592 1873 660 fratres,
1889 607 1965 648 ne
1995 590 2144 647 forte

490 681 566 736 sit
583 679 644 736 in
664 679 868 752 aliquo
893 684 1160 736 vestrum
1183 697 1286 736 cor
1309 681 1538 738 malum
1554 681 2005 746 incredulitatis,
2025 680 2146 736 dis-

491 767 742 825 cedendi
764 784 800 823 a
822 769 939 824 Deo
960 768 1094 824 vivo
1118 787 1132 837 ;
1156 770 1258 841 [Et
1271 776 1404 840 post
1415 770 1841 842 plura](Hebr.
1856 786 1916 832 x,
1932 770 2019 840 35)
2035 784 2144 826 no-

490 856 588 914 lite
615 857 814 930 itaque
827 858 1096 914 amittere
1117 857 1541 914 conﬁdentiam
1560 863 1838 926 vestram,
1859 874 1996 931 quae
2022 873 2149 914 ma-

493 961 677 1017 gnam
689 945 874 1002 habet
891 946 1433 1003 remunerationem
1453 965 1467 1016 ;
1491 947 1776 1020 patientia
1796 947 1956 1003 enim
1975 946 2148 1003 vobis

493 1034 832 1092 necessaria
856 1039 1037 1104 est,ut
1062 1035 1431 1092 voluntatem
1460 1035 1558 1092 Dei
1582 1035 1864 1094 facientes
1885 1040 2149 1110 reporte-

495 1124 570 1182 tis
611 1123 1142 1195 repromissionem
1172 1125 1378 1191 (Hebr.
1407 1140 1508 1194 xu,
1533 1125 1604 1196 5).
1632 1124 1733 1180 Fili
1777 1125 1879 1192 mi,
1908 1124 2028 1180 noli
2051 1140 2151 1180 ne-

497 1213 719 1284 gligere
749 1212 1134 1286 disciplinam
1174 1214 1427 1284 Domini,
1458 1229 1655 1286 neque
1686 1214 1970 1283 fadgeris.
2005 1213 2152 1270 dum

498 1302 577 1361 ab
607 1317 677 1358 eo
707 1303 975 1372 argueris
1001 1319 1015 1359 :
1042 1317 1226 1376 quem
1255 1303 1415 1359 enim
1436 1303 1630 1373 diligit
1660 1303 2157 1374 Dominus,casti-

500 1394 637 1461 gat;
659 1390 922 1459 ﬂagellat
944 1395 1147 1448 autem
1189 1407 1433 1448 omnem
1484 1391 1692 1456 ﬁlium,
1715 1407 1898 1464 quem
1926 1393 2152 1466 recipit.

502 1483 568 1536 In
587 1478 909 1551 disciplina
950 1485 1328 1552 perseverate
1353 1499 1366 1536 :
1403 1484 1693 1551 tanquam
1725 1480 1857 1536 ﬁliis
1882 1481 2055 1536 vobis
2075 1481 2160 1536 of-

502 1567 614 1624 fert
635 1583 698 1623 se
719 1569 906 1634 Deus;
931 1569 1067 1640 quis
1115 1567 1277 1622 enim
1316 1567 1492 1635 ﬁlius,
1517 1583 1702 1640 quem
1746 1583 1868 1624 non
1916 1569 2162 1642 corripit

2252 398 2499 472 quidem
2525 400 2758 456 videtur
2779 415 2903 456 non
2925 415 3061 456 esse
3079 397 3302 470 gaudii,
3318 397 3422 454 sed
3439 399 3727 455 mmroris
3747 418 3762 468 ;
3781 416 3917 473 pos-

2255 492 2354 545 tea
2391 491 2596 545 autem
2635 489 2894 546 fructum
2925 487 3386 563 pacatissimum
3424 487 3775 545 exercitatis
3815 505 3919 563 per

2253 591 2409 647 eam,
2431 577 2642 634 reddet
2654 577 2917 649 justitiae.
2944 577 3145 645 (Ibid,
3171 593 3224 633 υ.
3251 576 3338 647 14)
3360 578 3574 633 Pacem
3597 577 3928 650 sequimini

2253 681 2393 722 cum
2413 667 2718 736 omnibus,
2749 671 2806 724 et
2826 666 3312 735 sanctimoniam,
3346 668 3471 722 sine
3487 682 3613 738 qua
3634 683 3823 723 nemo
3846 668 3932 724 vi-

2254 755 2418 812 debit
2435 760 2642 813 Deum.
2669 758 2875 828 (Hebr.
2900 774 3017 824 xm,
3038 757 3360 830 t)Charitas
3380 756 3770 814 fraternitatis
3799 775 3931 816 ma-

2254 850 2396 904 neat
2410 845 2471 901 in
2491 845 2750 912 vobis,et
2778 846 3246 919 hospitalitatem
3266 845 3445 902 nolite
3474 845 3789 903 oblivisci:
3819 864 3931 921 per

2255 937 2412 992 hanc
2442 934 2603 989 enim
2635 934 2991 1007 placuerunt
3011 934 3285 1008 quidam.
3305 933 3535 1005 angelis
3559 933 3831 1008 hospitio
3842 952 3932 992 re-

2259 1022 2688 1097 ceptis.(Ibid.,
2717 1039 2768 1080 v.
2815 1021 3152 1095 t7)Obedite
3200 1022 3538 1096 praepositis
3580 1023 3816 1092 vestris,
3875 1030 3934 1080 et

2261 1113 2566 1184 subjacete
2585 1112 2672 1168 eis
2691 1131 2704 1168 :
2729 1113 2842 1186 ipsi
2865 1113 3027 1170 enim
3045 1112 3407 1186 pervigilant
3430 1114 3609 1186 quasi
3629 1114 3930 1171 rationem

2261 1219 2372 1277 pro
2385 1202 2707 1259 animabus
2726 1203 2937 1258 vestris
2968 1202 3281 1269 reddituri,
3303 1207 3369 1260 ut
3386 1219 3528 1260 cum
3560 1204 3782 1274 gaudio
3806 1205 3931 1261 hoc

2271 1293 2510 1362 faciant,
2541 1297 2598 1348 et
2623 1308 2745 1349 non
2774 1296 3102 1362 gementes.

2285 1437 2290 1442 ‘
2339 1429 2657 1500 Ludovicus
2682 1428 2873 1482 Caesar
2901 1430 3088 1483 factus
3117 1434 3431 1483 coronante
3463 1428 3789 1500 Stephano.

2339 1499 2458 1572 Hoc
2485 1500 2545 1572 in
2569 1501 2700 1552 sede
2719 1517 2868 1572 papa
2898 1517 3106 1569 magno
3130 1500 3508 1572 tunc'AEsebo
3536 1499 3820 1571 pontifex.

2340 1569 2737 1625 Fundamenta
2754 1569 3050 1625 renovavit
3079 1576 3286 1624 cuncta
3306 1569 3416 1626 loci
3445 1569 3640 1626 istius.

504 1655 896 1727 pater?Quod
930 1655 977 1709 si
1007 1658 1174 1710 extra
1199 1654 1582 1727 disciplinam
1605 1656 1762 1711 estis.
1787 1657 1960 1727 cujus
1981 1641 2162 1730 parti-
2193 1671 2232 1724 Β
2340 1641 2513 1696 Urbis
2535 1645 2673 1712 jura
2702 1643 2811 1696 “ibi
2843 1643 3094 1696 διιδάθηε
3116 1642 3337 1698 Ρτεθειιὶ
3371 1643 3537 1697 aluit
3568 1644 3790 1698 omnia.

503 1758 648 1816 ceps
663 1742 801 1800 facti
821 1743 964 1799 estis
985 1758 1196 1798 omnes
1223 1761 1235 1798 :
1261 1758 1402 1814 ergo
1433 1743 1707 1811 adulteri,
1734 1750 1790 1801 et
1809 1761 1931 1802 non
1948 1745 2051 1802 ﬁlii
2072 1763 2165 1802 es-

612 1873 630 1896 '
655 1869 924 1923 Fortasse
944 1868 1235 1947 Eusebius
1270 1886 1282 1921 :
1311 1867 1425 1923 Sed
1452 1868 1624 1947 cujus
1677 1869 1924 1926 civitatis
1957 1870 2296 1944 episcopus,
2330 1887 2434 1927 seu
2464 1872 2728 1944 pontifex
2774 1871 2967 1945 fuerit,
3001 1872 3294 1929 Eusebius
3316 1875 3444 1941 iste,
3476 1873 3582 1947 qui
3611 1871 3816 1929 aedem
3850 1891 3943 1930 sa-

507 1953 674 1994 cram
704 1939 1034 2007 renovavit,
1067 1939 1348 2010 ignorare
1383 1956 1480 1996 me
1503 1940 1712 1997 fateor.

1081 2228 1636 2383 EXCERPTA
1694 2231 1828 2382 EX
1884 2230 2550 2384 PONTIFIGALI
2607 2233 2694 2384 S.
2757 2233 3364 2408 PltllllllN'lll,

2113 2466 2314 2536 SIVE

1187 2639 1642 2733 ANTIQUI
1684 2639 2007 2720 RITUS
2049 2639 2593 2721 ECCLESI/E
2631 2639 3256 2722 TRECENSIS.

1545 2801 1745 2875 (Apud
1774 2804 2042 2866 Martem,
2067 2800 2143 2857 de
2173 2805 2304 2859 Ant.
2339 2803 2490 2858 Eccl.
2523 2803 2656 2874 Rit.,
2691 2809 2836 2861 tom.
2872 2806 2942 2877 1.)

750 3205 939 3263 ORDO
977 3207 1070 3262 AD
1111 3207 1537 3264 VlSlTANDUM
1579 3203 1949 3260 INFIRMUM.

600 3315 749 3372 Cum
794 3313 1137 3384 ingreditur
1181 3312 1455 3369 sacerdos
1503 3311 1584 3366 ad
1613 3310 1980 3367 uisitandum
2010 3310 2182 3378 inﬁr-

520 3420 682 3460 mum
705 3403 973 3471 primum
999 3401 1160 3456 dicat
1186 3415 1198 3454 :
1229 3403 1348 3456 Pax
1379 3399 1519 3456 huic
1553 3397 1762 3454 domui
1793 3401 1883 3453 111.
1915 3397 1991 3452 Et
2022 3412 2178 3467 resp.

522 3494 588 3546 Et
613 3506 751 3546 cum
779 3488 1050 3560 spirituo.
1084 3489 1310 3544 Deinde
1329 3487 1565 3557 antiph.
1603 3485 1874 3554 Benedic,
1915 3485 2183 3548 Domine,

523 3577 778 3634 domum
807 3575 1002 3629 istam.
1036 3575 1116 3628 Et
1143 3581 1507 3642 aspergatur
1530 3589 1691 3645 aqua
1718 3574 2025 3630 benedicta
2048 3588 2185 3628 cum

525 3667 706 3722 odore
735 3663 981 3719 incensi.
1007 3663 1219 3718 Postea
1246 3663 1408 3718 dicat
1441 3662 1752 3718 Orationes
1776 3678 1789 3716 :

597 3751 846 3809 Domine
872 3753 1048 3819 Deus,
1074 3749 1178 3823 qui
1207 3765 1314 3823 per
1343 3749 1690 3824 apostolum
1732 3754 1904 3806 tuum
1950 3748 2186 3806 locutus

527 3860 612 3911 es,
634 3847 745 3899 etc.

1272 3930 1438 3986 Alia.

600 4040 922 4097 Dominum
949 4041 1151 4095 Jesum
1181 4037 1478 4094 Christum
1529 4054 1666 4094 cum
1697 4037 1865 4094 omni
1889 4036 2188 4111 supplica-

529 4131 710 4197 tione,
742 4142 1050 4197 rogemus,
1079 4131 1188 4184 etc.

1274 4217 1437 4273 Alia.

613 4327 924 4392 Succurre,
960 4323 1475 4393 Domine,inﬁrmo
1505 4323 1776 4390 istiN.,et
1799 4322 2034 4378 medica
2051 4337 2191 4376 eum

533 4413 781 4488 spiritali
811 4411 1233 4482 medicamine,
1260 4411 1595 4484 utpristinae
1627 4411 1868 4468 sanitati
1890 4411 2192 4467 restitutus

532 4504 860 4577 gratiarum
883 4503 989 4560 tibi
1013 4517 1198 4560 sanus
1221 4500 1440 4558 referat
1462 4501 1747 4557 actiones.
1777 4503 1901 4557 Per.

1284 4606 1440 4662 Alia.

607 4659 764 4778 Deus
799 4717 900 4790 qui
946 4715 1174 4774 famulo
1199 4720 1303 4771 tuo
1335 4714 1592 4770 Ezechiae
1619 4717 1705 4770 ter
1744 4713 1964 4786 quinos
2000 4727 2196 4768 annos

539 4809 617 4868 ad
642 4811 853 4877 vitam,
881 4811 991 4865 etc.

1288 4895 1451 4950 Alia.

615 5003 879 5074 Respice,
912 5003 1183 5075 Domine,
1216 5001 1512 5059 famulum
1562 5003 1732 5058 tuum
1769 5000 1830 5056 in
1860 4997 2203 5056 inﬁrmitate

547 5089 640 5145 sui
669 5089 954 5160 corporis,
983 5095 1092 5148 etc.

1290 5181 1452 5238 Atia.

552 5382 660 5433 etc.

1299 5464 1462 5520 Atia.

626 5573 918 5629 Virtutum
953 5571 1284 5630 caelestium
1314 5571 1487 5641 Deus,
1513 5571 1617 5642 qui
1650 5572 1728 5628 ab
1775 5571 2060 5630 humanis
2085 5586 2213 5628 cor-

557 5661 830 5737 poribus,
863 5667 972 5721 etc.

3036 3063 3199 3119 Alia.

2365 3204 2610 3260 Domine
2633 3208 2856 3273 sancte,
2886 3208 3051 3262 Pater
3082 3203 3492 3276 omnipotens,
3523 3206 3736 3258 aeterne
3767 3205 3955 3267 Deus,

2291 3295 2402 3349 etc.

2363 3402 2577 3458 Postea
2593 3402 2753 3458 dicat
2771 3402 2852 3458 ad
2867 3403 3170 3471 inﬁrmum
3200 3417 3213 3456 :
3245 3399 3398 3466 Quid
3417 3415 3517 3455 me
3536 3414 3718 3456 vocas
3733 3398 3916 3454 frater
3931 3400 3957 3454 ?

2292 3492 2624 3560 Respondet
2654 3492 2760 3547 ille
2784 3508 2796 3546 :
2823 3496 2888 3547 ut
2917 3491 3062 3547 mihi
3104 3489 3524 3563 paenitentiam
3567 3487 3796 3544 tradas.
3826 3489 3957 3544 Res-

2289 3581 2511 3652 pondet
2533 3581 2808 3638 sacerdos
2837 3597 2850 3634 :
2884 3582 2989 3636 Det
3018 3579 3126 3636 tibi
3163 3577 3454 3635 Dominus
3482 3580 3620 3632 Jesu
3690 3577 3955 3632 Christus

2292 3669 2553 3725 veniam.
2575 3671 2797 3725 Tamen
2835 3669 2884 3724 si
2926 3667 3214 3724 Dominus
3255 3665 3601 3739 respexerit,
3659 3665 3956 3721 custodias

2294 3755 2459 3813 illam
2482 3757 2511 3813 ?
2537 3757 2906 3827 Respondet:
2937 3755 3303 3812 Custodiam.

2377 3864 2542 3919 Tunc
2569 3864 2846 3920 sacerdos
2863 3863 3048 3933 faciet
3071 3877 3308 3919 crucem
3330 3876 3359 3918 e
3389 3862 3592 3918 cinere
3621 3875 3805 3930 super
3829 3874 3958 3929 pec-

2300 3958 2394 4008 tus
2436 3954 2584 4023 ejus,
2617 3957 2672 4009 et
2721 3953 2982 4020 imponet
3019 3953 3283 4008 cilicium
3333 3965 3516 4020 super
3571 3957 3757 4020 caput
3811 3951 3954 4018 ejus.

2298 4043 2442 4098 Post
2475 4043 2599 4098 have
2628 4043 2898 4112 sequitur
2913 4042 3136 4098 oratio:

2377 4151 2563 4204 Deum
2595 4147 3069 4221 omnipotentem
3104 4161 3175 4203 ac
3204 4143 3682 4210 misericordem,
3711 4143 3814 4216 qui
3840 4156 3960 4196 non

2301 4237 2427 4292 vult
2468 4242 2722 4293 mortem
2757 4241 3164 4309 peccatorum,
3198 4234 3303 4290 sed
3357 4239 3418 4290 ut
3459 4237 3886 4290 convertantur
3909 4236 3964 4285 et

2299 4328 2526 4388 vivant.
2557 4326 2769 4382 fratres
2817 4326 3168 4393 cbarissimi,
3195 4324 3498 4398 supplices
3547 4323 3962 4395 deprecemur,

2301 4421 2364 4472 ut
2395 4430 2752 4470 conversum
2769 4415 2849 4470 ad
2868 4415 3108 4471 veniam
3136 4418 3358 4471 rectam
3380 4411 3677 4469 famulum
3701 4425 3880 4466 suum
3896 4411 3962 4464 Ν.

2301 4503 2724 4560 misericordiae
2755 4519 2878 4559 suae
2908 4504 3148 4559 veniam
3178 4501 3534 4576 propitiatus
3557 4498 3890 4569 indulgeat,
3912 4502 3968 4552 et

2305 4594 2357 4650 si
2381 4610 2506 4667 qua
2531 4599 2668 4649 sunt
2694 4593 3009 4666 culparum
3059 4608 3311 4648 suarum
3337 4590 3610 4656 vulnera,
3639 4605 3780 4662 quae
3830 4591 3972 4660 post

2306 4685 2457 4742 sacri
2492 4684 2716 4741 lavacri
2760 4683 2991 4740 undam
3047 4683 3323 4750 attraxit;
3348 4682 3432 4737 ita
3477 4679 3538 4736 in
3581 4679 3698 4734 hac
3728 4676 3975 4751 publica

2297 4775 2682 4832 confessione
2702 4774 2917 4831 delicta
2936 4778 3244 4841 sanentur,
3276 4776 3340 4830 ut
3360 4770 3527 4828 nulla
3551 4771 3612 4827 in
3639 4785 3713 4826 eo
3744 4768 3976 4824 cicatri-

2309 4883 2449 4924 cum
2488 4866 2664 4937 signa
2691 4867 3062 4922 remaneant.
3088 4867 3214 4920 Per.

3055 5006 3218 5062 Alia.

2385 5120 2539 5175 Deus
2558 5119 2860 5189 justorum
2887 5114 3095 5185 gloria,
3130 5111 3543 5170 misericordia
3564 5112 3981 5183 peccatorum,

2315 5209 2396 5265 da
2418 5207 2559 5264 huic
2577 5205 2804 5263 famulo
2825 5208 2928 5260 tuo
2955 5207 2998 5259 N
3007 5246 3019 5259 .
3038 5201 3283 5275 plenam
3302 5198 3691 5271 indulgentiae
3711 5197 3982 5261 veniam,

621 5291 775 5345 Deus
816 5282 922 5359 (1οί
961 5283 1230 5341 humano
1278 5287 1556 5356 Benefici
1583 5287 1790 5344 Salutis
1847 5283 2206 5355 remedium,
2315 5296 2679 5371 poenitentiae
2709 5294 2840 5352 loco
2869 5296 3148 5349 exoratus
3171 5289 3520 5361 indulge,ut
3547 5287 3653 5361 qui
3675 5285 3985 5360 praeterita

2319 5392 2566 5462 peccata
2603 5385 2894 5458 deplorat,
2925 5382 3126 5438 futura
3155 5381 3319 5437 mala
3361 5395 3485 5436 non
3514 5377 3756 5446 sentiat,
3787 5389 3986 5448 neque

2315 5478 2445 5549 jam
2475 5475 2720 5532 ulterius
2741 5470 3004 5542 lugendo
3033 5470 3388 5532 committat.
3441 5466 3679 5523 Dimitte
3702 5465 3758 5521 ei
3779 5463 3985 5522 omnia

2321 5565 2591 5632 crimina,
2624 5568 2680 5618 et
2699 5563 2758 5618 in
2787 5560 3010 5616 semitis
3029 5575 3168 5615 eum
3186 5559 3429 5630 justitiae
3453 5555 3729 5629 placatus
3751 5559 3982 5611 restau-

2322 5671 2428 5714 ra:
2461 5657 2527 5714 ut
2551 5668 2798 5712 securus
2825 5654 3126 5709 mereatur
3154 5648 3439 5723 deinceps
3479 5647 3632 5705 inter
3656 5650 3799 5705 tuos
3831 5644 3983 5703 bene
