4160 6186
230 166 351 220 MM

239 372 382 429 nire.
408 373 532 426 Per.

971 457 1134 515 Alia.

307 548 545 607 Domine
571 550 726 620 Deus
754 547 1644 622 omnipotens,sempiterne,qui
1675 563 1882 621 pecca-

239 645 430 698 torum
459 637 899 708 indulgentiam
928 637 989 694 in
1009 639 1388 696 confessione
1415 639 1588 696 celeri
1607 639 1880 712 posuisti,

237 744 509 786 succurre
533 727 742 802 lapsis,
774 743 1056 785 miserere
1079 729 1270 800 fessis,
1330 733 1396 786 ut
1436 744 1592 801 quos
1641 727 1882 784 delicto-

235 835 367 876 rum
394 821 607 874 catena
635 816 1008 888 constringit,
1041 817 1345 875 miseratio
1375 822 1489 875 tua
1514 817 1753 891 pietatis
1775 817 1883 874 ab-

244 907 450 964 solvat.
482 907 612 963 Per.

311 997 472 1053 Tunc
499 996 778 1064 inﬁrmus
821 996 983 1052 dicat
1033 997 1362 1053 orationem
1415 997 1787 1053 Dominicam
1830 1000 1885 1052 et

232 1086 564 1158 symbolum
611 1101 745 1142 cum
776 1085 1091 1156 signaculo
1119 1091 1342 1142 sancta
1401 1087 1731 1142 Trinitatis.
1783 1086 1886 1140 In-

233 1180 490 1246 terraget
520 1173 798 1232 sacerdos
819 1174 942 1229 ita:

301 1264 400 1320 Vis
430 1262 729 1320 dimittere
753 1262 868 1331 his,
897 1263 1003 1336 qui
1032 1263 1093 1319 in
1146 1268 1200 1320 te
1229 1267 1649 1336 peccaverunt,
1683 1263 1888 1320 omnia

231 1358 294 1411 ut
320 1357 376 1411 et
411 1354 569 1409 Deus
599 1351 858 1409 dimittat
889 1351 991 1408 tibi
1022 1354 1227 1409 omnia
1279 1357 1524 1426 peccata
1582 1358 1704 1422 tua,
1755 1353 1886 1424 ipso

229 1442 500 1498 dicente:
547 1440 605 1498 Si
634 1456 756 1498 non
776 1441 1119 1498 remiseritis
1146 1441 1495 1498 hominibus
1524 1445 1770 1515 peccata
1793 1457 1890 1498 eo-

204 1548 385 1609 rum,
417 1548 532 1590 nec
560 1532 734 1588 Pater
761 1535 958 1587 vester
987 1531 1240 1588 calestis
1269 1531 1524 1588 dimittet
1551 1530 1722 1587 vobis
1752 1546 1889 1603 pec-

1238 156 1588 220 EXCEBPTA
1617 157 1656 213 E
1685 151 2122 212 PONTIFICALI
2149 155 2205 211 S.
2239 151 2616 210 PRUDENTll

234 281 444 342 meritis
471 293 734 349 currere,
758 279 816 334 et
843 279 922 335 ad
952 279 1120 352 pacis
1153 284 1374 338 aeterna
1392 279 1640 353 pramia
1669 294 1874 353 perve—
1905 281 1953 335 A

3501 161 3638 216 1442

2061 369 2379 426 Benedicat
2408 371 2462 424 te
2482 368 2639 424 Deus
2661 277 3182 439 Patelglcustodiat
3206 372 3264 426 te
3277 372 3449 428 Jesus
3478 373 3642 431 Chri-

1990 461 2136 529 stus,
2166 462 2276 516 etc.

2061 546 2377 605 Benedicat
2403 551 2458 604 te
2513 547 2668 604 Deus
2728 551 2915 621 Pater,
2985 554 3159 607 sanet
3202 554 3259 608 te
3291 549 3393 608 Dei
3442 550 3640 621 Filius,

1991 639 2100 692 etc.

2063 791 2452 887 omnipotens
2481 725 3008 889 sempiter‘r‘ifitgeus
3027 817 3134 890 qui
3155 818 3437 876 subvenis
3457 819 3519 877 in
3539 835 3645 894 pe-

1992 900 2213 968 riculis,
2243 906 2352 959 etc.

2304 991 2755 1050 Benedictiones
2785 1009 2961 1064 super
3006 995 3335 1064 inﬁrmum.

2067 1079 2358 1136 Dominus
2382 1080 2558 1136 Jesus
2585 1081 2848 1138 Christus
2879 1082 3042 1156 apud
3067 1087 3124 1140 te
3141 1084 3234 1155 sit,
3265 1089 3330 1142 ut
3357 1089 3413 1142 te
3442 1085 3654 1144 defen-.

1995 1167 2120 1235 dat,
2148 1172 2258 1226 etc.

2069 1257 2385 1315 Benedicat
2410 1261 2464 1314 te
2495 1259 2650 1314 Deus
2679 1259 2833 1330 cali,
2867 1265 2979 1318 etc.

2069 1345 2390 1403 Benedicat
2413 1351 2467 1403 te
2498 1350 2655 1404 Deus
2696 1351 2882 1419 Pater,
2917 1350 3105 1424 quiin
3135 1351 3431 1426 principio
3469 1367 3650 1410 cunc-

1998 1438 2059 1491 ta
2098 1436 2337 1506 creavit,
2359 1442 2473 1492 etc.

2072 1525 2227 1578 Deus
2259 1525 2449 1591 Pater,
2482 1526 2637 1579 Deus
2679 1524 2877 1594 Filius,
2909 1528 3065 1582 Deus
3096 1528 3346 1600 Spiritus
3384 1534 3650 1600 sanctus,

230 1625 366 1678 cata
380 1620 632 1677 vestra?
662 1621 732 1677 Si
755 1635 875 1676 non
909 1621 1037 1677 vult
1087 1620 1406 1689 dimittere,
1448 1635 1569 1677 non
1596 1620 1886 1690 suscipias
1917 1633 1961 1687 Β
2001 1614 2109 1668 etc.
2202 1669 2206 1675 .

233 1713 360 1782 ejus
391 1709 838 1780 confessionem.
872 1710 946 1765 Et
978 1711 1217 1782 require
1271 1725 1403 1767 eum
1460 1710 1783 1781 diligenter
1837 1709 1890 1764 si

231 1806 316 1856 est
345 1800 754 1870 incestuasus;
780 1805 836 1856 et
864 1800 917 1854 si
937 1800 1066 1855 vult
1105 1799 1404 1856 dimittere
1451 1800 1580 1868 ipsa
1637 1799 1886 1868 incesta,

231 1888 312 1944 da
338 1889 394 1945 ei
406 1888 852 1958 paenitentiam;
880 1893 934 1944 et
954 1889 1006 1944 si
1032 1904 1153 1945 non
1176 1889 1325 1956 vult,
1360 1889 1488 1944 noli
1508 1887 1656 1944 dare
1685 1888 1742 1944 ei
1758 1901 1887 1957 pce-

228 1978 570 2034 nitentiam.
599 1977 672 2033 Et
700 1981 834 2047 post
863 1977 988 2033 hac
1009 1978 1369 2046 conﬁteatur
1393 1977 1596 2034 omnia
1641 1981 1890 2046 peccata

228 2081 341 2122 sua
378 2071 676 2138 quantum
707 2065 1020 2122 recordari
1039 2071 1269 2134 potest:
1326 2071 1380 2122 et
1407 2071 1539 2136 post
1573 2063 1698 2122 haec
1727 2064 1891 2121 dicat

231 2153 358 2212 haec
383 2155 610 2211 verba:
658 2152 836 2210 Multa
866 2157 1028 2224 sunt,
1055 2153 1326 2217 Domine,
1385 2157 1634 2226 peccata
1662 2168 1800 2209 mea
1827 2153 1885 2209 in

228 2243 453 2311 verbis,
486 2243 548 2298 in
579 2241 772 2313 factis,
798 2242 859 2298 in
895 2241 1376 2312 cogitationibus.
1404 2244 1484 2299 Et
1527 2243 1777 2300 inclinet
1831 2257 1892 2300 se

228 2332 314 2390 ad
339 2346 546 2404 genua
570 2331 916 2389 sacerdotis.
944 2332 1107 2389 Tunc
1155 2332 1317 2389 dicat
1364 2332 1638 2390 sacerdos
1677 2333 1894 2390 oratio-

229 2436 366 2478 nem
389 2427 530 2491 post
556 2421 1019 2491 confessionem:

305 2510 564 2566 Domine
642 2513 868 2577 sancte,
946 2511 1116 2566 Pater
1201 2509 1602 2582 omnipotens,
1675 2513 1892 2566 aeterne

227 2600 418 2669 Deus,
451 2601 682 2655 creator
713 2601 770 2654 et
813 2602 1195 2655 conservator
1218 2599 1468 2655 humani
1499 2598 1758 2669 generis,
1788 2598 1895 2671 qui

229 2687 621 2761 peccantium
660 2686 1071 2761 paenitentiam
1118 2688 1208 2744 vis
1248 2688 1446 2761 potius
1497 2703 1684 2761 quam
1739 2703 1895 2744 mor-

229 2781 355 2833 tem
387 2793 400 2845 ;
430 2773 593 2831 hunc
625 2791 864 2832 servum
915 2781 1106 2844 tuum,
1156 2777 1260 2849 qui
1320 2775 1532 2833 mundi
1591 2775 1894 2833 erroribus

227 2865 469 2938 lapsus,
507 2868 686 2938 atque
717 2864 940 2922 diaboli
959 2865 1335 2921 infestatione
1384 2866 1693 2936 deceptus,
1724 2879 1892 2937 pros-

231 2957 436 3046 tratus
453 2953 645 3024 jacet:
676 2956 813 3009 ante
859 2956 1258 3046 conspectum
1298 2952 1629 3046 maiestatis
1659 2956 1798 3046 tua,
1830 2957 1892 3008 tu
1923 2991 1963 3046 Ο

230 3042 346 3116 qui
369 3041 512 3115 pius
542 3057 606 3098 es
635 3046 693 3098 et
716 3042 1074 3111 misericors,
1103 3041 1351 3114 respice,
1379 3046 1438 3098 et
1467 3043 1625 3112 erige
1651 3041 1888 3110 elisum,

230 3131 409 3188 solve
449 3130 876 3204 compeditum,
937 3129 1210 3186 illumina
1257 3147 1506 3201 cacum,
1568 3135 1625 3187 et
1680 3147 1893 3188 revoca

228 3236 380 3277 eum
410 3220 492 3276 ad
521 3219 794 3276 salutem.
829 3219 921 3274 Tu
947 3219 1108 3274 enim
1135 3235 1244 3293 per
1266 3218 1622 3292 prophetam
1655 3219 1853 3276 dixisti
1877 3237 1890 3275 :

228 3307 388 3363 Nolo
413 3310 669 3362 mortem
693 3306 1047 3379 peccatoris,
1083 3306 1190 3362 sed
1223 3311 1283 3363 ut
1313 3311 1696 3364 convertatur
1724 3311 1780 3363 et
1807 3307 1896 3362 vi-

230 3399 338 3452 vat
375 3412 390 3450 :
427 3395 689 3451 concede
719 3395 921 3462 etiam,
951 3395 1218 3464 Domine,
1248 3401 1311 3452 ut
1339 3395 1601 3453 fructum
1644 3396 1897 3467 dignum

230 3482 614 3558 paenitentia
644 3487 912 3557 peragat,
945 3488 1002 3541 et
1027 3489 1379 3558 perpetuam
1425 3485 1667 3541 veniam
1715 3484 1901 3558 perci-

234 3587 391 3648 pere
433 3578 750 3630 mereatur.
783 3576 849 3630 Et
884 3573 1156 3630 Ecclesia
1202 3577 1321 3631 tua
1362 3579 1584 3632 sancta
1616 3573 1902 3646 conjunc-

233 3667 336 3721 tus
361 3662 716 3733 gratuletur.
741 3664 864 3718 Per.

229 3815 252 3823 _
1004 3752 1149 3808 Alia

310 3844 408 3898 Da
435 3841 635 3909 nobis,
671 3839 940 3908 Domine,
971 3845 1037 3897 ut
1075 3841 1228 3897 sicut
1264 3840 1570 3912 publicani
1620 3841 1900 3914 precibus

232 3935 298 3988 et
323 3929 708 3988 confessione
737 3928 1011 4002 placatus
1039 3943 1126 3997 es,
1159 3928 1244 3985 ita
1269 3932 1327 3984 et
1364 3929 1503 3985 huic
1533 3928 1761 3987 famulo
1791 3933 1894 3986 tuo

158 4018 166 4025 ’
234 4024 306 4078 Ν.
368 4019 634 4092 placare,
665 4017 936 4089 Domine,
988 4022 1046 4074 et
1091 4017 1370 4090 precibus
1422 4019 1553 4088 ejus
1598 4017 1898 4088 benignus

229 4109 472 4182 aspira,
504 4111 566 4164 ut
589 4107 650 4164 in
671 4105 1044 4164 confessione
1063 4105 1246 4162 ﬂebili
1265 4121 1653 4179 permanens,
1677 4112 1735 4163 et
1755 4107 1901 4179 peti-

229 4198 407 4256 tione
436 4200 730 4270 perpetua
747 4195 1124 4253 clementiam
1139 4199 1305 4252 tuam
1331 4195 1651 4252 clementer
1674 4201 1896 4267 exoret,

229 4285 552 4359 sacrisque
583 4284 872 4342 altaribus
906 4288 964 4340 et
990 4285 1380 4342 sacramentis
1403 4285 1733 4356 restitutus,
1766 4302 1897 4344 rur-

228 4392 342 4433 sus
375 4373 598 4431 coelesti
637 4373 840 4446 gloria
869 4373 1264 4447 mancipetur.
1308 4377 1431 4431 Per.

1006 4466 1149 4523 Alia

311 4554 708 4627 Omnipotens
740 4557 798 4610 et
844 4552 1180 4609 misericors
1228 4555 1406 4620 Deus,
1440 4554 1741 4608 conﬁtenti
1791 4554 1896 4610 tibi

223 4644 382 4703 huic
411 4643 640 4700 famulo
670 4647 774 4699 tuo
803 4645 866 4698 N.
891 4639 1106 4696 delicta
1142 4654 1252 4711 pro
1283 4643 1386 4694 tua
1421 4639 1641 4710 pietate
1670 4639 1895 4708 relaxa,

228 4738 296 4791 ut
337 4747 468 4789 non
515 4731 650 4804 plus
679 4730 733 4786 ei
771 4732 987 4785 noceat
1012 4725 1389 4783 conscientia
1431 4731 1633 4783 reatus
1662 4726 1742 4783 ad
1770 4743 1896 4800 pa-

218 4839 406 4893 nam,
439 4837 626 4894 quam
652 4816 1022 4889 indulgentia
1050 4819 1168 4874 tua
1216 4815 1452 4888 pietatis
1506 4815 1586 4872 ad
1627 4815 1887 4873 veniam.

213 4915 355 4970 Per.

1001 4998 1051 5053 A
1063 4996 1146 5053 lia

288 5087 576 5162 Respice,
602 5085 871 5166 Domine,
893 5084 1184 5160 propitius
1208 5099 1388 5158 super
1399 5084 1560 5142 hunc
1591 5084 1892 5143 famulum

211 5185 407 5239 tuum
432 5181 523 5247 N.,
556 5180 668 5234 etc.

557 5267 889 5324 Conversus
920 5264 1002 5322 ad
1028 5265 1333 5334 inﬁrmum
1369 5266 1524 5322 dicet
1553 5281 1574 5321 :

286 5358 643 5417 Misereatur
672 5355 754 5412 tui
779 5353 1161 5426 omnipotens
1193 5356 1372 5420 Deus,
1405 5357 1461 5408 et
1503 5353 1761 5409 dimittat
1789 5353 1892 5409 tibi

213 5447 527 5503 Dominus
559 5449 807 5520 peccata
834 5449 958 5510 tua,
990 5443 1198 5498 liberet
1246 5447 1301 5498 te
1349 5442 1427 5498 ab
1484 5444 1649 5498 omni
1706 5443 1892 5515 malo,

212 5543 555 5615 conservet
581 5539 642 5595 in
672 5536 837 5594 omni
863 5535 1046 5606 bono,
1088 5538 1144 5590 et
1190 5532 1483 5606 perducat
1526 5536 1580 5589 te
1608 5533 1670 5588 in
1712 5534 1895 5592 vitam

211 5632 543 5687 aeternam.
575 5632 782 5685 Amen.

2195 1700 2402 1756 Oratio
2423 1701 2505 1756 ad
2533 1702 3095 1759 communicandum
3129 1705 3456 1774 inﬁrmum.

2073 1788 2346 1846 Salvator
2367 1794 2568 1846 noster
2583 1790 3063 1864 Redemptorque
3089 1795 3382 1863 omnium,
3404 1795 3509 1868 qui
3530 1811 3654 1853 non

1999 1877 2194 1934 solum
2233 1878 2684 1951 panitentibus,
2713 1880 2819 1936 sed
2857 1881 3035 1937 etiam
3079 1881 3173 1938 his
3221 1883 3326 1956 qui
3350 1899 3461 1940 nec
3489 1885 3566 1941 ad
3599 1888 3654 1942 te

1999 1965 2198 2022 venire
2247 1966 2516 2039 cupiunt,
2557 1967 2796 2024 veniam
2851 1967 3178 2040 ultroneus,
3237 1987 3306 2028 ac
3359 1972 3652 2046 propitius

2002 2055 2312 2112 miserator
2352 2055 2648 2127 indulges,
2700 2062 2756 2113 te
2813 2058 3114 2131 supplices
3160 2076 3536 2133 quaesumus,
3589 2065 3656 2119 ut

1999 2143 2160 2199 hunc
2181 2144 2478 2201 famulum
2498 2149 2561 2201 N.
2583 2146 2661 2202 ad
2677 2148 2945 2220 corporis
2969 2153 3026 2204 et
3055 2149 3366 2219 sanguinis
3387 2150 3472 2207 tui
3492 2167 3654 2207 com-

2000 2232 2352 2290 munionem
2381 2233 2615 2292 indulta
2635 2235 2809 2293 venia
2836 2236 3058 2294 caelesti
3085 2237 3504 2296 benedictione
3524 2255 3654 2313 per-

2001 2322 2208 2379 ducas.
2241 2323 2369 2380 Per.

2748 2417 2904 2474 Alia.

2076 2501 2304 2558 Exaudi
2330 2519 2462 2572 nos,
2495 2503 2746 2560 Domine
2774 2505 2930 2561 Deus
2977 2510 3199 2580 noster,
3232 2513 3289 2564 et
3342 2512 3562 2582 prasta
3589 2511 3658 2566 ut

2003 2606 2110 2663 per
2138 2607 2359 2648 manus
2383 2592 2835 2665 impositionem
2865 2599 3080 2651 nostrae
3118 2597 3447 2654 descendat
3477 2613 3658 2671 super

2003 2679 2166 2736 hunc
2194 2681 2490 2738 famulum
2509 2686 2680 2738 tuum
2709 2683 3048 2741 idoneitatis
3064 2686 3374 2755 auxilium,
3401 2687 3506 2760 qui
3525 2703 3656 2744 om-

2004 2769 2184 2826 nibus
2208 2769 2396 2843 lapsis
2424 2771 2670 2828 veniam
2699 2772 2952 2829 libenter
2975 2774 3258 2845 ignoscis,
3306 2781 3364 2832 et
3388 2777 3657 2833 satisfac-

2007 2858 2230 2914 tionem
2258 2863 2572 2915 contentus
2597 2859 2676 2915 ad
2700 2864 2752 2915 te
2781 2861 3191 2933 complecteris
3232 2864 3467 2932 reverti,
3496 2865 3577 2921 da
3604 2865 3659 2922 ei

2007 2950 2074 3002 ut
2100 2946 2546 3002 communionis
2567 2952 2806 3021 recepta
2829 2949 3042 3021 gratia,
3060 2950 3279 3008 referat
3305 2951 3381 3008 de
3413 2951 3658 3009 saevien-

2008 3039 2064 3092 te
2087 3035 2258 3092 hoste
2288 3035 2620 3107 victoriam,
2641 3039 2940 3109 quatenus
2961 3038 3178 3095 divinis
3206 3040 3474 3098 redditus
3493 3057 3659 3098 men-

2011 3124 2113 3193 sis,
2141 3124 2366 3182 ccelesti
2392 3141 2549 3198 pane
2581 3129 2895 3183 saturetur.
2928 3128 3056 3184 Per.

2082 3216 2246 3271 Tunc
2267 3216 2479 3285 jubeat
2508 3217 2782 3273 sacerdos
2811 3219 3066 3275 recitare
3115 3219 3287 3277 Pater
3314 3224 3551 3290 noster;
3602 3226 3657 3278 et

2009 3320 2143 3361 cum
2169 3305 2485 3375 perfecerit
2518 3306 2682 3363 dicat
2707 3307 3017 3365 collectam
3051 3315 3406 3380 sequentem.

2081 3393 2298 3450 Humili
2327 3397 2545 3462 mente,
2579 3395 2984 3469 eharitateque
3013 3397 3250 3468 devota,
3290 3399 3658 3459 immanem

2010 3486 2188 3556 atque
2278 3483 2632 3541 clementem
2702 3487 2890 3542 Deum
2960 3487 3320 3545 invisibilem
3377 3491 3657 3563 petimus,

2013 3575 2076 3628 ut
2115 3571 2429 3645 lapsorum
2481 3573 2735 3644 gemitus
2785 3579 2965 3648 atque
3013 3576 3455 3636 obsecrationes
3484 3596 3662 3637 exau-

2011 3660 2156 3732 diat,
2183 3661 2472 3719 oblivioni
2521 3663 2719 3720 tradat
2758 3665 3030 3736 priorum
3062 3671 3308 3724 actuum
3361 3669 3658 3736 maculas,

2011 3754 2077 3807 ut
2103 3751 2387 3807 eumdem
2438 3755 2501 3806 N.
2561 3752 2674 3807 sub
2720 3752 3095 3823 indulgentia
3121 3755 3356 3826 pietatis
3405 3775 3528 3814 sua
3581 3759 3661 3816 ad

2012 3854 2197 3895 sacra
2256 3839 2703 3896 communionis
2761 3840 3279 3912 participationem
3351 3845 3659 3915 perducat.

2014 3930 2136 3986 Per.

2116 4019 2280 4075 Hinc
2301 4018 2478 4074 detur
2507 4018 2867 4088 sacriﬁcium
2897 4019 3136 4088 inﬁrmo
3164 4021 3253 4078 ita
3281 4021 3548 4079 dicendo.

2083 4109 2312 4180 Corpus
2351 4109 2408 4164 et
2450 4107 2696 4178 sanguis
2724 4107 2958 4164 Domini
3013 4109 3202 4166 nostri
3254 4111 3400 4168 Jesu
3451 4111 3661 4170 Christi

2012 4196 2131 4253 sint
2161 4195 2266 4254 tibi
2295 4196 2374 4254 ad
2402 4200 2757 4270 perpetuam
2785 4197 3040 4256 salutem
3071 4198 3166 4255 hic
3189 4199 3320 4257 etin
3347 4206 3659 4260 aeternum.

2008 4291 2219 4345 Amen.

2399 4380 2544 4436 Post
2577 4380 2702 4438 haec
2733 4382 3005 4453 sequitur
3044 4383 3236 4438 oratio

2079 4467 2329 4523 Domine
2359 4472 2584 4536 sancte,
2615 4471 2785 4526 Pater
2813 4471 3221 4543 omnipotens,
3255 4473 3471 4529 aeterne
3484 4473 3659 4542 Deus,

2008 4557 2064 4609 te
2089 4553 2342 4611 ﬁdeliter
2369 4554 2786 4628 deprecamur,
2814 4561 2881 4613 ut
2917 4557 3233 4631 accipienti
3261 4558 3426 4616 fratri
3455 4566 3660 4626 nostro

2007 4645 2071 4697 Ν.
2107 4647 2558 4700 sacrosanctum
2590 4660 2810 4718 corpus
2827 4650 2884 4702 et
2907 4647 3263 4718 sanguinem
3293 4648 3527 4705 Domini
3550 4667 3659 4708 no-

2007 4731 2110 4787 stri
2139 4735 2280 4787 Jesu
2307 4732 2518 4790 Christi
2546 4733 2668 4790 Filii
2699 4734 2804 4802 tui,
2845 4739 2967 4792 tam
3008 4737 3296 4810 corporis,
3317 4754 3504 4810 quam
3529 4740 3658 4798 ani-

2006 4834 2122 4875 ma
2154 4820 2228 4878 sit
2255 4821 2436 4877 salus.
2477 4823 2588 4879 Per
2610 4823 2892 4880 eumdem
2918 4825 3261 4883 Dominum.

2245 4911 2673 4970 Reconciliatio
2700 4913 3041 4984 paenitentis
3066 4915 3148 4973 ad
3173 4922 3441 4976 mortem.

2079 4997 2234 5056 Deus
2255 4999 2622 5072 misericors,
2653 5005 2810 5060 Deus
2837 5002 3123 5072 clemens,
3153 5009 3263 5064 etc.

2074 5090 2193 5146 Hic
2220 5091 2534 5162 ungendus
2563 5097 2648 5149 est
2673 5093 2949 5163 inﬁrmus
2969 5094 3043 5151 de
3071 5096 3199 5154 oleo
3225 5103 3452 5157 sancto.
3494 5101 3656 5156 Tunc

2003 5178 2058 5234 si
2084 5180 2392 5250 episcopus
2417 5181 2683 5251 affuerit,
2708 5183 2978 5253 imponat
3017 5185 3140 5243 sive
3164 5189 3508 5254 sacerdotis,
3535 5190 3656 5243 sive

2005 5269 2417 5340 cujuscunque
2505 5270 2734 5338 inﬁrmi
2785 5273 2973 5343 capiti
3014 5290 3260 5333 manum
3307 5294 3321 5332 :
3377 5273 3648 5344 alioquin

1999 5357 2314 5426 presbyter
2381 5359 2776 5417 reconcilians
2821 5364 3168 5434 presbytero
3216 5365 3452 5432 inﬁrmo
3530 5376 3655 5418 ma-

2005 5463 2147 5502 num
2177 5463 2578 5517 superponere
2615 5467 2733 5506 non
2775 5453 2959 5509 debet.
3007 5454 3248 5510 leeris
3297 5467 3434 5506 vero
3487 5453 3652 5520 inﬁr-

2005 5536 2117 5592 mis
2164 5545 2530 5606 superponat
2590 5556 2836 5599 manum
2902 5549 2955 5599 et
3016 5543 3177 5598 dicat
3241 5541 3400 5598 hanc
3441 5543 3662 5599 oratio-_

2009 5639 2141 5681 nem
2166 5642 2181 5682 Ζ
