4160 6186
515 169 650 236 κω

509 385 671 445 misit
691 384 976 456 Spiritum
1003 389 1306 449 sanctum,
1330 389 1440 442 etc.

679 493 894 548 Postea
918 497 1165 562 accepta
1195 494 1470 563 ampulla
1491 508 1623 549 cum
1653 493 1780 550 oleo
1811 493 1993 549 dicat.

583 582 696 636 Per
713 581 892 637 istam
913 581 1261 639 unctionem
1286 583 1343 639 et
1372 583 1471 638 Dei
1490 582 1969 639 benedictionem
1995 595 2166 637 mun-

513 668 734 726 dentur
781 671 860 727 ab
889 671 1056 728 omni
1109 671 1282 728 sorde
1313 672 1562 744 peccati,
1618 675 1674 728 et
1723 671 2166 728 sanctiﬁcantur

511 774 756 829 manus,
780 763 838 816 et
865 776 958 832 os,
1000 776 1102 816 cor
1131 775 1394 834 quoque,
1427 764 1646 829 tactus,
1696 761 2006 828 odoratus,
2030 774 2164 815 sen-

512 863 640 916 sus,
667 848 860 917 visus,
891 849 1131 906 auditus
1159 854 1216 906 et
1244 853 1477 920 gustus,
1501 853 1692 908 totum
1713 865 1932 923 corpus
1959 853 2016 906 et
2037 848 2164 904 ani-

511 953 615 995 ma
659 942 780 1007 tua,
825 944 886 995 ut
933 939 1187 996 idoneus
1230 939 1505 996 eﬂficiaris
1535 940 1613 996 ad
1663 939 2074 995 invocandum
2103 937 2165 994 in

513 1027 758 1084 nomine
787 1028 1060 1099 ejusdem
1105 1028 1207 1084 Dei
1238 1027 1448 1085 nostri.
1485 1027 1715 1084 Reddat
1741 1026 1846 1084 tibi
1880 1027 2168 1084 Dominus

507 1115 774 1174 latinam
818 1116 1094 1174 salutaris
1117 1117 1229 1181 sui,
1253 1122 1312 1173 et
1354 1117 1567 1190 spiritu
1597 1115 1916 1190 principali
1949 1115 2162 1172 conﬁro

513 1210 639 1262 met
665 1210 759 1275 te;
785 1205 1069 1278 Spiritum
1101 1210 1377 1263 sanctum
1433 1207 1679 1262 innovet
1727 1205 1790 1260 in
1839 1204 2168 1262 visceribus

511 1293 648 1362 tuis,
679 1297 839 1350 etne
873 1294 1104 1352 auferat
1130 1295 1300 1351 illum
1339 1310 1376 1352 a
1432 1298 1506 1363 te,
1542 1293 1647 1351 sed
1701 1291 2037 1350 benedictio
2065 1289 2168 1346 Dei

515 1384 726 1454 Patris,
754 1387 812 1440 et
836 1383 982 1453 Filii,
1013 1388 1072 1440 et
1103 1385 1353 1457 Spiritus
1383 1385 1575 1442 sancti
1614 1382 1946 1440 descendat
1989 1395 2170 1453 super

517 1475 593 1543 te,
620 1488 758 1544 quae
789 1473 1036 1545 copiosa
1090 1489 1274 1545 supra
1303 1473 1547 1540 deﬂuat,
1582 1477 1638 1528 et
1683 1473 1743 1527 in
1792 1473 2058 1526 extrema
2086 1473 2170 1525 to-

511 1561 627 1617 tius
656 1561 924 1633 corporis
950 1561 1035 1617 tui
1083 1561 1428 1628 descendat,
1488 1559 1734 1616 interius
1791 1559 2168 1631 exteriusque

1468 169 1824 230 EXCEMA
1867 172 1909 226 Ε
1954 162 2403 227 PONTlmALI
2463 168 2518 224 S.
2574 165 2948 226 PRUDENTII

583 296 971 368 Omnipotens
1017 297 1192 364 Deus,
1219 295 1414 368 quiin
1437 295 1683 353 nomine
1723 295 2016 366 Unigeniti
2065 294 2157 349 sui
2192 296 2241 349 Α

3786 173 3928 229 im

2950 293 3042 348 Ad
3074 292 3252 362 pedes

2345 401 2511 468 Ungo
2539 398 2650 454 hos
2679 399 2863 471 pedes
2896 399 2972 454 de
3003 399 3135 455 oleo
3165 399 3501 468 benedicto,
3537 404 3600 456 ut
3630 401 3932 474 quidquid

2273 487 2579 559 superﬂuo
2609 487 2701 542 vel
2751 503 2951 544 nocuo
3001 489 3243 544 incessu
3297 489 3761 560 commiserunt,
3815 491 3938 549 ista

2272 575 2510 632 aboleat
2539 577 2868 648 perunctio.
2904 576 3035 636 Per.
3206 650 3214 658 .

2343 665 2572 722 Deinde
2599 672 2869 737 ungatur
2891 667 2950 722 in
2983 671 3245 738 gutture,
3280 667 3342 722 in
3374 667 3552 740 collo,
3584 668 3648 724 in
3671 669 3946 742 scapulis

2273 756 2334 811 in
2361 753 2661 822 umbilico,
2713 771 2813 810 seu
2839 756 2903 811 in
2953 755 3079 813 loco
3109 756 3214 811 ubi
3249 756 3389 826 plus
3411 756 3586 813 dolor
3610 759 3948 816 imminerit

2267 848 2677 915 per-ungatur.
2701 845 2833 901 Hoc
2858 845 3013 902 enim
3040 846 3304 916 faciunt,
3322 849 3388 901 ut
3417 845 3471 901 si
3492 847 3704 920 aliqua
3730 862 3938 906 macu-

2279 935 2339 990 la
2371 934 2646 1001 adhaesit,
2675 933 2834 990 hanc
2849 934 3145 990 medicina
3171 935 3284 990 Dei
3305 941 3578 1002 sanetur,
3602 943 3659 995 et
3682 942 3828 998 tunc
3849 937 3943 994 di-

2277 1027 2496 1080 cantur
2522 1023 2652 1079 ista'
2680 1024 2982 1081 orationes
3018 1039 3199 1094 super
3226 1039 3380 1082 eum.

2349 1115 2578 1183 lnungo
2607 1116 2663 1169 te
2693 1112 2766 1168 de
2797 1112 2930 1169 oleo
2985 1117 3193 1170 sancto
3237 1113 3297 1169 in
3345 1115 3593 1173 nomine
3643 1116 3849 1185 Patris,
3885 1121 3944 1173 et

2278 1201 2419 1270 Filii,
2443 1206 2499 1259 et
2532 1202 2778 1276 Spiritus
2808 1203 3018 1271 sancti,
3049 1209 3112 1259 ut
3140 1219 3264 1260 non
3295 1203 3479 1262 lateat
3511 1205 3578 1264 in
3598 1208 3651 1264 te
3685 1206 3943 1281 Spiritus

2275 1292 2645 1361 immundus,
2686 1306 2881 1365 neque
2910 1291 2970 1348 in
2999 1292 3308 1363 membris,
3341 1309 3542 1370 neque
3574 1295 3634 1350 ni
3663 1295 3948 1352 medullis

2275 1394 2472 1454 neque
2501 1381 2561 1437 in
2594 1381 2711 1438 ulla
2750 1382 3112 1455 compagine
3143 1383 3583 1454 membrorum,
3637 1385 3742 1441 sed
3793 1385 3858 1440 in
3889 1389 3948 1442 te

2280 1471 2509 1529 habitet
2531 1472 2718 1528 virtus
2751 1471 2961 1530 Christi
3003 1472 3276 1529 altissimi
3303 1477 3361 1531 et
3419 1475 3672 1548 Spiritus
3730 1474 3947 1547 sancti,

2286 1566 2587 1634 quatenus
2639 1575 2746 1633 per
2781 1560 2964 1633 hujus
3018 1562 3352 1618 orationem
3398 1563 3686 1637 mysterii,
3721 1569 3779 1620 et
3833 1581 3948 1638 per

513 1650 571 1704 te
599 1649 826 1720 repleat
854 1654 1032 1722 atque
1072 1649 1420 1719 circumdet,
1453 1654 1507 1705 et
1557 1644 1631 1704 sit
1681 1664 1918 1720 semper
1948 1653 2165 1704 tecum.
2207 1649 2250 1704 Β
2285 1651 2444 1706 hanc
2468 1651 2684 1706 sacrati
2706 1650 2819 1706 olei
2851 1649 3195 1708 unctionem
3225 1658 3403 1724 atque
3430 1658 3698 1709 nostram
3731 1652 3950 1727 depre~

511 1739 723 1793 Amen.

513 1843 616 1900 Sic
642 1843 898 1916 denique
917 1851 1107 1916 ungat
1138 1850 1446 1916 aegrotum,
1480 1845 1681 1903 dicens
1737 1844 1844 1904 has
1873 1845 2170 1902 orationes

1215 1935 1468 1993 vicissim
1479 1979 1492 1992 .

589 2045 653 2097 In
675 2041 920 2099 nomine
950 2041 1154 2111 Patris,
1187 2047 1245 2100 et
1271 2042 1417 2112 Filii,
1464 2047 1523 2099 et
1564 2043 1814 2116 Spiritus
1858 2043 2071 2113 sancti,
2099 2043 2174 2100 sit

516 2129 622 2186 tibi
648 2131 775 2187 haec
805 2131 1115 2202 perunctio
1135 2131 1251 2188 olei
1273 2131 1761 2192 sanctiﬁcationis
1791 2133 1870 2192 ad
1895 2131 2173 2208 puriﬁca-

516 2219 743 2278 tionem
773 2221 990 2280 mentis
1012 2225 1069 2279 et
1090 2222 1378 2295 corporis.

1257 2333 1428 2387 Item.

588 2441 652 2493 1n
682 2435 927 2493 nomine
948 2436 1155 2507 Patris,
1186 2440 1243 2493 et
1266 2437 1408 2508 Filii,
1459 2440 1516 2494 et
1547 2436 1795 2509 Spiritus
1823 2437 2035 2507 sancti,
2068 2453 2174 2492 un-

518 2540 595 2596 go
624 2529 680 2584 te
708 2525 842 2584 oleo
862 2530 1072 2582 sancto
1094 2525 1156 2581 in
1183 2525 1599 2582 remissionem
1628 2530 1870 2583 tuorum
1899 2526 2176 2583 omnium

511 2620 908 2686 peccatorum
936 2615 999 2671 in
1027 2613 1215 2671 vitam
1231 2619 1538 2672 cateruam.
1565 2615 1778 2672 Amen.

591 2705 746 2760 Dum
773 2704 1096 2773 inungitur
1121 2710 1398 2774 aegrotus,
1426 2705 1668 2760 dicatur
1682 2705 2016 2774 antiphona
2038 2707 2174 2760 :Sa-

519 2808 603 2850 na
629 2807 748 2861 me,
790 2792 1063 2862 Domine,
1095 2795 1205 2848 etc.
1265 2791 1615 2863 Sequuntur
1655 2798 1786 2849 octo
1836 2794 2060 2862 psalmi
2095 2794 2176 2849 ad

519 2883 908 2944 imitationem
928 2886 1058 2938 octo
1081 2881 1534 2950 beatitudinum,
1564 2883 1686 2938 sive
1713 2883 1798 2938 ad
1821 2896 1983 2952 spem
2013 2889 2176 2939 octa-

522 2989 608 3031 vas
633 2973 752 3032 diei
777 2972 1252 3062 resurrectionis.
1282 2971 1553 3040 Domine,
1575 2985 1650 3028 ne
1687 2972 1749 3028 in
1781 2971 1980 3028 furore
2004 2977 2051 3028 l.
2086 2972 2174 3027 Ad
2204 3006 2246 3062 ο

519 3067 579 3121 te
604 3062 818 3120 levavi.
842 3061 1001 3119 Beati
1027 3077 1309 3134 quorum.
1351 3063 1618 3130 Domine,
1652 3075 1728 3119 ne
1773 3061 1834 3117 in
1892 3063 2090 3119 furore
2118 3065 2171 3117 2.

520 3151 789 3220 Domine,
825 3149 1046 3205 exaudi
1078 3154 1127 3206 l.
1161 3151 1242 3205 De
1271 3149 1607 3222 profundis.
1655 3149 1927 3216 Domine,
1957 3149 2177 3205 exaudi

518 3243 575 3296 2.
606 3239 781 3311 Kyrie
803 3238 1048 3296 eleison.
1084 3241 1252 3295 Pater
1270 3244 1492 3295 noster.
1528 3239 1835 3308 Capitula.
1884 3242 2005 3310 Ego
2033 3237 2174 3310 dixi,

519 3329 792 3396 Domine,
831 3329 1115 3386 miserere
1146 3329 1284 3384 mei.
1338 3331 1709 3398 Convertere,
1743 3327 2014 3386 Domine.
2047 3327 2173 3384 Sal-

525 3433 665 3474 vum
713 3417 808 3474 fac
854 3433 1092 3473 servum
1133 3420 1325 3473 tuum.
1372 3417 1622 3474 Domine
1671 3433 1959 3475 conserva
2012 3433 2174 3475 eum.

521 3504 793 3571 Domine,
822 3520 1004 3574 opem
1030 3506 1118 3560 fer
1146 3505 1201 3561 ei
1233 3521 1418 3577 super
1467 3505 1709 3563 lectum.
1759 3507 1912 3563 Mitte
1962 3507 2036 3576 ei,
2065 3509 2176 3562 Do-

521 3591 704 3650 mine.
735 3590 892 3647 Nihil
918 3591 1212 3663 proficiat.

845 3697 1051 3754 Oratio
1071 3698 1134 3753 in
1157 3698 1496 3768 superciliis
1525 3699 1854 3756 oculorum.

595 3807 762 3877 Ungo
794 3804 1001 3869 oculos
1031 3809 1168 3862 tuos
1199 3805 1274 3862 de
1305 3805 1438 3863 oleo
1465 3807 1855 3879 sanctiﬁcato,
1896 3812 1960 3866 ut
2003 3809 2177 3885 quid-

520 3891 669 3966 quid
696 3893 898 3952 illicito
926 3896 1057 3952 visu
1085 3895 1406 3969 deliquisti,
1428 3897 1610 3970 hujus
1630 3898 1742 3956 olei
1769 3899 2045 3956 unctione
2073 3916 2174 3958 ex-

519 3982 732 4055 pietur.
764 3986 871 4042 Per
892 3985 1235 4043 Dominum.

1051 4092 1150 4152 Ad
1175 4108 1349 4152 aures
1378 4093 1638 4153 deintus.

595 4205 764 4274 Ungo
792 4215 969 4260 aures
997 4203 1215 4262 sacrati
1242 4203 1358 4262 olei
1395 4203 1471 4260 de
1497 4203 1752 4276 liquore,
1780 4207 1847 4262 ut
1874 4204 2173 4278 quidquid

519 4289 910 4347 delectatione
943 4306 1142 4348 nocua
1165 4292 1408 4348 auditus
1434 4292 1771 4349 admissum
1795 4298 1904 4357 est,
1932 4293 2174 4351 medici-

518 4395 600 4439 na
629 4379 905 4438 salutaris
929 4383 1198 4442 evacuet.
1223 4381 1354 4438 Per.

949 4488 1048 4546 Ad
1071 4503 1250 4548 nares
1291 4489 1356 4544 in
1383 4489 1742 4546 summitate.

589 4597 759 4668 Ungo
787 4593 900 4650 has
948 4609 1126 4651 nares
1179 4594 1254 4651 de
1307 4594 1440 4651 oleo
1495 4598 1750 4659 sacrato,
1781 4599 1847 4651 ut
1875 4595 2173 4669 quidquid

517 4685 694 4742 noxie
769 4688 1144 4740 contractum
1216 4689 1304 4742 est
1371 4683 1626 4740 odoratu
1678 4684 2004 4758 superﬂuo,
2061 4685 2175 4743 ista

519 4774 805 4831 emundet
827 4773 1167 4831 medicatio.
1200 4776 1325 4830 Per.

1050 4880 1152 4937 Ad
1174 4881 1335 4938 labia
1357 4879 1638 4937 exterius.

593 4985 760 5054 Ungo
783 4985 948 5044 labia
976 4988 1090 5046 ista
1112 4988 1448 5047 consecrati
1476 4988 1592 5044 olei
1617 4985 2082 5060 medicamento,
2109 4993 2173 5046 ut

520 5071 817 5146 quidquid
848 5076 1036 5134 otiosa
1063 5078 1159 5135 vel
1189 5079 1513 5138 criminosa
1563 5078 1828 5153 peccasti
1873 5077 2174 5136 locutione

520 5161 718 5218 divina
742 5159 1058 5222 clementia
1081 5168 1401 5228 miserante
1423 5168 1694 5242 expietur
1723 5169 1838 5226 hac
1869 5167 2169 5228 unctione.

518 5253 626 5310 Per
649 5248 996 5314 Dominum.

1016 5358 1115 5415 Ad
1136 5376 1350 5418 manus
1388 5366 1669 5422 exterius.

593 5468 762 5536 Ungo
783 5467 897 5526 has
925 5483 1145 5525 manus
1175 5466 1251 5524 de
1290 5468 1422 5525 oleo
1462 5476 1833 5544 consecrato,
1886 5477 1951 5528 ut
1999 5472 2170 5545 quid-

518 5554 669 5628 quid
681 5554 884 5616 illicito
905 5558 1001 5615 vel
1019 5557 1202 5616 noxio
1221 5572 1401 5631 opere
1443 5565 1821 5633 peregerunt,
1852 5577 1961 5634 per
2011 5561 2169 5619 hanc

516 5643 863 5704 unctionem
892 5653 1228 5707 evacuetur.
1262 5647 1390 5704 Per.

2288 1739 2585 1796 cationem
2615 1740 2824 1796 virtute
2853 1745 3073 1796 sanctae
3097 1741 3391 1798 Trinitatis
3421 1742 3781 1816 medicatus,
3824 1744 3952 1800 sive

2279 1829 2456 1900 fctus,
2485 1829 2800 1901 pristinam
2843 1835 2900 1886 et
2959 1829 3335 1887 melioratam
3367 1830 3630 1906 recipere
3662 1833 3953 1890 merearis

2283 1918 2619 1976 sanitatem.
2650 1919 2762 1974 Per
2796 1919 3118 1976 Dominum
3148 1925 3442 1977 nostrum.

2653 2045 2859 2104 Oratio
2888 2052 3020 2115 post
3052 2047 3391 2104 unctionem
3429 2047 3566 2106 olei.

2353 2153 2514 2218 Jesu,
2536 2129 2804 2209 Salvator
2828 2156 3030 2210 noster
3053 2157 3112 2210 et
3137 2155 3406 2223 Domine,
3435 2155 3541 2228 qui
3566 2169 3633 2210 es
3663 2170 3807 2211 vera
3843 2171 3947 2211 sa-

2281 2240 2394 2308 lus,
2429 2247 2487 2298 et
2510 2241 2834 2311 medicina,
2865 2247 2976 2299 etc.

2351 2333 2464 2388 His
2489 2333 2742 2401 expletis
2772 2333 3166 2389 communicet
3195 2347 3348 2390 cum.

2605 2457 2913 2512 Orationes
2939 2463 3072 2526 post
3119 2458 3610 2515 communionem.

2353 2581 2706 2655 Propitietur
2736 2581 3025 2640 Dominus
3066 2584 3296 2640 cunctis
3351 2582 3764 2656 iniquitatibus
3803 2585 3948 2652 tu'u,

2283 2674 2395 2730 etc.

2351 2760 2527 2828 Deus,
2559 2756 2664 2831 qui
2690 2759 3108 2818 confitentium
3141 2761 3246 2818 tibi
3268 2761 3459 2819 corda
3487 2761 3797 2835 puriﬁcas,
3828 2770 3946 2821 etc.

2357 2847 2747 2920 Omnipotens
2774 2849 3135 2921 sempiterna
3178 2853 3356 2916 Deus,
3395 2851 3503 2924 qui
3555 2853 3948 2922 (egritudines

2284 2937 2646 3004 animarum,
2669 2941 2779 2994 etc.

2355 3025 2679 3084 Dominum
2705 3031 2979 3086 nostrum
3007 3029 3208 3088 Jesum
3261 3029 3559 3088 Christum
3587 3046 3727 3088 cum
3770 3031 3951 3091 omni

2284 3114 2742 3189 supplicatione,
2774 3121 2887 3174 etc.

2352 3204 2632 3276 Sequitur
2657 3207 2836 3264 missa
2849 3221 2966 3276 pro
2990 3207 3249 3275 inﬁrmo.
3287 3210 3435 3266 Item
3463 3210 3588 3268 alia
3610 3213 3796 3268 missa
3821 3227 3954 3280 pro

2282 3294 2522 3365 inﬁrmo
2547 3295 2652 3367 qui
2670 3311 2990 3366 proximus
3021 3301 3103 3354 est
3135 3300 3336 3356 morti.

3041 3435 3128 3524 ΙΙ

2355 3595 2454 3652 Ad
2469 3602 2626 3652 noct.
2660 3600 2830 3653 sexta
2857 3595 3114 3653 Sabbati
3139 3597 3233 3654 vel
3253 3599 3506 3668 septima
3531 3598 3792 3656 Sabbati
3819 3617 3941 3656 non

2280 3686 2568 3754 pulsatur
2591 3687 2852 3757 signum,
2886 3702 3074 3758 neque
3096 3687 3179 3743 ad
3204 3702 3416 3744 cursus
3454 3689 3569 3759 per
3611 3690 3794 3754 diem,
3842 3690 3952 3747 sed

2285 3780 2625 3846 tanguntur
2655 3776 2898 3832 tabulae.
2930 3777 2994 3831 In
3012 3777 3363 3847 Parascere,
3387 3778 3498 3834 hoc
3526 3785 3612 3835 est
3628 3781 3793 3850 feria
3821 3796 3954 3837 sea:-

2290 3869 2372 3932 ta,
2391 3863 2473 3919 ad
2503 3865 2771 3934 ofﬁcium
2791 3866 2994 3921 statim
3025 3865 3278 3935 incipiat
3302 3865 3524 3922 lector:
3560 3867 3759 3924 Lectio
3782 3871 3948 3926 Osee

2280 3951 2612 4024 prophetas.
2636 3954 2770 4008 Haec
2808 3952 2950 4009 dicit
2984 3952 3272 4010 Dominus
3293 3955 3450 4010 Deus
3475 3954 3537 4011 in
3563 3955 3950 4014 tribulatione

2281 4055 2412 4096 sua.
2444 4041 2497 4110 ἡ.
2533 4040 2804 4110 Domine,
2835 4040 3059 4112 audivi,
3091 4045 3201 4098 etc.
3245 4042 3438 4099 Lectio
3466 4042 3603 4100 libri
3637 4044 3846 4101 Exodi.
3883 4049 3946 4100 In

2279 4127 2495 4185 diebus
2518 4128 2633 4185 illis
2675 4129 2825 4185 dixit
2873 4129 3165 4186 Dominus
3215 4131 3295 4187 ad
3337 4133 3586 4205 Moysen
3633 4137 3691 4189 et
3720 4139 3941 4190 Aaron.

2282 4219 2482 4274 Tract.
2542 4217 2712 4290 Eripe
2756 4233 2874 4287 me,
2926 4218 3196 4276 Domine.
3251 4220 3454 4278 Passio
3506 4221 3746 4278 Domini
3801 4224 3944 4279 Iesu

2279 4305 2494 4362 Christi
2521 4307 2855 4363 secundum
2884 4309 3200 4365 Joannem.
3231 4312 3295 4365 ln
3325 4308 3427 4367 illo
3448 4314 3718 4386 tempore
3745 4327 3945 4384 egres-

2299 4411 2401 4451 sus
2430 4399 2516 4450 est
2533 4397 2700 4450 Jesus
2733 4400 2894 4452 trans
2916 4401 3258 4468 torrentem,
3290 4403 3398 4456 etc.

2348 4486 2555 4541 Finita
2609 4486 2902 4556 passione,
2952 4488 3243 4544 dicuntur
3284 4492 3586 4548 orationes
3614 4508 3726 4562 pro
3774 4493 3946 4548 omni

2277 4575 2549 4632 Ecclesia
2574 4579 2630 4631 et
2659 4577 2785 4646 ejus
2814 4576 3158 4634 ordinibus:
3192 4577 3406 4652 quibus
3448 4583 3770 4652 peroratis,
3816 4598 3946 4639 cor-

2273 4680 2390 4734 pus
2425 4666 2738 4721 Dominum
2761 4667 2959 4735 pridie
2984 4676 3394 4725 consecratum
3439 4671 3647 4740 fertur
3677 4674 3740 4728 in
3791 4679 3943 4729 icte-

2279 4769 2382 4824 na,
2406 4760 2463 4811 et
2482 4757 2732 4825 ponitur
2758 4773 2940 4827 super
2968 4759 3184 4814 altare.
3236 4759 3528 4816 Sacerdos
3581 4777 3720 4818 vero
3773 4778 3943 4819 acce-

2280 4845 2424 4901 dens
2450 4846 2532 4902 ad
2553 4847 2750 4903 altare
2778 4847 2961 4903 dicat.
2996 4849 3264 4918 Oremus,
3315 4850 3632 4922 praeceptis
3667 4851 3946 4908 salutari-

2279 4935 2394 4990 bus
2424 4936 2656 5004 moniti,
2680 4940 2788 4992 etc.
2813 4938 2892 4993 Et
2920 4953 3052 4994 cum
3081 4939 3340 4995 dixerit:
3376 4943 3481 4995 Per
3510 4941 3720 4998 omnia
3751 4957 3944 4997 saecu-

2279 5024 2339 5080 la
2360 5025 2740 5093 saeculorum,
2767 5027 2946 5082 sumit
2964 5027 3036 5083 de
3055 5034 3288 5096 sancta,
3316 5033 3374 5084 et
3395 5031 3571 5098 ponit
3597 5031 3660 5085 in
3691 5032 3944 5088 calicem

2281 5113 2440 5169 nihil
2457 5114 2658 5170 dicens
2691 5131 2706 5169 :
2733 5116 2875 5186 quia
2896 5115 3022 5186 ipso
3051 5117 3149 5172 die
3173 5132 3294 5173 non
3315 5118 3667 5175 conceditur
3696 5121 3751 5176 ei
3781 5121 3946 5177 salu-

2281 5208 2411 5259 tare
2429 5205 2738 5272 poculum.
2773 5208 2861 5260 Ita
2885 5206 3040 5273 ﬁunt
3057 5207 3257 5262 omnia
3293 5222 3404 5277 per
3427 5207 3720 5277 ordinem,
3748 5223 3946 5281 quan-

2277 5293 2353 5348 do
2375 5295 2568 5362 ﬁnitae
2589 5295 2825 5364 fuerint
2848 5295 3145 5352 orationes
3169 5297 3295 5352 ista
3322 5312 3360 5354 a
3403 5299 3730 5368 sacerdote,
3790 5302 3947 5356 sicut

2276 5397 2465 5451 supra
2494 5383 2781 5453 scriptum
2832 5391 2955 5441 est:
3016 5386 3290 5456 Oremus,
3324 5385 3696 5444 dilectissimi
3737 5389 3940 5456 nobis,

2277 5487 2388 5544 pro
2421 5471 2678 5528 Ecclesia
2709 5477 2916 5529 sancta
2940 5473 3061 5544 Dei,
3095 5477 3203 5530 etc.

2349 5561 2587 5618 Interea
2597 5563 2930 5632 procedunt
2948 5563 3067 5619 duo
3080 5571 3352 5622 cantores
3368 5571 3684 5636 portantes
3703 5583 3942 5626 crucem

2267 5651 2456 5720 juxta
2459 5651 2814 5720 positionem
2827 5652 2944 5708 loci
2951 5657 3112 5710 retro
3125 5654 3402 5725 altare,et
3417 5655 3625 5714 dicant
3637 5672 3782 5715 cum
3800 5657 3944 5716 leni-
