4160 6186
252 173 390 229 ﬂ“

251 389 392 439 ante
415 396 654 438 crucem
673 395 697 436 .'
718 380 1119 449 respondeant
1148 381 1211 436 in
1241 382 1444 438 eadem
1466 397 1605 439 voce
1638 381 1912 450 antipho—

253 488 395 529 nam
412 470 611 541 Agios,
627 473 737 525 etc.
753 470 967 526 Graeca
982 469 1430 540 Grtece,Latine
1450 473 1627 528 etiam
1648 469 1910 528 eamdem

257 562 445 618 omnis
477 561 651 617 tertio
680 559 960 631 reincipit
1008 558 1226 615 chorus
1258 575 1271 614 :
1307 562 1558 617 Sanctus
1590 562 1765 626 Deus,
1799 561 1908 613 etc.

252 651 397 706 Post
451 649 676 705 trinam
732 662 871 704 vero
921 647 1420 715 decantationem,
1457 648 1730 705 nudatur
1757 660 1914 702 crus:

252 738 526 809 syndone
574 752 692 809 quo
742 737 1071 808 tegebatur,
1102 740 1161 792 et
1205 738 1586 806 respicientes
1635 736 1739 807 qui
1783 746 1910 790 eam

244 827 570 898 psallendo
591 826 954 884 deduxerint
984 827 1045 881 in
1074 827 1387 897 populum,
1416 827 1712 896 incipiunt
1751 825 1913 881 anti-

245 916 516 987 phonam
568 917 729 972 hanc
774 916 903 972 alta
954 929 1128 972 voce:
1159 916 1307 972 Ecce
1334 915 1567 983 lignum
1605 916 1819 982 crucis,
1848 913 1913 969 in

249 1020 374 1078 quo
426 1004 595 1061 salus
645 1002 858 1060 mundi
905 1002 1235 1076 pependit:
1286 1004 1504 1071 venite,
1563 1002 1909 1060 adoremus.

249 1096 419 1152 Psal.
456 1093 618 1150 Beati
644 1092 1038 1149 immaculati.

318 1185 613 1242 Sacerdos
644 1188 840 1239 autem
872 1182 1193 1240 descendat
1222 1188 1564 1239 reverenter
1592 1192 1725 1238 cum
1758 1195 1911 1238 com-

245 1275 615 1345 presbyteris
646 1278 702 1329 et
738 1272 1110 1342 diaconibus,
1142 1278 1199 1329 et
1240 1272 1559 1329 adoratam
1600 1271 1908 1328 deoscula-

249 1368 354 1419 tur
382 1377 661 1419 crucem:
691 1361 971 1418 similiter
1002 1366 1059 1418 et
1101 1362 1323 1434 reliqui
1337 1367 1477 1431 post
1499 1363 1657 1431 ipsos
1684 1359 1909 1415 ordini-

250 1451 356 1507 bus
383 1452 530 1507 suis.
564 1450 819 1522 Indeque
854 1450 1243 1506 reascendens
1280 1450 1553 1507 sacerdos
1583 1449 1665 1505 ad
1688 1449 1906 1509 altare.

207 1585 213 1588 .
248 1540 649 1595 communicat
679 1544 734 1594 et
763 1539 953 1594 omnis
982 1539 1176 1594 clems
1212 1544 1345 1607 post
1373 1538 1569 1607 ipsum
1590 1552 1615 1607 ,'
1639 1542 1695 1593 et
1720 1549 1911 1605 popu-

1238 168 1592 225 BICERP'I’A
1628 168 1672 225 Ε
1709 164 2143 224 PONTIFEALI
2184 166 2240 224 δ.
2283 168 2675 229 Ρηυθειητιι.

253 298 373 351 tate
400 291 565 350 vocis
581 306 605 349 ,ο
631 289 861 363 Populo
891 305 1088 360 meus,
1120 293 1232 349 etc.
1262 292 1561 351 Similiter
1602 297 1757 350 stent
1787 291 1908 348 duo
1940 296 1989 348 Δ

3534 174 3670 235 ιω

2591 294 2788 363 Super
2822 294 3101 364 feminas.

2092 397 2245 454 Deus
2274 398 2426 467 coeli,
2461 403 2615 457 Deus
2645 404 2836 469 terras,
2869 404 3003 470 etc.,
3027 401 3170 457 ibid.

2571 525 2765 599 Super
2791 526 3106 583 masculos.

2092 651 2269 718 Deus,
2298 649 2638 711 immortale
2666 651 3038 724 praesidium.
3067 655 3183 713 etc.

2089 737 2264 806 Audi,
2295 738 2612 799 maledicta
2646 741 2886 810 Satana,
2917 744 3030 802 etc.

2092 828 2248 885 Deus
2268 827 2595 897 Abraham,
2616 830 2775 888 Deus
2795 833 2983 899 Isaac,
3007 832 3164 891 Deus
3191 829 3402 889 Jacob.

2577 956 2774 1026 Super
2800 956 3114 1013 masculos.
3163 940 3183 962 ’

2093 1056 2371 1141 Exoreizo
2395 1086 2469 1149 te,
2500 1082 2816 1143 immunde
2838 1084 3100 1159 spiritus,
3131 1088 3241 1145 etc.

2516 1212 2655 1267 item
2683 1218 2866 1281 super
2892 1213 3171 1282 feminas.

2088 1332 2366 1391 Exercizo
2395 1337 2471 1405 te,
2498 1333 2812 1392 immunde
2837 1336 3100 1411 spiritus,
3126 1339 3235 1393 etc.

2090 1422 2229 1477 Inde
2255 1428 2466 1493 tangat
2496 1439 2671 1485 aures
2717 1424 2790 1481 de
2833 1431 3030 1498 sputo,
3059 1431 3115 1483 et
3159 1425 3444 1483 dicatei.‘
3481 1425 3669 1484 Eﬂ'eta

2014 1510 2182 1583 quod
2201 1515 2290 1567 est
2313 1511 2647 1583 adaperire,
2670 1511 2731 1567 in
2747 1512 2993 1568 odorem
3014 1514 3340 1570 suavitatis.
3360 1517 3444 1571 Tu
3464 1519 3666 1572 autem

252 1629 366 1684 lus.
415 1628 766 1699 Sequuntur
834 1626 1178 1696 antiphonee
1212 1599 1286 1682 'et
1344 1599 1604 1682 rursus;
1659 1599 1908 1682 Crucem

2037 1599 2304 1669 aﬂugare,
2337 1599 2598 1671 diabole,
2622 1600 3135 1673 appropinquahit
3158 1602 3454 1673 judicium
3476 1604 3594 1659 Dei.

248 1720 420 1774 tuam
452 1716 799 1785 adoramus,
826 1721 892 1772 ut
920 1716 984 1771 in
1002 1716 1170 1772 Miss.
1202 1716 1370 1772 Rom.

321 1809 530 1877 Agnus
550 1804 652 1860 Dei
675 1820 795 1861 non
817 1811 1064 1870 canunt,
1079 1819 1268 1877 neque
1287 1804 1786 1874 communionem;
1806 1801 1909 1858 sed

246 1895 829 1953 communicantibns
875 1894 1171 1963 omnibus,
1213 1895 1457 1965 expleta
1500 1899 1646 1949 sunt
1682 1892 1902 1950 omnia.

314 2144 579 2203 Sabbato
616 2149 819 2200 sancto
855 2143 1107 2201 Paschae
1137 2142 1342 2213 agitur
1381 2142 1648 2212 primum
1690 2141 1908 2198 litania

243 2239 493 2304 septena
530 2239 782 2304 propter
823 2232 1227 2303 septiformem
1252 2230 1519 2301 Spiritus
1543 2231 1741 2287 sancti
1760 2245 1905 2302 gra-

246 2324 417 2381 tiam.
448 2325 656 2393 Agnus
680 2320 782 2378 Dei
808 2337 930 2378 non
957 2321 1222 2391 canitur,
1242 2321 1360 2377 nisi
1383 2320 1445 2377 in
1469 2326 1643 2379 terna
1663 2319 1903 2387 litania,

242 2427 376 2483 quae
403 2411 487 2467 ad
514 2410 828 2467 introitum
858 2410 1120 2467 canitur.

245 2518 442 2579 ORDO
496 2515 938 2574 BAPTISTERII
990 2515 1336 2573 DICENDUS
1384 2516 1498 2571 UBl
1546 2514 1901 2580 EVENERIT.

314 2625 504 2682 Prius
544 2624 739 2683 tribus
770 2622 993 2680 vicibus
1022 2623 1319 2692 insufﬂat,
1359 2627 1416 2679 et
1441 2621 1589 2679 dicit
1636 2619 1797 2692 quod
1823 2634 1941 2681 εθο,

243 2715 461 2788 quitur
491 2729 506 2770 :
538 2712 641 2768 Exi
663 2712 743 2772 ab
772 2728 863 2781 eo,
895 2711 1136 2785 spiritus
1158 2711 1493 2783 immunde,
1521 2714 1579 2768 et
1597 2709 1677 2767 da
1703 2708 1907 2767 locum

248 2801 495 2876 Spiritui
519 2804 731 2860 sancto
754 2792 1047 2876 paraclito
1075 2801 1137 2858 in
1175 2800 1422 2860 nomine
1451 2798 1642 2858 Patris
1677 2802 1737 2857 et
1758 2797 1904 2862 Filii.

245 2896 313 2949 et
336 2891 590 2966 Spiritus
619 2892 834 2949 sancti.

319 2981 537 3053 Accipe
587 2980 828 3049 signum
877 2978 1072 3034 crucis
1116 2980 1241 3034 tam
1282 2977 1344 3033 in
1386 2977 1599 3045 fronte,
1625 2991 1814 3049 quam
1841 2975 1906 3034 in
1933 2994 1975 3052 α

247 3068 452 3136 corde,
484 3072 618 3139 etc.,
652 3074 717 3125 ut
736 3069 801 3124 in
835 3068 937 3125 lib.
958 3068 1144 3125 Sane.
1174 3067 1238 3124 S.
1264 3066 1509 3137 Gregor.

315 3159 537 3215 Postea
576 3158 768 3227 facies
796 3172 1035 3214 crucem
1078 3157 1143 3213 in
1184 3156 1408 3227 fronte,
1448 3155 1598 3212 etin
1616 3161 1858 3225 pectore
1880 3169 1904 3211 .·

246 3246 499 3315 Signum
521 3245 713 3301 crucis
738 3250 797 3302 et
817 3245 1137 3303 Salvatoris
1159 3243 1396 3302 Domini
1413 3243 1601 3301 nostri
1629 3244 1693 3300 in
1712 3244 1905 3301 fronte

246 3336 356 3389 tua
382 3348 566 3406 pono.
602 3332 852 3403 Signum
880 3333 1074 3393 crucis
1101 3332 1425 3393 Salvatoris
1450 3331 1688 3389 Domini
1715 3331 1900 3388 nostri

244 3423 388 3479 Jesu
417 3421 634 3482 Christi
658 3421 721 3480 in
768 3427 1006 3495 pectore
1032 3427 1136 3480 tuo
1181 3438 1367 3495 pono.
1416 3421 1667 3493 Signum
1709 3419 1903 3479 crucis

249 3510 575 3571 Salvatoris
610 3511 845 3573 Domini
888 3512 1075 3573 nostri
1118 3514 1262 3572 Jesu
1313 3510 1530 3573 Christi
1557 3510 1635 3567 in.
1662 3513 1906 3583 pectore

247 3602 354 3656 tuo
381 3616 567 3673 pono.

318 3691 548 3747 Deinde
575 3690 732 3746 dices
756 3692 1089 3749 orationem
1115 3708 1129 3746 :
1165 3690 1558 3764 Omnipotens
1597 3689 1906 3762 sempiter-

246 3793 325 3835 ne
354 3780 533 3850 Deus,
565 3783 734 3838 Pater
764 3779 999 3839 Domini
1040 3780 1232 3841 nostri
1270 3783 1413 3841 Jesu
1454 3779 1690 3854 Christi,
1716 3779 1906 3855 respi-

248 3883 383 3924 cere
413 3867 685 3941 dignare,
713 3872 826 3928 etc.

993 3972 1159 4031 Alia.

318 4074 530 4131 Preces
559 4076 821 4142 nostras,
858 4090 1233 4147 quresumus,
1281 4073 1552 4144 Domine,
1584 4073 1909 4133 clementer

246 4162 470 4223 exaudi
497 4167 559 4221 et
576 4164 742 4223 hunc
767 4163 1046 4234 electum,
1079 4168 1191 4223 etc.

996 4275 1162 4333 Alia.

320 4380 501 4451 Deus,
530 4377 635 4451 qui
653 4376 907 4435 humani
935 4378 1171 4449 generis
1193 4378 1278 4437 ita
1306 4393 1370 4436 es
1395 4378 1689 4451 conditor,
1720 4382 1831 4436 etc.

374 4487 720 4549 Benedictio
747 4488 894 4546 salis
925 4488 1006 4543 ad
1034 4488 1303 4546 dandum
1334 4490 1777 4547 catechumeno.

320 4593 601 4650 Exorcizo
627 4597 702 4664 te,
734 4596 1009 4650 creatura
1053 4591 1214 4653 salis,
1258 4596 1393 4661 etc.,
1427 4598 1493 4649 ut
1520 4594 1584 4649 in
1631 4592 1799 4650 Sacr.
1842 4592 1904 4648 S.

249 4682 429 4754 Greg.
454 4698 656 4753 papae.

315 4773 456 4829 Hac
493 4774 763 4830 oratione
798 4772 1060 4843 expleta,
1092 4769 1351 4840 accipiat
1394 4771 1671 4828 sacerdos
1717 4770 1791 4828 de
1818 4787 1907 4830 eo-

247 4863 382 4920 dem
412 4864 619 4936 sale,et
634 4868 828 4934 ponat
856 4863 920 4918 in
951 4877 1051 4918 ore
1077 4861 1330 4932 infantis
1356 4860 1605 4917 dicendo
1630 4862 1759 4918 illi:
1790 4863 1904 4918 Ac-

247 4952 380 5026 cipe
411 4950 503 5008 sal
530 4950 837 5025 sapientiae
873 4949 1231 5024 propitiatus
1275 4948 1337 5004 in
1380 4949 1567 5006 vitam
1592 4952 1898 5006 reternam.

967 5058 1190 5115 Oratio.

313 5166 476 5220 Deus
506 5165 751 5221 Patrum
777 5164 1143 5227 nostrorum,
1176 5163 1288 5220 etc.
1320 5166 1387 5221 ut
1406 5163 1470 5221 in
1504 5162 1606 5220 lib.
1637 5162 1811 5222 Sacr.
1838 5163 1900 5221 S.

248 5253 426 5324 Greg.
445 5267 626 5325 papas

176 5356 181 5365 ·
808 5342 1007 5414 Super
1031 5341 1347 5400 masculos.

323 5431 480 5487 Deus
509 5430 836 5502 Abraham,
858 5430 1013 5489 Deus
1038 5429 1227 5500 Isaac,
1253 5432 1389 5499 etc.,
1410 5429 1553 5488 ibid.
1577 5429 1757 5503 Ergo,
1777 5446 1903 5490 ma-

252 5514 488 5596 ledicte,
515 5520 659 5580 ibid.

330 5626 540 5688 'Adds
561 5628 714 5690 oleo.

2086 1689 2315 1745 Deinde
2341 1694 2467 1745 oret
2488 1690 2580 1746 his
2599 1690 2794 1747 verbis
2818 1707 2831 1744 :
2855 1693 2972 1746 Nec
3009 1693 3065 1747 te
3095 1690 3255 1759 latet,
3288 1694 3531 1759 Satana,
3553 1694 3663 1748 etc.

2085 1779 2299 1835 Postea
2330 1792 2465 1834 vero
2498 1783 2710 1849 tangat
2734 1785 2941 1849 pectus
2971 1784 3027 1835 et
3073 1780 3233 1836 inter
3271 1780 3550 1850 scapulas
3595 1780 3673 1838 de

2015 1867 2142 1924 oleo
2189 1867 2526 1924 exorcizato
2558 1882 2793 1924 crucem
2820 1867 3102 1938 faciendo
3155 1883 3288 1924 cum
3339 1869 3579 1938 pollice,
3611 1874 3666 1924 et

2015 1963 2222 2014 vocato
2248 1958 2489 2014 nomine
2514 1960 2642 2028 ejus
2669 1957 2834 2015 dicat
2879 1958 2934 2014 ei
2968 1958 3400 2029 interrogando
3419 1971 3446 2014 τ
3485 1956 3669 2014 Abre-

2016 2045 2255 2103 nuntias
2286 2048 2519 2103 Satanae
2539 2048 2567 2104 ‘I
2596 2043 2664 2118 ii).
2697 2046 3085 2104 Abrenuntio.

2086 2138 2374 2206 Interrog.
2409 2137 2476 2192 Et
2520 2135 2807 2193 omnibus
2860 2135 3149 2210 operibus
3182 2136 3361 2208 ejus?
3387 2136 3444 2205 ἡ.
3481 2135 3664 2192 Abre-

2014 2224 2245 2280 nunﬁo.

2087 2312 2742 2385 Interrog.Etomnibus
2758 2314 2998 2387 pompis
3009 2314 3176 2385 ejus?
3194 2319 3255 2391 ἢ.
3270 2314 3664 2371 Abrenuntio.

2087 2405 2151 2459 Et
2177 2418 2290 2474 ego
2318 2402 2462 2459 linio
2492 2406 2546 2459 te
2571 2412 2597 2440 ³
2624 2403 2830 2460 salutis
2858 2403 2922 2459 in
2970 2403 3197 2461 Christo
3221 2405 3363 2460 Jesu
3411 2404 3663 2462 Domino

2013 2494 2188 2548 notro
2215 2491 2279 2547 in
2298 2492 2487 2549 vitam
2514 2495 2822 2550 aeternam.
2850 2494 2971 2549 Pax
3000 2492 3128 2550 tibi.

2084 2582 2216 2638 Hoc
2251 2581 2510 2655 expleto,
2536 2597 2673 2639 cum
2714 2582 2933 2640 litania
2958 2581 3279 2639 descendat
3314 2581 3396 2640 ad
3432 2582 3667 2653 fontem

2016 2670 2498 2741 benedicendum,
2527 2676 2581 2726 et
2610 2671 2776 2727 dicat
2808 2688 2821 2727 :
2856 2670 3147 2727 Dominus
3172 2670 3667 2731 vobiscum.0m-

2013 2758 2294 2831 nipotens
2323 2757 2682 2831 sempiterna
2711 2759 2888 2830 Deus,
2919 2758 3127 2816 adesto
3151 2773 3413 2830 magnai,
3443 2762 3579 2831 etc.,
3598 2764 3666 2815 ut

2013 2848 2077 2902 in
2118 2847 2220 2902 lib.
2260 2846 2321 2902 S.
2366 2848 2544 2916 Greg.
2571 2848 2679 2902 Per
2703 2846 2911 2903 omnia
2955 2846 3195 2903 amcitia.
3246 2846 3359 2912 Qui
3380 2845 3669 2907 invisibili

2012 2934 2298 3009 potentia,
2331 2937 2442 2991 etc.
2476 2934 2673 2992 Gratia
2699 2934 2776 2990 de
2801 2934 3021 3008 Spiritu
3052 2937 3280 2993 sancto.
3312 2935 3426 2993 Hic
3454 2934 3668 2994 dividi-

2014 3029 2116 3081 tur
2143 3040 2305 3098 aqua
2331 3025 2395 3082 in
2423 3025 2663 3081 modum
2689 3026 2904 3082 crucis.
2950 3024 3062 3091 Qui
3104 3024 3265 3082 hanc
3300 3039 3528 3098 aquam
3570 3039 3667 3083 re-

2015 3113 2374 3186 generandis
2404 3112 2752 3170 hominibus
2798 3116 3225 3187 praeparatam,
3257 3117 3368 3173 etc.
3398 3114 3518 3172 Hic
3539 3129 3666 3172 mu-

2013 3210 2104 3262 tat
2132 3220 2327 3262 vocem
2354 3204 2509 3262 sicut
2540 3204 2847 3263 lectionem
2878 3204 3113 3277 legens:
3149 3206 3283 3261 Haec
3306 3202 3483 3263 nobis
3509 3218 3664 3277 prae-

2013 3298 2187 3367 cepta
2213 3292 2615 3365 servantibus,
2633 3296 2742 3351 etc.
2775 3294 2892 3350 Hic
2920 3309 3041 3349 non
3071 3294 3345 3364 sufﬂare,
3376 3293 3479 3352 sed
3503 3295 3664 3364 aspi-

2010 3399 2153 3442 rare
2177 3383 2346 3442 debes
2382 3401 2394 3441 :
2429 3382 2520 3439 Tu
2546 3381 2658 3439 has
2687 3381 2985 3457 simplices
3011 3398 3221 3457 aquas,
3267 3385 3374 3438 etc.
3424 3382 3543 3439 Hic
3571 3382 3666 3438 de-

2007 3480 2319 3544 ponantur
2346 3473 2465 3528 duo
2496 3474 2650 3530 cerei
2694 3473 2758 3528 in
2795 3487 2991 3544 aqua:
3025 3472 3358 3530 Descendat
3393 3471 3457 3528 in
3506 3470 3667 3529 hanc

2011 3558 2448 3635 plenitudinem
2482 3559 2683 3629 fontis,
2716 3564 2824 3618 etc.
2874 3562 3096 3619 Deinde
3136 3562 3432 3633 accipiens
3476 3577 3669 3621 sacer-

2014 3650 2117 3707 dos
2148 3666 2252 3708 vas
2280 3667 2415 3708 cum
2446 3651 2767 3709 chrismate
2792 3651 3019 3725 fundat
3047 3667 3122 3709 ex
3152 3668 3221 3710 ea
3273 3654 3335 3709 in
3366 3667 3544 3710 cruce
3571 3667 3668 3710 su-

2010 3754 2121 3809 per
2149 3742 2362 3810 ipsam,
2389 3746 2444 3796 et
2472 3740 2674 3797 dicat:
2708 3740 2774 3795 In
2805 3740 3049 3796 nomine
3077 3740 3326 3814 Spiritus
3354 3742 3543 3799 sancti
3563 3756 3671 3819 pa.-

2013 3827 2204 3886 racliti
2230 3828 2630 3887 sanctiﬁcatur
2658 3831 2716 3887 et
2744 3827 3096 3885 fecundetur
3124 3828 3259 3884 fons
3286 3828 3417 3885 iste.
3450 3831 3531 3887 Et
3563 3833 3670 3888 mi-

2015 3932 2183 3973 scens
2211 3931 2280 3974 ea
2308 3930 2494 3973 manu
2525 3931 2635 3973 sua
2663 3931 2796 3973 cum
2828 3930 3009 3991 aqua,
3039 3921 3320 3987 aspergat
3343 3921 3465 3975 tam
3488 3931 3671 3991 super

2013 4008 2262 4079 fontem,
2289 4022 2470 4080 quam
2498 4021 2681 4085 super
2706 4006 3000 4079 populum
3025 4005 3531 4065 circumstantem.

2087 4096 2288 4155 Credis
2312 4096 2376 4154 in
2405 4096 2593 4154 Deum
2645 4096 2880 4155 Patrem
2917 4094 3414 4169 omnipotentem,
3445 4099 3670 4155 creato-

2013 4202 2144 4245 rem
2173 4185 2305 4244 cmli
2335 4189 2391 4244 et
2423 4185 2634 4244 terrae?
2662 4187 2700 4258 ἢ
2727 4185 2937 4243 Credo.

2088 4280 2378 4350 Interrog.
2401 4276 2603 4334 Credis
2631 4276 2694 4334 in
2721 4278 2926 4334 Jesum
2954 4274 3273 4349 Christum,
3298 4277 3508 4336 Filium
3533 4277 3667 4350 ejus

1933 4351 1991 4406 Π
2018 4366 2287 4438 unicum,
2336 4366 2660 4425 Dominum
2700 4369 2975 4425 nostrum
3022 4369 3233 4425 natum
3263 4369 3320 4427 et
3364 4366 3668 4443 passum?

2017 4456 2079 4527 ἢ.
2113 4456 2319 4515 Credo.

2087 4545 2376 4611 Interrog.
2411 4542 2611 4599 Credis
2640 4545 2698 4600 et
2739 4542 2802 4599 in
2848 4541 3132 4615 Spiritum
3162 4545 3459 4612 sanctum,
3491 4557 3668 4600 sanc-

2014 4632 2138 4687 tam
2164 4628 2488 4687 Ecclesiam
2515 4629 2895 4704 catholicam,
2919 4632 3266 4688 sanctorum
3295 4629 3668 4689 communio.

2011 4734 2153 4775 nem
2194 4718 2611 4777 remissionem
2656 4723 3063 4793 peccatorum,
3096 4719 3293 4777 carnis
3334 4735 3666 4779 ressurrec-

2013 4807 2258 4877 tionem,
2287 4807 2476 4866 vitam
2503 4813 2786 4867 aeternam
2808 4808 2836 4864 ‘2
2865 4813 3075 4866 Amen.
3110 4812 3171 4886 ﬁ).
3204 4806 3413 4867 Credo.

2084 4899 2374 4972 Interrog.
2408 4898 2505 4956 Vis
2532 4897 2873 4971 baptizari?
2895 4901 2931 4971 ἡ
2954 4897 3120 4957 Volo.

2082 4989 2162 5046 Et
2192 4989 2489 5060 accipiens
2513 5004 2644 5046 eum
2687 5004 2727 5045 a
2754 4988 3111 5059 parentibus
3135 4988 3410 5048 sacerdos
3434 4994 3669 5063 mergat

2008 5080 2118 5136 sub
2140 5080 2305 5139 trina
2334 5080 2644 5152 mersione,
2674 5084 2946 5139 sanctam
2974 5080 3327 5141 Trinitatem
3366 5082 3547 5143 semel
3570 5097 3660 5141 voc

2011 5185 2176 5239 cans,
2200 5171 2288 5228 ita
2317 5170 2568 5229 dicendo
2594 5186 2620 5229 .'

2083 5257 2321 5334 Baptizo
2351 5261 2429 5328 te,
2458 5258 2523 5315 in
2546 5257 2792 5316 nomine
2818 5257 3030 5330 Patris,
3055 5261 3113 5319 et
3151 5257 3295 5328 Filii,
3323 5261 3381 5314 et
3412 5254 3662 5330 Spiritus

2010 5343 2220 5401 sancti.
2258 5344 2333 5401 Ut
2356 5347 2555 5401 autem
2576 5344 2910 5403 surrexerit
2938 5358 2976 5402 a
2996 5343 3186 5415 fonte,
3205 5342 3403 5412 faciat
3414 5339 3666 5411 presby-

2010 5439 2103 5491 ter
2122 5434 2358 5506 signum
2388 5433 2583 5490 crucis
2612 5432 2686 5492 de
2710 5433 3033 5493 chrismate
3063 5447 3197 5490 cum
3214 5428 3461 5501 pollice,
3487 5432 3542 5485 et
3572 5428 3662 5486 di-

2011 5527 2109 5581 cat
2138 5521 2296 5581 hanc
2320 5522 2688 5582 orationem:
