4160 6186
556 185 694 247 1447

1527 176 1898 240 EXCERPTA
1935 181 1978 235 E
2014 172 2456 235 PONTIFICALI
2493 175 2551 231 S.
2590 174 2990 233 PRUDENTIL

3829 177 3969 236 1H8

628 316 783 371 Deus
803 310 1183 384 omnipotens
1194 311 1250 366 et
1262 307 1436 365 Pater
1451 305 1684 365 Domini
1700 303 1887 363 nostri
1904 303 2177 374 Jesu,etc.
2188 342 2205 370 ,
2234 300 2285 356 Α
2311 297 2457 356 bati.
2475 299 2576 355 Ad
2589 299 3029 370 complendum.
3048 296 3336 372 Spiritum
3352 295 3551 368 nobis,
3571 297 3835 369 Domine,
3855 307 3969 360 etc.

556 409 623 460 ut
654 403 718 459 in
750 401 854 458 lib.
885 400 1155 457 Sacram.
1188 400 1252 456 S.
1283 399 1457 470 Greg.
1484 396 1495 403 ’

624 490 851 548 Deinde
879 489 1141 559 accipiat
1167 488 1443 546 sacerdos
1472 492 1688 544 vestem
1734 483 2078 550 candidam,
2104 496 2208 553 po-

551 586 659 640 nat
683 595 865 651 super
892 584 1097 651 caput.
1129 584 1184 636 et
1216 578 1380 635 dicat
1424 578 1480 634 ei
1500 592 1522 633 :
1546 575 1761 649 Accipe
1787 576 2016 631 vestem
2065 585 2207 628 can-

550 669 760 728 didam
786 673 845 727 et
866 667 1346 739 immaculatam,
1369 681 1555 741 quam
1573 663 1841 739 perferas
1863 665 2000 721 ante
2024 660 2206 719 tribu-

549 759 653 817 nal
683 758 919 817 Domini
961 757 1150 815 nostri
1190 754 1593 824 Jesu‘Christi,
1625 753 1974 826 habeasque
2018 749 2205 807 vitam

549 852 862 916 internam,
892 850 949 905 et
975 846 1144 904 vivas
1174 846 1238 903 in
1262 844 1483 902 saecula
1506 843 1881 900 saeculorum.
1909 845 2119 896 Amen.

617 940 700 995 Et
728 938 979 995 vestitur
1006 936 1213 1007 infans
1244 934 1602 993 vestimentis
1630 934 1771 990 suis.
1804 932 1874 988 Si
1901 945 2040 987 vero
2088 929 2206 999 epi-

549 1042 762 1098 scopus
807 1026 993 1094 adest,
1025 1026 1224 1082 statim
1275 1022 1627 1093 conﬁrmari
1650 1024 1880 1092 oportet
1909 1020 1982 1077 de
2018 1018 2205 1076 chris-

550 1121 729 1181 mate,
766 1121 821 1173 et
889 1120 1099 1186 postea
1147 1112 1604 1170 communicare.
1663 1111 1744 1167 Et
1796 1110 1853 1165 si
1898 1108 2203 1179 episcopus

548 1205 730 1274 deest,
766 1220 805 1262 a
846 1203 1195 1276 presbytero
1243 1202 1733 1269 communicetur,
1761 1204 1816 1256 et
1844 1198 2007 1255 dicat
2065 1211 2204 1253 ora-

549 1294 768 1352 tionem
795 1309 817 1350 :

621 1386 851 1456 Corpus
899 1386 957 1439 et
1005 1380 1253 1452 sanguis
1297 1378 1533 1436 Domini
1581 1375 1774 1435 nostri
1811 1378 1949 1434 Jesu
1989 1373 2201 1431 Christi

549 1470 852 1529 custodiat
879 1475 935 1528 te
963 1470 1025 1526 in
1054 1470 1243 1526 vitam
1271 1472 1578 1525 aeternam.
1612 1471 1822 1549 Amen.

1265 1574 1490 1631 Oratio.

624 1682 1015 1757 Omnipotens
1070 1680 1432 1754 sempiterne
1479 1683 1654 1749 Deus,
1699 1678 1806 1752 qui
1851 1690 2204 1748 regenerare
2232 1653 2275 1709 Β
2311 1633 2354 1691 b

550 1771 834 1844 dignatus
863 1773 974 1841 est,
1006 1772 1115 1826 etc.

816 1858 1022 1916 Oratio
1047 1857 1130 1915 ad
1160 1857 1587 1927 baptizandum
1615 1856 1942 1925 inﬁrmum.

620 1947 909 2007 Medelam
956 1951 1126 2003 tuam
1178 1945 1487 2019 deprecor,
1519 1944 1767 2002 Domine
1813 1946 2037 2012 sancte,
2066 1946 2202 2013 etc.,

550 2043 618 2095 ut
645 2039 709 2093 in
742 2037 843 2094 lib.
877 2036 1150 2093 Sacram.
1180 2036 1243 2091 S.
1278 2033 1523 2105 Gregor.

626 2127 858 2197 Tangat
878 2127 935 2183 ei
950 2139 1127 2182 nares
1146 2130 1201 2181 et
1222 2138 1398 2182 aures
1414 2124 1487 2181 de
1504 2127 1677 2193 sputo
1695 2122 1913 2179 dicens:
1930 2120 2206 2194 Ephphe—

550 2219 630 2274 ta.
686 2217 918 2288 Tangat
967 2220 1022 2272 et
1064 2219 1269 2285 pectus
1320 2219 1375 2270 et
1424 2214 1585 2269 inter
1629 2212 1910 2282 scapulas
1951 2210 2152 2266 dicens
2180 2222 2205 2265 .'

448 2344 455 2351 ι
550 2305 951 2365 Abrenuntias
978 2306 1007 2361 ?

1082 2400 1425 2458 Benedictio
1459 2399 1669 2470 fontis.

621 2499 901 2558 Exorcizo
948 2504 1025 2569 te,
1057 2502 1332 2556 creatura
1369 2514 1564 2573 aquae,
1611 2501 1748 2564 etc.,
1796 2496 1860 2552 in
1901 2493 2205 2552 remissio—

550 2605 692 2647 nem
720 2593 1130 2664 peccatorum,
1160 2588 1221 2644 in
1242 2589 1488 2645 nomine
1526 2587 1800 2660 ejusdem
1829 2584 2067 2643 Domini
2097 2600 2202 2641 no-

550 2679 654 2735 stri
677 2682 815 2734 Jesu
842 2677 1074 2747 Christi,
1101 2678 1204 2750 qui
1234 2683 1522 2734 venturus
1551 2681 1656 2733 est.

620 2768 918 2837 Interrog.
952 2765 1152 2823 Credis
1171 2766 1232 2822 in
1261 2769 1449 2822 Deum
1480 2765 1715 2821 Patrem
1743 2764 1772 2820 ‘I
1798 2765 1880 2819 Et
1922 2770 2065 2820 tunc
2097 2762 2199 2819 ba-

542 2858 740 2928 ptizas
766 2864 820 2914 et
854 2856 993 2913 linis
1031 2871 1159 2913 eum
1192 2856 1265 2913 de
1288 2855 1611 2912 chrismate
1638 2868 1871 2910 crucem
1917 2852 2199 2923 faciendo

548 2948 612 3003 in
644 2948 861 3003 vertice
888 2949 1016 3017 ejus
1047 2961 1119 3003 ac
1144 2947 1387 3003 dicens:
1414 2947 1569 3000 Deus
1601 2942 2005 3015 omnipotens,
2035 2944 2201 2997 Pater

646 2992 726 3003 ν...
750 2992 857 3003 .-νυ
889 2992 1014 3017 νέην
1047 2992 1114 3003 ..ν
1145 2992 1376 3003 mw--.
1417 2992 1568 3000 υ-..-
1606 2992 2005 3015 -____,---__,
2036 2992 2054 2997 _
2078 2992 2192 2997 π---

550 3035 785 3092 Domini
810 3036 1001 3093 nostri
1023 3038 1160 3092 Jesu
1183 3033 1422 3100 Christi,
1439 3037 1549 3090 etc.
1580 3032 1797 3104 Accipe
1816 3035 2041 3087 vestem
2064 3045 2202 3086 can-
2230 3007 2270 3065 C
2310 2992 2330 3044 Ῑ

543 3123 773 3194 didam,
806 3128 915 3182 etc.

793 3232 1137 3290 Benedictio
1160 3231 1315 3289 cerei
1334 3232 1397 3287 in
1426 3228 1688 3287 Sabbato
1716 3232 1942 3285 sancto.

614 3338 876 3396 Exsultat
899 3339 1029 3411 jam
1061 3337 1334 3410 angelica
1362 3336 1559 3404 turba,
1591 3338 1701 3392 etc.

610 3430 754 3485 Post
794 3430 923 3486 haec
967 3431 1254 3500 leguntur
1305 3429 1554 3485 lectione
1603 3424 1928 3483 secundum
1977 3424 2197 3494 Greqo-

542 3517 702 3573 rium
730 3516 840 3571 hoc
863 3517 1056 3572 modo.

611 3604 901 3676 Sequitur
954 3605 1172 3661 litania
1210 3604 1424 3674 quinta
1458 3608 1711 3672 propter
1739 3603 2086 3674 quinarium
2119 3603 2200 3659 vi-

538 3692 753 3750 delicet
781 3708 1015 3749 sensum
1037 3708 1152 3763 pro
1180 3707 1296 3765 quo
1324 3698 1458 3749 orat
1489 3691 1778 3759 Ecclesia,
1811 3697 1878 3747 ut
1924 3692 2015 3749 his
2061 3707 2198 3763 ape-

539 3781 667 3838 riat
693 3782 851 3839 Deus
888 3783 994 3854 qui
1014 3782 1419 3852 baptizantur.

596 3870 883 3943 Sequitur
900 3871 1117 3928 litania
1139 3870 1303 3927 trina
1324 3868 1395 3926 ob
1416 3868 1805 3927 reverentiam
1827 3874 2052 3926 sanctae
2074 3869 2198 3925 Tri-

539 3960 774 4029 nitatis,
802 3959 983 4035 Kyrie
1013 3958 1260 4029 eleison,
1290 3963 1401 4016 etc.

608 4049 757 4107 Cum
787 4055 1001 4108 cantor
1044 4048 1271 4107 dixerit
1298 4046 1407 4104 Fili
1466 4047 1589 4119 Dei,
1618 4050 1673 4104 te
1715 4061 2006 4118 rogamus
2051 4047 2197 4106 audi

534 4153 667 4208 nos,
693 4143 930 4196 mutata
959 4154 1099 4197 voce
1138 4138 1300 4196 dicat
1323 4153 1348 4195 ,ο
1370 4137 1708 4206 Accendite,
1743 4139 1908 4195 Tunc
1952 4138 2195 4210 erigunt

534 4243 599 4286 se
630 4227 877 4286 diaconi
900 4228 977 4286 ab
1006 4229 1297 4299 oratione,
1325 4232 1379 4285 et
1407 4234 1605 4285 tamen
1625 4242 1747 4285 sese
1773 4242 1894 4283 non
1917 4228 2193 4284 osculan-

535 4320 639 4373 tur
671 4318 865 4388 juzrta
910 4332 1155 4374 morem.
1189 4315 1418 4373 Cantor
1455 4322 1660 4373 autem
1708 4317 1775 4372 in
1826 4314 2027 4372 eadem
2054 4330 2193 4373 voce

533 4400 933 4478 subsequatur
978 4404 1182 4463 dicens
1203 4420 1227 4463 .·
1264 4408 1472 4476 Agnus
1501 4402 1624 4461 Dei.
1654 4403 1917 4475 Expleta
1948 4404 2187 4473 litania,

532 4495 811 4553 sacerdos
839 4495 1093 4566 incipiat
1137 4492 1336 4552 Gloria
1361 4493 1425 4551 in
1467 4492 1716 4551 excelsis
1757 4495 1898 4549 Deo.
1934 4492 2140 4550 Oratio
2173 4510 2187 4550 :

468 4612 479 4621 α
534 4587 693 4642 Deus
741 4584 848 4659 qui
904 4584 1064 4642 hanc
1114 4582 1602 4641 sacratissimam.
1662 4581 1856 4639 Lectio
1913 4582 2191 4656 Epistolas

530 4671 691 4731 beati
758 4672 925 4730 Pauli
981 4671 1235 4746 apostoli
1273 4670 1354 4729 ad
1402 4671 1802 4729 Colossenses.
1847 4672 2102 4742 Fratres,
2138 4671 2192 4727 si

533 4763 988 4821 consurrexistis
1014 4778 1157 4820 cum
1187 4761 1441 4829 Christo,
1472 4764 1582 4817 etc.
1629 4758 1895 4816 Alleluia.
1928 4766 1966 4817 ν
1998 4760 2192 4816 Conﬁ-

533 4852 761 4908 temini.
798 4856 997 4911 Tract.
1022 4868 1044 4910 .·
1069 4851 1352 4910 Laudato.
1383 4851 1612 4907 Lumen
1641 4865 1779 4908 vero
1810 4854 1952 4907 ante
1987 4850 2190 4907 Evan-

532 4938 756 5008 gelium
786 4956 904 4999 non
924 4947 1235 5014 portatur,
1259 4939 1567 5012 offerenda
1589 4955 1711 4995 non
1736 4938 1980 4997 canitur
2001 4953 2190 5011 neque

534 5028 891 5084 communio.
916 5030 1237 5105 Sequentia
1279 5029 1471 5087 sancti
1516 5026 1823 5099 Evangelii
1854 5027 2188 5084 secundum

531 5111 894 5174 Matthaaum.
928 5119 991 5172 In
1036 5119 1139 5176 illo
1181 5123 1471 5194 tempore,
1500 5133 1750 5192 vespere
1796 5120 1999 5174 autem
2043 5115 2188 5175 Sab‘

528 5202 676 5277 bati,
707 5204 819 5260 etc.
846 5201 1090 5262 Secreta
1118 5221 1132 5260 :
1164 5207 1427 5282 Suscipe.
1460 5207 1757 5279 Praefatio
1792 5222 1806 5263 :
1832 5208 1909 5264 Te
1936 5205 2186 5280 quidem

531 5294 700 5352 omni
729 5297 1018 5367 tempore.
1052 5292 1577 5355 Communicantes
1608 5301 1667 5354 et
1692 5300 1932 5354 noctem
1985 5312 2183 5354 sacra-

531 5382 849 5451 tissimam,
900 5385 1012 5439 etc.
1064 5380 1231 5437 Hauc
1279 5382 1479 5456 igitur,
1535 5389 1669 5458 etc.,
1719 5392 1785 5443 ut
1838 5388 1901 5442 in
1949 5385 2187 5442 Missali

529 5473 697 5529 Rom.
725 5472 941 5528 Statim
974 5470 1273 5541 incipiant
1297 5485 1567 5539 vesperas
1596 5477 1913 5531 canonicos
1935 5476 1995 5530 in
2027 5474 2179 5531 dire-

529 5566 689 5618 ctum
708 5562 1060 5631 psallentes.
1097 5560 1450 5630 Capitulum
1475 5574 1597 5616 non
1622 5563 1882 5629 dicatur,
1916 5580 2024 5621 nec
2052 5580 2181 5622 ver-

527 5664 649 5720 sus,
678 5647 783 5707 sed
808 5648 1140 5720 incipiatur
1167 5647 1404 5720 antiph.
1434 5663 1447 5701 :
1479 5647 1731 5719 Vespere
1776 5652 1977 5705 autem
2028 5650 2175 5708 Sab-

2315 394 2382 443 ut
2408 388 2473 445 in
2498 389 2738 447 Missali
2763 390 2931 446 Rom.

3065 489 3209 571 IV

2789 620 2878 707 DE
2915 620 3107 677 AGON
3114 618 3496 676 lZANTlBUS.

2387 726 2535 783 Cum
2585 725 2793 784 anima
2840 727 2905 783 in
2952 742 3144 799 agone
3188 727 3286 783 sui
3331 727 3528 784 exitus
3583 727 3978 786 dissolutione

2312 817 2583 887 corporis
2609 817 2738 874 visa
2774 816 2967 886 fuerit
3015 816 3313 885 laborare,
3337 817 3569 886 fratres
3615 819 3977 876 conveniant

2312 921 2532 974 omnes,
2560 911 2617 962 et
2645 910 2953 962 canuntur
2978 910 3196 976 septem
3225 905 3595 976 paenitentiae
3618 908 3871 979 psalmi,
3892 915 3977 965 at-

2313 1009 2426 1067 que
2449 994 2685 1065 agenda
2714 999 2800 1050 est
2831 994 3071 1063 lilania,
3090 1000 3301 1065 proust
3326 995 3607 1064 temporis
3634 997 3976 1065 permiserit

2312 1084 2490 1148 ratio,
2523 1089 2577 1140 ct
2625 1083 2949 1140 secundum
3002 1083 3164 1155 quod
3203 1098 3470 1156 egressus
3497 1086 3626 1156 ejus
3657 1100 3845 1142 causa
3869 1101 3975 1156 po-

2313 1173 2496 1231 tuerit
2521 1173 2805 1244 perspici,
2835 1173 2929 1229 vel
2957 1173 3262 1230 aestimari.

2622 1279 2913 1351 Sequitur
2951 1279 3146 1336 oratio
3170 1284 3308 1350 post
3333 1279 3610 1336 litaniam
3641 1296 3656 1335 :

2387 1366 3208 1440 Suscipe,Domine,animam
3226 1367 3530 1425 famulitui
3545 1371 3590 1426 N
3598 1410 3611 1424 .
3631 1367 3713 1425 im
3721 1383 3972 1425 nonum.

2316 1457 2525 1514 Libera
2555 1472 2691 1514 eam
2721 1473 2792 1514 ex
2821 1456 3107 1514 omnibus
3163 1456 3443 1531 periculis
3487 1456 3897 1527 infernarum,
3924 1462 3977 1514 et

2312 1545 2388 1603 de
2415 1545 2646 1620 laqueis
2696 1561 3018 1619 poenarum
3065 1550 3125 1603 et
3154 1562 3226 1602 ex
3255 1545 3539 1604 omnibus
3579 1545 3981 1605 tribulationi-

2356 1651 2428 1691 us
2457 1635 2681 1692 tartari.

2385 1722 2613 1792 Libera,
2664 1723 2938 1791 Domine,
2987 1723 3258 1781 animam
3305 1724 3455 1797 ejus,
3499 1723 3652 1781 sicut
3706 1723 3979 1783 liberasti

2313 1812 2513 1869 Enoch
2534 1817 2592 1870 et
2618 1813 2829 1897 Eliam,
2862 1817 2975 1871 etc.

2382 1903 2671 1975 Sequitur
2696 1904 2752 1974 ἡ.
2784 1903 3124 1969 Subvenite,
3156 1907 3345 1961 sancti
3369 1904 3491 1962 Dei.

2385 1998 2441 2065 Ῡ.
2479 1992 2781 2066 Suscipiat
2808 1996 2863 2050 te
2893 1993 3178 2062 Christus,
3216 1998 3325 2050 etc.

2457 2098 2582 2166 Quo
2611 2099 2804 2169 ﬁnito,
2832 2099 3077 2156 dicatur
3103 2115 3215 2169 pro
3241 2115 3307 2156 eo
3338 2101 3461 2158 haec
3485 2102 3678 2158 oratio
3706 2102 3843 2160 sive

2903 2171 3335 2227 commendatio
3359 2189 3372 2228 :

2382 2275 2530 2348 Tibi,
2562 2276 2834 2350 Domine,
2866 2277 3390 2349 commendamus,
3417 2283 3526 2336 etc.

2384 2366 2841 2424 Misericordiam
2873 2371 3060 2437 tuam,
3097 2367 3349 2425 Domine
3392 2372 3615 2441 sancte,
3644 2371 3826 2427 Pater
3853 2386 3975 2427 om.

2310 2454 2611 2529 nipotens,
2646 2459 2759 2512 etc.

2380 2545 2452 2602 Si
2492 2552 2689 2602 autem
2718 2545 3045 2618 quidquam
3071 2546 3493 2616 supervixerit,
3525 2552 3845 2605 canuntur
3869 2550 3973 2607 alii

2303 2634 2553 2704 psalmi,
2580 2635 2703 2691 sive
2723 2635 3006 2705 legantur
3028 2635 3345 2691 Passiones
3368 2634 3608 2706 Christi,
3631 2637 3726 2693 vel
3748 2637 3971 2695 iterum

2310 2728 2533 2793 agatur
2576 2723 2793 2780 litania
2840 2739 3143 2796 usquequo
3185 2725 3392 2781 anima
3421 2739 3667 2794 corpore
3710 2730 3973 2785 terrena

2310 2811 2711 2882 corruptionis
2739 2812 3113 2881 absolvatur,
3144 2813 3208 2869 in
3237 2815 3410 2884 cujus
3455 2828 3694 2884 egressu
3723 2814 3974 2872 dicatur

2308 2901 2645 2971 antiphona
2678 2918 2690 2956 :
2722 2900 3018 2975 Suscipiat
3065 2905 3120 2958 te
3150 2900 3434 2959 Christus.
3461 2903 3633 2960 Psal.
3660 2920 3672 2958 :
3706 2908 3767 2960 In
3797 2904 3971 2962 exitu

2336 2990 2512 3047 srael.

2867 3080 3150 3151 Sequitur
3187 3080 3402 3136 oratio.

2380 3166 2771 3240 Omnipotens
2801 3167 3159 3241 sempiterna
3191 3170 3366 3237 Deus,
3394 3168 3499 3242 qui
3527 3168 3808 3228 humano
3844 3188 3969 3229 cor-

2306 3256 2439 3329 pori
2470 3256 2740 3313 animam
2770 3255 2850 3313 ad
2882 3255 3356 3325 similitudinem,
3389 3261 3498 3315 etc.

2783 3362 3068 3435 Sequitur
3095 3362 3432 3434 antiphona
3464 3379 3477 3418 :

2377 3450 2605 3507 Chorus
2632 3449 3004 3521 angelorum.
3037 3451 3203 3508 Psat.
3231 3468 3245 3507 :
3274 3450 3460 3507 Dilexi
3500 3452 3825 3524 quoniam.
3866 3456 3972 3513 Ca-

2306 3547 2535 3596 nontur
2578 3546 2634 3596 et
2675 3540 2788 3596 alii
2811 3550 3068 3613 quatuor
3115 3554 3298 3613 usque
3326 3540 3416 3597 Ad
3466 3540 3795 3598 Dominum
3832 3560 3969 3601 cum

2307 3628 2622 3686 tribularer
2648 3628 2935 3686 Clamavi.

3018 3719 3244 3776 Oratio.

2377 3805 2494 3863 Diri
2521 3805 2788 3864 vulneris
2818 3807 3080 3865 novitate
3106 3807 3400 3881 percussi,
3433 3811 3543 3865 etc.

2448 3915 2614 3973 Tunc
2640 3921 2806 3988 roget
2836 3915 3111 3973 sacerdos
3138 3930 3316 3973 orare
3338 3930 3452 3986 pro
3482 3930 3547 3973 eo
3575 3914 3823 3974 dicens:

2375 4003 2550 4076 Kyrie
2580 4002 2824 4062 eleison.
2856 4006 3027 4061 Pater
3069 4007 3290 4061 noster.
3324 4002 3613 4078 Requiem
3650 4008 3965 4066 internum.

2302 4095 2383 4149 Ne
2413 4091 2618 4150 tradas
2642 4091 2872 4149 bestiis.
2901 4092 3116 4150 Anima
3144 4093 3276 4165 ejus
3305 4092 3368 4149 in
3391 4092 3588 4150 bonis.
3625 4092 3692 4149 In
3735 4110 3969 4153 memo-

2300 4180 2391 4238 ria
2418 4185 2655 4239 aeterna.
2689 4183 2823 4239 Non
2850 4181 3033 4239 intres
3062 4181 3125 4238 in
3148 4180 3467 4255 judicium.
3491 4184 3541 4238 Α
3566 4185 3743 4256 porta

2304 4272 2510 4342 Surge,
2543 4269 2816 4340 Domine,
2842 4269 2905 4326 in
2934 4270 3207 4343 requiem
3236 4273 3424 4327 tuam.

2218 4358 2265 4414 D
2373 4361 2607 4415 Partem
2634 4358 2828 4416 beatae
2857 4358 3308 4416 resurrectionis
3326 4358 3614 4432 obtineat,
3643 4362 3753 4416 etc.

2658 4465 2865 4522 Oratio
2900 4471 3040 4536 post
3073 4466 3335 4524 levatum
3363 4480 3601 4537 corpus.

2372 4553 2639 4633 Suscipe,
2671 4552 2943 4626 Domine,
2965 4554 3240 4612 animam
3265 4554 3420 4613 servi
3448 4554 3534 4614 tui
3555 4557 3622 4613 N.
3653 4557 3952 4612 reverten-

2298 4648 2419 4703 tem
2450 4645 2531 4702 ad
2557 4650 2637 4713 te,
2667 4649 2779 4702 etc.

2369 4735 2656 4807 Sequitur
2673 4735 2729 4805 ἢ.
2757 4733 3123 4792 Paucitatem
3147 4734 3403 4792 dierum.

2367 4831 2425 4882 ἵ.
2460 4826 2603 4880 Ecce
2632 4824 2695 4881 in
2724 4824 2971 4898 pulvere
3003 4825 3204 4883 sedeo.

2526 4932 2734 4991 Oratio
2761 4938 3086 5006 antequam
3117 4933 3191 4991 de
3214 4932 3389 4990 domo
3422 4935 3729 5004 efferatur.

2369 5028 2636 5103 Suscipe,
2669 5029 2940 5100 Domine,
2966 5030 3237 5088 animam
3267 5030 3422 5088 servi
3451 5030 3538 5089 tui
3563 5033 3627 5087 N.
3660 5041 3846 5103 quam
3877 5024 3956 5083 de

2295 5117 2624 5190 ergastulo,
2646 5122 2757 5176 etc.

2365 5210 2521 5263 Deus
2584 5207 2680 5265 cui
2727 5207 3013 5281 competit
3061 5208 3430 5267 medicinam
3484 5210 3770 5283 praestare
3816 5207 3960 5279 post

2290 5299 2570 5368 mortem,
2600 5300 2710 5353 etc.

2364 5386 2526 5442 Tunc
2546 5400 2680 5442 cum
2696 5381 2762 5456 ἰὴ.
2778 5386 3116 5456 Subvenite,
3137 5387 3327 5444 sancti
3342 5387 3466 5457 Dei,
3479 5392 3537 5444 et
3554 5385 3690 5444 aliis
3713 5399 3964 5455 respon-

2287 5476 2461 5531 sariis
2480 5476 2827 5545 deportatur
2845 5477 2926 5532 ad
2945 5478 3274 5544 ecclesiam,
3288 5482 3487 5534 etcum
3501 5476 3960 5546 appropinqua—

2288 5569 2413 5620 tum
2423 5565 2632 5638 fuerit,
2648 5567 2890 5623 canitur
2893 5568 3169 5637 psalmus
3182 5567 3471 5636 Miserere,
3486 5567 3956 5635 mei,Deus,cum

2285 5652 2621 5722 antiphona
2632 5654 2917 5726 Requiem
2933 5659 3239 5713 aeternam.
3256 5654 3819 5714 Deindeinccclesia
3828 5666 3931 5711 ser
