4160 6186
245 221 371 276 1649

846 213 901 268 8.
944 211 1313 270 PRUDENTII
1351 209 1725 270 TRECENSIS
1765 208 2079 266 EPISCOI'I
2121 207 2530 266 BREVIARUM
2571 208 2636 264 IN
2676 206 3014 264 PSALMOS.

3512 207 3650 266 I450

239 346 402 398 retur
425 351 642 408 corpus
671 336 944 405 defuncti
971 337 1358 408 quoadusque
1381 350 1494 405 pro
1522 336 1650 404 ejus
1679 333 1884 390 anima
1914 339 1955 391 Α
1995 333 2069 390 de
2123 333 2366 390 ecclesia
2422 346 2557 388 cum
2626 329 2962 400 antiphona
3009 327 3255 402 Aperite
3282 327 3365 386 illi
3419 334 3648 403 portas.

236 429 414 486 missa
440 430 716 484 canatur.

756 514 965 572 Oratio
984 514 1068 571 ad
1094 514 1353 570 missam.

308 609 640 674 Omsumus,
674 602 943 671 Domine,
972 607 1082 660 etc.

302 697 442 753 Post
466 691 919 750 celebrationem
932 693 1125 748 missae
1139 697 1251 750 stet
1263 692 1536 750 sacerdos
1551 706 1687 748 cum
1705 691 1884 748 cereis

235 789 290 842 et
310 784 546 840 incenso
557 783 749 852 juxta
760 782 1054 851 feretrum
1067 821 1080 847 ,
1097 787 1151 838 et
1171 780 1333 838 dicat
1358 780 1515 838 hanc
1533 780 1881 838 orationem.

945 872 1194 928 Onsuus.

302 965 425 1020 Non
459 961 642 1019 intres
670 961 732 1017 in
757 959 1076 1033 judicium,
1098 964 1208 1018 etc.

300 1052 589 1126 Sequitur
619 1047 686 1122 ἢ.
717 1051 1058 1108 Subvenite.
1093 1051 1292 1123 Kyrie,
1331 1050 1420 1106 Ill.

298 1143 452 1198 Deus
500 1140 598 1197 cui
625 1139 832 1197 omnia
858 1139 1087 1208 vivunt,
1114 1144 1170 1196 et
1199 1139 1294 1196 cui
1323 1154 1446 1196 non
1470 1141 1722 1211 pereunt
1761 1152 1887 1193 mo-

229 1230 436 1288 riendo
467 1244 720 1302 corpora
748 1232 974 1299 nostra,
1006 1233 1116 1285 etc.

297 1319 603 1393 Sequitur.
638 1319 694 1388 ἢ.
730 1321 1066 1392 Antequam
1095 1332 1390 1375 nascerer.
1425 1316 1599 1389 Kyrie
1636 1314 1880 1373 eleison.

236 1411 364 1467 Ter.
395 1410 531 1471 Fac,
558 1423 928 1481 quaesumus,
964 1407 1234 1476 Domine,
1266 1407 1424 1464 hanc
1471 1421 1610 1462 cum
1657 1403 1884 1463 famulo

229 1502 351 1567 tuo,
381 1501 496 1556 etc.

503 1588 668 1643 Tunc
691 1591 860 1657 roget
889 1586 1164 1644 sacerdos
1189 1599 1366 1644 orare
1387 1599 1503 1656 pro
1527 1599 1610 1642 eo.

300 1679 471 1735 Pater
499 1678 720 1733 noster.
751 1674 1039 1748 Requiem
1072 1677 1380 1732 aeternam.
1415 1675 1463 1728 Α
1489 1675 1664 1746 porta
1689 1669 1878 1728 inferi.
1914 1699 1953 1756 Β

789 1763 1077 1837 Sequitur
1102 1763 1319 1822 oratio.

297 1854 547 1923 Inclina,
570 1852 840 1924 Domine,
861 1867 1071 1912 aurem
1095 1856 1286 1920 tuam,
1313 1855 1424 1910 etc.
1449 1851 1531 1909 Et
1542 1849 1627 1907 sic
1651 1850 1886 1908 levatur

1994 423 2160 480 Psal.
2195 419 2572 479 Conﬁtemini
2596 418 2870 477 Domino.
2897 419 2973 476 Et
2994 419 3342 490 deportetur
3360 434 3546 493 usque
3569 421 3652 479 ad

1997 512 2196 568 lacum
2223 510 2506 581 sepulcri.

2442 599 2649 656 Oratio
2674 603 2816 655 ante
2839 597 3202 668 sepulcrum.

2064 687 2179 744 Pius
2197 686 2627 745 recordationis
2655 685 2892 754 affectu,
2915 688 3028 743 etc.
3049 685 3424 758 (Sequuntur
3441 688 3650 758 plures

1993 775 2363 848 antiphona’,
2403 777 2650 848 psalmi,
2683 782 2738 834 et
2781 775 3081 834 orationes
3120 776 3386 834 dicenda:
3413 782 3556 835 ante
3593 782 3650 835 et

1991 872 2126 938 post
2180 867 2479 936 sepultum
2533 881 2772 938 corpus,
2818 865 3032 938 quibus
3086 866 3479 938 subjungitur
3525 866 3652 925 haec

1995 955 2286 1026 rubrica.)

2066 1046 2172 1102 Die
2217 1051 2414 1102 autem
2467 1045 2777 1102 Dominico
2825 1061 2946 1102 non
2999 1048 3378 1103 celebrentur
3411 1047 3652 1118 agenda

1992 1139 2506 1202 mortuorum,nec
2521 1134 2771 1191 nomina
2792 1149 2995 1194 eorum
3020 1135 3396 1193 celebrentur
3415 1135 3498 1193 ad
3516 1135 3651 1192 mis-

1993 1239 2154 1293 sam;
2181 1224 2285 1282 sed
2312 1229 2546 1282 tantum
2589 1238 2818 1297 regum,
2850 1225 2947 1282 vel
2965 1225 3333 1297 principum,
3369 1230 3423 1285 et
3450 1240 3650 1284 sacer-

1992 1315 2219 1384 dotum,
2251 1315 2346 1372 vel
2360 1331 2476 1386 pro
2504 1315 2671 1372 omni
2688 1316 2914 1386 populo
2945 1316 3292 1374 Christiano
3326 1316 3530 1375 oblata
3555 1320 3653 1376 vel

1993 1409 2131 1462 vota
2160 1403 2516 1462 reddantur.
2547 1404 2985 1475 Defunctorum
3033 1412 3231 1465 autem
3258 1409 3363 1479 qui
3388 1409 3653 1465 moriun-

1993 1499 2096 1550 tur
2119 1492 2215 1549 die
2240 1493 2574 1560 Dominico,
2602 1493 2872 1557 Christus
2896 1494 3090 1551 Filius
3120 1497 3228 1552 Dei
3278 1498 3401 1566 ipse
3443 1499 3540 1554 det
3568 1497 3650 1554 eis

1991 1581 2276 1653 requiem,
2308 1581 2417 1652 qui
2440 1581 2814 1651 semetipsum
2840 1596 2952 1652 pro
2978 1583 3142 1653 ipsis,
3165 1585 3258 1640 vel
3276 1600 3391 1655 pro
3413 1587 3653 1644 univer-

1991 1685 2054 1727 so
2081 1684 2297 1759 genere
2321 1669 2584 1759 humano
2613 1669 2870 1728 hostiam
2897 1671 3139 1729 obtulit.

2061 1758 2244 1817 Missa
2268 1774 2382 1830 pro
2410 1758 2695 1828 defuncto
2724 1759 2790 1816 in
2816 1759 2915 1817 die
2942 1761 3138 1831 tertio,
3170 1764 3418 1833 septimo
3445 1770 3502 1821 et
3545 1764 3653 1822 tri-

1989 1863 2230 1920 gesimo.

1048 2199 2830 2321 SENGTIIMWﬂﬂﬂﬂHI

1553 2437 1935 2496 TRECENSIS
1975 2437 2312 2496 EPISCOPI.

752 2617 1946 2738 BREVIABIUM
2116 2617 3138 2740 PSALTERII

1440 2981 1765 3054 INCIPIT
1871 2985 2341 3056 PROLOGUS
2393 3024 2448 3064 a.

1863 3140 1892 3148 οι
1907 3141 2066 3150 -ο--φυ
2077 3142 2117 3148 ο-
2130 3143 2146 3149 .-

299 3269 457 3322 Cum
487 3264 769 3336 quaedam
796 3262 1016 3320 nobilis
1044 3267 1322 3321 matrona
1351 3263 1411 3319 in
1441 3263 1776 3320 civitatibus
1796 3263 1891 3321 vel
1923 3267 1964 3324 C
1995 3265 2176 3341 volvi]
2229 3266 2554 3324 versiculos
2579 3283 2591 3322 :
2643 3267 2888 3325 remotis
2937 3268 3188 3341 cunctis,
3217 3268 3280 3326 in
3327 3269 3548 3343 quibus
3577 3287 3650 3328 ex

223 3353 477 3427 oppidis
505 3369 541 3410 a
570 3351 844 3426 pluribus
887 3353 1093 3411 fuisset
1140 3369 1452 3428 oppressa,
1485 3357 1664 3427 atque
1689 3369 1762 3409 ex
1789 3368 1889 3411 ac-

221 3442 572 3500 cidentibus
618 3441 798 3498 variis
860 3441 1363 3510 tribulationibus,
1397 3447 1462 3498 ut
1489 3441 1759 3516 plerique
1786 3457 1892 3500 no-

218 3536 472 3604 verunt,
494 3531 1108 3603 adessetangustiata,
1127 3532 1426 3605 nimisque
1449 3531 1634 3588 taediis
1651 3532 1892 3604 afﬂicta,

218 3621 448 3682 direxit
474 3623 553 3680 ad
595 3638 714 3688 me,
738 3637 962 3694 rogans
1005 3622 1224 3680 obnixe
1268 3627 1333 3679 ut
1361 3622 1591 3696 aliquid
1616 3639 1689 3680 ex
1715 3622 1894 3680 laude

218 3712 616 3788 psalmorum
657 3711 737 3770 ad
779 3711 1255 3770 consolationem
1303 3711 1747 3785 compassionis
1773 3727 1894 3768 suae

217 3801 606 3862 brevissimis
637 3801 1035 3876 scriptitarem
1060 3800 1390 3859 versiculis.
1424 3801 1596 3867 Quod
1621 3816 1734 3872 ego
1772 3816 1895 3860 non

218 3891 435 3950 solum
465 3890 796 3949 condolens
823 3890 1111 3964 petitioni,
1134 3905 1346 3948 verum
1372 3891 1552 3947 etiam
1586 3889 1665 3947 ad
1685 3905 1898 3948 omnes

219 3981 336 4056 qui
357 3996 472 4055 per
483 3980 758 4038 diversas
778 3984 1179 4054 peragrantur
1191 3979 1528 4053 provincias
1542 3984 1898 4053 montesque

217 4087 298 4130 ac
327 4069 545 4134 valles,
571 4084 807 4127 necnon
836 4072 895 4126 et
918 4069 1020 4142 qui
1052 4083 1159 4142 per
1191 4069 1446 4126 ﬂumina
1472 4067 1816 4125 discurrunt
1844 4072 1901 4125 et

218 4157 452 4225 maria,
492 4158 767 4214 timentes
817 4155 1156 4231 periclitari,
1183 4161 1248 4214 ut
1276 4156 1358 4214 ait
1389 4156 1713 4230 Scriptura,
1745 4156 1900 4230 peri-

215 4247 386 4305 culis
418 4245 482 4302 in
511 4244 779 4317 ﬂumine,
801 4243 1081 4318 periculis
1095 4244 1157 4301 in
1180 4244 1352 4314 mari,
1375 4243 1652 4318 periculis
1675 4243 1736 4301 in
1757 4244 1899 4302 civi-

218 4339 374 4404 tate,
405 4332 689 4406 periculis
717 4333 1045 4402 latronum,
1065 4331 1348 4407 periculis
1380 4335 1442 4389 in
1471 4332 1815 4406 solitudine,
1845 4338 1904 4391 et

221 4429 475 4494 caetera,
505 4422 814 4496 cupientes
843 4422 1010 4495 eripi,
1043 4425 1102 4482 et
1128 4439 1168 4482 a
1196 4423 1316 4480 Deo
1349 4423 1749 4495 gubernatore
1790 4422 1902 4481 sal-

220 4511 368 4571 vari
393 4529 409 4578 ;
442 4511 558 4568 hoc
586 4511 947 4584 opusculum
967 4512 1280 4583 parvitatis
1306 4530 1479 4582 meae,
1503 4513 1681 4570 veluti
1701 4529 1772 4568 ex
1794 4512 1902 4567 im-

1996 3359 2164 3430 parte
2189 3357 2538 3413 Judseorum
2564 3357 2654 3415 vel
2679 3361 3032 3433 caeterorpm
3061 3359 3455 3432 perﬁdorum,
3473 3377 3650 3436 aper-

1998 3444 2220 3502 tissime
2248 3445 2564 3520 lucideque
2584 3446 2773 3521 patuli
2801 3451 3048 3505 manent
3076 3449 3382 3518 versiculi;
3414 3454 3480 3507 ut
3497 3451 3656 3523 psal-

1999 3550 2138 3590 mus
2168 3535 2430 3592 continet
2457 3535 2780 3606 secundus,
2801 3537 2896 3594 vel
2920 3538 3143 3611 tertius,
3164 3539 3432 3612 quintus,
3450 3539 3654 3598 tertius

1999 3624 2295 3694 decimus,
2326 3626 2651 3698 vigesimus
2679 3629 2931 3702 primus,
2961 3645 3202 3688 necnon
3237 3635 3293 3688 et
3320 3630 3656 3688 tricesimus

1999 3719 2272 3788 quartus,
2301 3716 2635 3773 tricesimus
2665 3718 2934 3790 quintus.
2967 3723 3025 3776 et
3053 3719 3386 3776 tricesimus
3427 3724 3653 3790 sextus,

2000 3803 2114 3876 vel,
2147 3803 2302 3872 Quid
2326 3805 2614 3875 gloriaris
2635 3805 2752 3875 (ιι),
2777 3820 2883 3860 seu
2903 3807 3316 3876 sexagesimus
3341 3809 3656 3881 septimus,

2002 3887 2415 3958 sexagesimus
2439 3890 2706 3959 octavus,
2728 3891 2786 3944 et
2804 3889 3213 3958 sexagesimus
3232 3905 3455 3962 nonus,
3477 3897 3658 3965 atque

2003 3977 2160 4033 Deus
2201 3976 2438 4035 laudem
2479 3990 2668 4034 meam
2714 3977 2913 4050 (cvm),
2945 3975 3037 4033 vel
3066 3977 3260 4035 caateri
3288 3978 3395 4051 qui
3421 3979 3558 4037 licet
3593 3981 3658 4038 in

2005 4065 2129 4122 suis
2156 4069 2297 4123 sunt
2324 4066 2573 4138 congrui
2589 4065 2886 4136 sensibus,
2905 4066 3186 4124 tamenin
3205 4066 3298 4124 his
3322 4081 3449 4126 non
3475 4069 3657 4144 perti-

2005 4159 2150 4213 nent
2166 4154 2422 4226 ﬁagitari
2442 4155 2860 4214 anxietatibus.
2879 4155 2992 4214 Sed
3007 4171 3083 4214 ne
3104 4156 3240 4230 quis
3260 4161 3476 4230 totum,
3492 4158 3661 4232 quod

2007 4244 2185 4314 absit,
2216 4243 2430 4318 perdat
2475 4244 2538 4301 in
2563 4244 2747 4302 rebus
2775 4249 3233 4319 praeoccupatus
3263 4247 3492 4320 activis,
3520 4248 3659 4317 hos,

2005 4335 2156 4392 dum
2184 4338 2360 4392 vacat
2386 4337 2444 4392 et
2472 4338 2688 4409 potest,
2715 4350 2840 4394 non
2877 4334 3072 4393 tardet
3113 4335 3388 4394 ornando
3416 4337 3663 4395 recitare

2007 4423 2384 4498 psalmorum
2404 4424 2755 4483 versiculos.
2775 4429 2839 4482 In
2850 4425 3033 4494 his,ut
3044 4425 3331 4498 scriptum
3349 4431 3458 4496 est,
3474 4431 3666 4484 totum

2007 4527 2118 4584 pro
2146 4515 2336 4582 parte,
2367 4515 2426 4567 et
2463 4516 2696 4583 partem
2726 4527 2836 4585 pro
2869 4516 3012 4576 toto,
3044 4516 3258 4586 potest,
3278 4514 3526 4586 juvante
3550 4517 3664 4571 Do-

223 4598 600 4660 manissimo
636 4605 809 4674 prato
846 4599 1198 4656 summatim
1221 4599 1660 4670 breviatimque
1699 4597 1902 4656 studui
1935 4629 1978 4683 D
2008 4599 2173 4656 mino
2195 4597 2443 4668 Christo,
2467 4603 2710 4656 centum
2737 4600 3180 4675 quinquaginta
3199 4601 3484 4675 perﬁcere
3502 4602 3666 4676 psal-

220 4689 621 4766 psalmorum
641 4703 888 4763 carpere
917 4685 1117 4743 ﬂores.
1142 4687 1208 4742 Et
1228 4683 1364 4742 licet
1393 4683 1512 4741 sint
1538 4683 1743 4758 plures
1769 4684 1901 4742 imi-

225 4783 440 4838 tantes
483 4783 831 4839 sanctorum
872 4780 1114 4835 Patrum
1141 4773 1441 4848 exempla,
1471 4774 1640 4848 quod
1667 4777 1900 4849 experi-

223 4873 449 4929 mento
479 4868 821 4937 didicimus,
854 4866 961 4942 qui
981 4866 1150 4925 omni
1182 4863 1454 4923 videlicet
1482 4863 1579 4922 die
1597 4863 1660 4922 in
1681 4864 1900 4922 divinis

220 4957 529 5019 laudibus
555 4961 748 5016 totum
776 4955 1081 5030 complent
1108 4953 1501 5023 Psalterium;
1532 4957 1592 5012 et
1615 4957 1817 5014 tamen
1841 4954 1905 5013 hi

221 5049 342 5124 qui
367 5048 492 5107 hoc
511 5049 722 5122 petunt
747 5062 924 5121 opus,
954 5049 1012 5105 et
1051 5045 1156 5120 qui
1199 5045 1260 5102 in
1309 5042 1558 5103 diversis
1587 5047 1726 5103 sunt
1748 5043 1905 5118 peri-

227 5139 394 5198 culis
439 5137 766 5208 constituti,
792 5152 906 5195 nec
953 5139 1142 5195 totum
1189 5139 1421 5210 queunt
1465 5135 1704 5209 explere
1749 5135 1909 5193 Psal-

226 5231 487 5296 terium,
519 5229 700 5285 etiam
731 5243 842 5284 nec
869 5227 1034 5284 horis
1052 5225 1253 5284 valent
1281 5225 1539 5299 psallere
1559 5225 1869 5282 canonicis
1894 5244 1907 5294 ;

226 5321 356 5376 hos
393 5333 519 5374 non
546 5317 745 5390 pigeat
781 5316 841 5372 in
871 5315 1050 5372 corde
1079 5320 1138 5371 et
1165 5332 1268 5371 ore
1302 5315 1598 5373 revolvere
1632 5315 1786 5384 (cod.
1819 5331 1910 5370 re-

307 5471 336 5498 ·
363 5463 456 5518 Ex
484 5458 1023 5532 codiceVaticano,
1049 5459 1234 5517 veteri
1285 5457 1521 5532 sumpsi
1566 5457 1682 5514 hoc
1698 5458 1914 5532 prolo-

430 5531 737 5589 Prudentii
765 5530 1030 5606 episcopi
1055 5530 1378 5598 Trecensis,
1402 5529 1508 5602 qui
1538 5529 1757 5585 saeculo
1774 5543 1833 5585 1x
1854 5529 1917 5587 in

232 5549 448 5659 ἕξιωῴ
471 5602 683 5659 claruit
711 5621 724 5659 :
754 5603 918 5659 ipsos
945 5607 1149 5659 tamen
1177 5599 1549 5659 psalmorum
1583 5601 1760 5657 ﬂores
1790 5599 1917 5658 sive

293 5602 448 5660 allia
471 5602 683 5676 claruit
711 5621 724 5659 :
754 5599 918 5675 ipsos
935 5599 1149 5676 tamen
1176 5599 1549 5676 psalmorum
1583 5601 1760 5676 ﬂores
1788 5599 1917 5676 sive

233 5677 461 5750 ipsum
480 5675 647 5749 quod
662 5669 1045 5748 consequitur
1060 5669 1918 5746 opu—soulum,exscribendum

558 5767 801 5820 PAIROL.
847 5763 1004 5819 CXV.

2007 4705 2162 4747 mos.
2181 4691 2246 4746 Et
2267 4703 2344 4746 ne
2371 4687 2693 4749 immemor
2713 4690 2806 4761 sit,
2825 4691 3008 4749 ternis
3028 4691 3456 4766 quaternisque
3484 4693 3671 4750 hora-

2008 4793 2146 4834 rum
2174 4777 2569 4848 temporibus,
2600 4779 2817 4853 septies
2865 4780 2929 4838 in
2963 4779 3060 4838 die
3100 4780 3223 4838 Deo
3275 4779 3675 4854 omnipotenti

2009 4865 2358 4940 persolvens
2385 4867 2601 4927 efﬁciat
2637 4867 2849 4927 laudes
2878 4887 2891 4938 ;
2941 4873 3009 4928 ut
3037 4869 3199 4927 idem
3234 4868 3449 4928 beatus
3479 4869 3673 4928 David

2011 4955 2129 5016 ait:
2160 4957 2386 5027 Septies
2410 4958 2475 5015 in
2494 4957 2591 5016 die
2611 4958 2848 5016 laudem
2869 4959 3005 5016 dixi
3029 4958 3339 5030 tibi,Deus,
3361 4963 3418 5020 et
3432 4965 3673 5020 caetera.

2015 5043 2272 5117 Sedjam
2295 5049 2561 5120 coeptum
2582 5045 2907 5119 aggrediar
2926 5062 3102 5120 opus,
3126 5047 3396 5106 inserens
3415 5049 3682 5124 primum

2016 5149 2158 5191 cum
2188 5133 2399 5192 ultimo
2420 5135 2534 5193 ita:
2569 5137 2792 5193 Beatus
2811 5137 2908 5193 vir
2927 5136 3034 5208 qui
3051 5137 3114 5194 in
3146 5137 3274 5209 lege
3293 5140 3537 5198 Domini
3565 5153 3686 5194 me-

2020 5224 2256 5280 ditatur
2271 5225 2366 5280 die
2386 5240 2457 5282 ac
2479 5231 2733 5292 nocte,et
2753 5228 2927 5296 cujus
2941 5227 3168 5296 spritus
3197 5244 3260 5284 in
3283 5228 3525 5286 excelsis
3547 5227 3682 5280 lau-

2022 5315 2129 5370 dat
2150 5315 2468 5369 Dominum
2491 5315 2565 5370 de
2590 5316 2792 5385 ctelis,‘
2823 5333 2961 5372 nam
2990 5318 3180 5374 omnis
3201 5319 3448 5386 spiritus
3469 5314 3683 5369 laudat

2025 5472 2151 5534 non
2163 5457 2428 5534 iudicavi
2448 5473 2631 5534 ;_cum
2654 5457 2802 5534 nihil
2825 5459 2946 5534 tere
2961 5464 3177 5534 praeter
3199 5455 3481 5534 Davidi_ca
3503 5454 3690 5513 verba

2029 5527 2113 5602 ibi
2141 5527 2435 5602 occurrat.
2469 5531 2600 5586 ιω.
2619 5562 2701 5602 7—
2727 5532 2801 5588 At
2829 5531 2943 5587 hos
2965 5527 3364 5602 psalmorum
3393 5528 3572 5584 ﬂores
3613 5543 3688 5585 ex

2033 5597 2322 5657 Psalterio
2349 5599 2647 5659 Thomasii
2677 5597 3049 5675 excepimus.
3078 5600 3232 5654 Emr.
3265 5601 3506 5656 Punon

3341 5763 3411 5816 46
