4160 6186
549 181 675 238 1431

1627 183 1683 236 S.
1728 173 2100 235 PRUDENTII
2142 180 2517 236 TRECENSIS
2559 179 2889 238 EPISCOPI.

3837 179 3973 233 liii!

541 309 880 363 Dui’ni'n'um.
913 308 997 361 Tu
1022 305 1226 360 autem
1270 303 1452 376 hujus
1494 305 1714 376 negotii
1741 303 2008 362 utilitatis
2036 317 2194 360 rece-
2225 317 2267 363 Α
2309 306 2629 362 versiculos
2652 310 3211 376 consecratos,quos
3237 303 3490 375 supplex
3515 302 3837 358 decantare
3858 318 3976 370 ego

543 385 1368 469 ptorreceptrixque,il1clioa
1396 395 1663 468 primum
1692 399 1750 451 et
1777 401 1885 451 ora
1909 410 2048 450 cum
2080 397 2193 452 Da-

541 483 644 538 vid
659 483 740 538 ita
759 481 1042 538 dicendo:
1065 483 1309 553 Deus,in
1331 484 1702 553 adjutorium
1721 491 1915 539 meum
1932 483 2192 548 intmde,

540 570 730 627 tribus
764 570 1020 640 vicibus,
1050 577 1192 627 cum
1219 572 1430 628 Giorz'a
1459 573 1654 629 Patri.
1689 573 1878 644 Atque
1909 571 2194 644 deinceps

540 663 606 716 at
619 661 972 732 permistum
991 657 1400 735 inscitumque
1419 661 1727 735 repereris,
1743 676 1853 718 ora
1868 660 2192 723 recitando.

542 751 600 806 et
626 749 805 806 ﬂores
831 759 974 806 cum
999 750 1192 823 jubitn
1219 746 1474 808 ﬁdenter
1504 765 1703 824 carpe,
1735 749 2021 807 Davidica
2038 749 2197 822 psal'.

543 841 708 897 mata
729 840 1028 911 canendo,
1061 853 1096 897 a
1123 841 1318 913 primo
1346 841 1636 914 incipiens
1661 841 1898 914 psalmo
1927 841 2026 896 ita.

1255 946 1482 986 ORATIO.

616 1019 925 1094 Suscipere
941 1019 1487 1090 dignerisﬂomine
1510 1022 1664 1076 Deus
1677 1018 2198 1092 omnipotens,hos

2309 394 2486 467 cupio
2507 394 2567 450 in
2591 395 2882 450 honorem
2924 393 3185 449 nominis
3215 391 3319 462 tui,
3351 407 3461 464 pro
3492 407 3587 447 me
3630 391 3858 446 misero
3883 391 3976 446 in-

2309 483 2492 553 digno
2514 487 2846 556 peccatore,
2869 486 2926 538 et
2956 497 3067 554 pro
3089 480 3372 536 omnibus
3402 479 3775 536 facinoribus
3802 480 3973 548 meis,

2309 571 2431 627 sive
2453 572 2622 640 actis,
2648 573 2770 628 sive
2792 572 2983 642 factis,
3017 571 3210 636 dictis,
3235 569 3698 641 cogitationibus
3724 569 3974 642 iniquis,

2311 662 2828 736 concupiscentiis,
2847 663 2966 716 sive
2982 661 3267 717 omnibus
3281 659 3656 730 negligentiis
3676 661 3831 716 meis
3851 675 3979 716 ma-

2310 752 2442 822 gnis
2471 767 2542 808 ac
2571 752 2854 809 minimis.
2892 753 2961 807 Ut
2989 749 3048 808 hi
3068 750 3346 807 versiculi
3376 750 3691 823 proﬁciant
3715 749 3867 806 mihi
3898 750 3977 805 ad

2307 841 2494 898 vitam
2522 846 2828 910 aeternam,
2863 847 2918 898 et
2964 841 3039 896 ad
3071 840 3492 896 remissionem
3519 840 3798 896 omnium
3842 855 3974 910 pec-

2309 935 2597 1000 catorum,
2623 936 2679 988 et
2706 931 2783 987 ad
2819 931 3080 1003 spatium
3111 930 3261 986 bene
3293 929 3552 999 vivendi,
3579 933 3639 986 et
3662 929 3743 985 ad
3771 943 3976 984 veram

2309 1025 2364 1076 et
2394 1021 2758 1092 condignam
2794 1019 3205 1100 penitentiam
3233 1019 3561 1089 agendam.
3595 1019 3810 1074 Amen.

3063 1190 3384 1198 .—'—_——————-

1031 1295 1582 1438 INCIPIT
1672 1305 2602 1435 BREWARIUM
2705 1301 3464 1436 PSALTERE]

1187 1513 1550 1580 Continens
1573 1531 1796 1578 versus
1823 1509 2259 1577 Psalmorum
2288 1510 2498 1578 verba
2534 1511 2855 1580 orationis
2886 1510 3322 1579 continentes.

621 1733 812 1790 Verba
858 1745 995 1790 mea
1029 1733 1280 1791 auribus
1320 1727 1584 1807 percipe,
1619 1735 1895 1805 Domine,
1947 1724 2203 1804 inteilige
2236 1739 2274 1792 Β
2314 1735 2393 1790 ris
2423 1750 2518 1790 me
2542 1735 2602 1789 in
2633 1734 2867 1790 animas
2891 1733 3382 1806 persequentium
3414 1748 3528 1788 me.
3558 1732 3643 1787 Ad
3675 1736 3754 1798 te,
3783 1730 3978 1787 Domi-

550 1822 876 1880 clamorem
904 1840 1130 1880 meum.
1163 1824 1407 1880 Intende
1437 1825 1568 1881 voci
1595 1824 1878 1881 orationis
1907 1831 2206 1894 mete,rex

550 1929 721 1968 meus
768 1917 825 1970 et
871 1914 1025 1970 Deus
1074 1929 1268 1970 meus.
1302 1913 1571 1984 Domine,
1604 1930 1679 1970 ne
1727 1914 1788 1970 in
1836 1914 1923 1970 ira
1957 1917 2060 1970 tua
2111 1929 2204 1970 ar-

550 2018 702 2073 guas
743 2005 862 2072 me,
887 1999 1186 2077 neque’in
1213 2000 1415 2061 'furore
1443 1999 1547 2061 tuo
1589 1998 1874 2076 corripias
1904 2019 2019 2060 me.
2049 1999 2208 2060 Mise-

548 2108 678 2150 rere
707 2093 874 2164 mihi,
908 2093 1175 2157 Domine,
1208 2093 1499 2167 quoniam
1548 2093 1825 2149 inﬁrmus
1859 2109 2014 2149 sum.
2051 2094 2208 2148 Sana

549 2198 668 2252 me,
694 2183 1266 2256 Domine,quoniam
1293 2171 1651 2262 conturbata
1673 2179 1813 2240 sunt
1838 2179 2045 2262 omnia
2070 2179 2208 2239 ossa

550 2289 688 2330 mea
721 2277 778 2330 et
805 2272 1009 2330 anima
1052 2289 1190 2330 mea
1232 2273 1474 2330 turbata
1509 2259 1596 2329 est
1646 2269 1851 2329 valde:
1901 2259 1956 2330 et
1981 2264 2074 2338 'tu,
2108 2266 2209 2328 Do-

550 2361 733 2430 mine,
782 2363 1148 2435 usquequo?
1202 2365 1574 2429 Convertere,
1625 2362 1892 2424 Domine,
1943 2367 1998 2418 et
2048 2361 2208 2434 eripe

551 2451 819 2508 animam
849 2467 1073 2508 meam.
1110 2451 1351 2509 Salvum
1381 2467 1477 2508 me
1525 2451 1619 2509 fac
1665 2467 1738 2508 ex
1768 2450 2049 2508 omnibus
2079 2467 2208 2524 per-

551 2541 939 2613 sequentibus
969 2557 1086 2610 me,
1121 2546 1177 2598 et
1224 2540 1412 2598 libera
1453 2558 1570 2598 me.
1600 2541 1867 2598 Miserere
1896 2540 2066 2611 mihi,
2095 2542 2207 2597 Do-

549 2629 730 2685 mine.
764 2629 906 2686 Vide
955 2629 1351 2693 humilitate'm
1395 2629 1597 2688 meam
1637 2630 1712 2688 de
1754 2630 2009 2688 inimicis
2033 2629 2203 2687 meis.

549 2717 816 2790 Respice,
863 2721 918 2774 et
943 2717 1161 2774 exaudi
1202 2734 1320 2790 me,
1354 2719 1603 2774 Domine
1648 2721 1806 2775 Deus
1851 2735 2044 2774 meus.
2079 2718 2208 2774 Illu-

549 2806 717 2863 mina
763 2805 971 2864 oculos
1021 2822 1210 2875 meos,
1257 2821 1333 2863 ne
1389 2822 1664 2880 unquam
1719 2806 2101 2863 obdormiam
2147 2801 2207 2863 in

549 2901 760 2954 morte.
791 2897 1011 2954 Perﬁce
1031 2913 1271 2970 gressus
1293 2913 1462 2954 meos
1494 2897 1553 2952 in
1588 2897 1812 2954 semitis
1839 2897 1978 2962 tuis,
2003 2901 2066 2953 ut
2085 2912 2208 2953 non

547 2990 906 3045 moveantur
949 2986 1201 3058 vestigia
1249 3003 1403 3043 mea.
1439 2989 1559 3060 Ego
1601 2985 1880 3049 clamavi,
1917 2983 2208 3058 quamam

2314 1835 2408 1879 ne.
2437 1820 2740 1880 clamabo.
2785 1822 2938 1878 Deus
2965 1833 3160 1892 meus,
3201 1833 3276 1877 ne
3315 1821 3489 1878 sileas
3535 1836 3576 1877 a
3617 1831 3744 1888 me,
3773 1823 3836 1874 et
3876 1833 3974 1874 ero

2317 1911 2525 1969 similis
2555 1910 3056 1968 descendentibus
3081 1911 3142 1966 in
3172 1910 3394 1966 lacum.
3423 1909 3670 1978 Exaudi,
3698 1907 3977 1972 Domine,

2316 2017 2527 2058 vocem
2557 1999 2993 2074 deprecationis
3023 2016 3194 2068 meae,
3224 1999 3370 2056 dum
3394 2015 3498 2056 oro
3529 1999 3608 2055 ad
3630 2003 3712 2067 te,
3749 2001 3807 2055 et
3827 1997 3976 2052 dum

2316 2091 2533 2148 extollo
2560 2106 2778 2146 manus
2809 2106 2976 2147 meas
3009 2091 3086 2146 ad
3125 2089 3412 2163 templum
3465 2092 3743 2146 sanctum
3779 2092 3971 2143 tuum.

2315 2181 2396 2239 Ne
2427 2167 2606 2236 simul
2625 2179 2832 2238 tradas
2861 2197 2959 2236 me
2986 2185 3125 2236 cum
3136 2179 3554 2253 peccatoribus
3585 2183 3642 2234 et
3667 2193 3806 2233 cum
3830 2192 3975 2248 ope-

2319 2270 2589 2328 rantibus
2639 2267 3011 2343 iniquitatem
3061 2285 3135 2325 ne
3183 2268 3401 2341 perdas
3445 2284 3560 2325 me.
3597 2267 3842 2325 Salvum
3880 2267 3976 2321 fac

2317 2360 2614 2435 populum
2673 2365 2860 2424 tuum,
2924 2359 3190 2427 Domine,
3248 2363 3305 2414 et
3350 2358 3599 2414 benedic
3645 2355 3978 2413 hmreditati

2320 2455 2458 2520 tuae,
2491 2453 2547 2506 et
2593 2463 2729 2518 rege
2773 2464 2896 2518 eos,
2929 2452 2984 2503 et
3035 2447 3249 2504 extolle
3296 2446 3428 2503 illos
3473 2463 3661 2519 usque
3687 2447 3749 2501 in
3783 2460 3977 2500 saecu-

2318 2539 2462 2596 lum.
2498 2540 2563 2594 In
2611 2543 2686 2607 te,
2719 2537 2987 2604 Domine,
3037 2537 3312 2610 speravi:
3357 2551 3479 2592 non
3527 2534 3864 2592 confundar
3915 2535 3976 2588 in

2318 2629 2628 2700 aeternum,
2659 2628 2722 2684 in
2758 2631 2863 2684 tua
2893 2627 3122 2698 justitia
3147 2626 3337 2684 libera
3367 2641 3483 2683 me.
3513 2624 3733 2682 lnclina
3763 2624 3846 2680 ad
3877 2640 3978 2680 me

2319 2734 2526 2776 aurem
2556 2723 2741 2784 tuam,
2770 2716 3038 2774 accelera
3066 2721 3131 2773 ut
3172 2717 3391 2789 eripias
3417 2731 3533 2772 me.
3566 2718 3700 2771 Esto
3733 2713 3882 2770 mihi
3913 2714 3976 2768 in

2320 2811 2506 2864 Deum
2536 2809 2931 2880 protectorem
2961 2809 3017 2862 et
3045 2806 3106 2862 in
3136 2805 3336 2862 locum
3374 2805 3606 2876 refugii,
3642 2809 3705 2860 ut
3737 2802 3973 2859 salvum

2318 2913 2414 2954 me
2444 2896 2648 2954 facias.
2671 2896 2734 2951 In
2761 2910 2980 2951 manus
3005 2898 3158 2964 tuas,
3184 2894 3450 2962 Domine,
3467 2891 3819 2950 commendo
3849 2891 3975 2964 spi-

2313 2985 2498 3044 ritum
2511 2985 2742 3042 meum.
2767 2985 3086 3042 Redemisti
3109 3001 3225 3052 me,
3247 2985 3496 3041 Domine
3515 2986 3669 3040 Deus
3688 2981 3971 3038 veritatis.

549 3077 845 3134 exaudisti
873 3092 994 3147 me,
1026 3077 1201 3133 Deus.
1235 3075 1459 3132 lnclina
1490 3091 1698 3132 aurem
1746 3080 1915 3132 tuam
1958 3075 2124 3144 mihi,
2152 3081 2209 3134 et
2240 3097 2279 3153 ρ
2321 3077 2489 3151 Eripe
2530 3093 2626 3133 me
2664 3077 2737 3132 de
2785 3076 3068 3132 manibus
3112 3075 3491 3132 inimicorum
3523 3089 3817 3140 meorum,
3850 3076 3906 3129 et
3937 3089 3977 3129 a

549 3167 766 3224 exaudi
815 3166 1002 3224 verba
1048 3182 1206 3223 mea.
1267 3165 1506 3223 Miriﬁca
1557 3163 2000 3222 misericordias
2054 3169 2206 3234 tuas,

549 3251 820 3326 hemina,
844 3253 958 3330 qui
1006 3252 1202 3312 salvos
1239 3252 1385 3312 facis
1424 3249 1743 3327 sperantes
1769 3253 1834 3310 in
1859 3257 1935 3311 te.
1968 3252 2210 3311 Custbdi

546 3344 959 3417 uie/Domine,
975 3342 1041 3401 ut
1055 3340 1352 3418 pupillam
1378 3343 1554 3402 Oculi.
1576 3343 1702 3402 Sub
1725 3341 1949 3400 umbra
1975 3343 2208 3400 alarn‘m

547 3433 789 3491 marum
818 3435 1063 3505 prote‘ge
1083 3437 1189 3490 me
1218 3447 1255 3490 a
1279 3431 1433 3489 facie
1461 3431 1787 3506 impiorum
1815 3431 1918 3504 qui
1940 3429 2206 3489 me‘aﬁli-

547 3519 782 3579 xerunt.
810 3520 899 3576 Ab
923 3521 1175 3576 occultis
1221 3519 1374 3576 meis
1419 3517 1651 3578 munda
1699 3529 1815 3589 me,
1845 3517 2119 3587 Domine,
2152 3524 2209 3578 et

547 3610 627 3667 ab
651 3608 862 3666 alienis
886 3621 1066 3682 parce
1095 3621 1269 3665 servo
1295 3613 1417 3665 tuo.
1450 3608 1533 3665 'iu
1570 3613 1795 3678 autem,
1829 3611 2096 3681 Domine,
2121 3619 2204 3667 ne

543 3699 725 3769 longe
749 3697 940 3755 facias
967 3696 1383 3756 miserationes
1402 3699 1543 3756 ‘tuas
1573 3709 1610 3755 a
1634 3713 1754 3756 me.
1790 3698 1878 3755 Ad
1906 3697 2202 3756 defensio.

545 3799 685 3844 nem
715 3799 915 3846 meam
934 3788 1167 3862 aspice.
1198 3789 1345 3844 Erue
1375 3798 1412 3846 a
1449 3787 1696 3858 framea,
1727 3789 1905 3857 Deus,
1934 3789 2202 3846 animam

543 3891 777 3936 meam:
821 3882 876 3935 et
923 3877 997 3936 de
1031 3889 1226 3935 manu
1271 3877 1435 3935 canis
1468 3879 1719 3935 unicam
1755 3893 1980 3936 meam.
2025 3879 2202 3937 Salva

542 3981 641 4024 me
661 3983 732 4025 ex
761 3979 863 4025 ore
883 3963 1099 4036 ‘leonis,
1133 3971 1189 4024 et
1217 3983 1254 4024 a
1280 3967 1565 4024 cornibus
1595 3965 1978 4023 unicornium
2008 3967 2201 4024 humi-

540 4057 766 4115 Iitatem
787 4061 1014 4114 meam.
1045 4055 1182 4114 Vias
1205 4061 1364 4130 tuas,
1394 4057 1669 4129 Domine,
1697 4057 1870 4115 uetas
1904 4057 1997 4116 fac
2027 4056 2196 4130 mihi,

541 4151 598 4204 et
637 4145 882 4204 semitas
927 4150 1062 4203 tuas
1108 4145 1290 4204 edOCe
1336 4162 1470 4204 me:
1524 4151 1580 4205 et
1617 4141 1805 4219 dirige
1834 4161 1930 4204 me
1957 4147 2018 4204 in
2048 4145 2196 4205 veri-

541 4239 658 4292 tate
701 4241 823 4292 tua.
855 4233 1247 4292 Reminiscere
1291 4237 1749 4294 miserationum
1792 4240 2052 4305 tuarum,
2079 4236 2196 4295 Do-

538 4325 722 4397 mine,
751 4331 808 4383 et
858 4325 1278 4383 misericordiae
1317 4330 1466 4392 tuae,
1508 4337 1644 4399 quae
1694 4341 1731 4384 a
1783 4323 1983 4384 seculo
2031 4331 2187 4386 sunt.

2318 3165 2815 3240 persequentibus
2864 3181 2979 3222 me.
3014 3165 3286 3221 lllumina
3329 3163 3541 3220 faciem
3583 3168 3749 3220 tuam
3793 3177 3978 3234 super

2319 3269 2554 3314 servum
2589 3259 2782 3323 tuum,
2813 3261 2869 3311 et
2893 3253 3132 3311 salvum
3163 3269 3260 3311 me
3289 3254 3382 3312 fac
3423 3255 3484 3311 in
3507 3257 3615 3311 tua
3641 3251 3980 3310 misericor-

2319 3346 2438 3404 dia.
2479 3345 2749 3413 Domine,
2795 3359 2919 3402 non
2969 3344 3327 3413 confundar,
3369 3343 3660 3417 quoniam
3707 3342 3985 3399 invocavi
4085 3342 4087 3422 γ

2319 3439 2392 3491 te.
2449 3431 2577 3490 Fiat
2629 3432 3037 3490 misericordia
3097 3436 3225 3504 tua,
3283 3432 3553 3501 Domine,
3608 3446 3790 3504 super
3844 3446 3982 3500 nos,

2319 3526 2470 3581 sicut
2505 3525 2889 3598 speravimus
2915 3524 2982 3580 in
3025 3528 3101 3580 te.
3133 3522 3364 3592 iudica,
3387 3522 3662 3592 Domine,
3693 3526 3983 3578 nocentes

2315 3630 2444 3672 me:
2479 3627 2772 3688 expugna
2817 3615 3247 3687 impugnantes
3277 3627 3394 3671 me.
3432 3607 3828 3687 Apprehende
3872 3625 3978 3668 ars

2314 3717 2416 3761 ma
2453 3707 2509 3760 et
2539 3706 2810 3760 secutum
2855 3707 2909 3759 et
2949 3715 3170 3774 exurge
3191 3702 3262 3759 in
3299 3701 3665 3774 adjutorium
3693 3699 3866 3756 mihi.
3899 3701 3980 3755 Ne

2316 3791 2512 3864 sileas,
2539 3792 2816 3861 Domine,
2841 3805 2923 3849 ne
2955 3793 3229 3850 discedas
3275 3807 3311 3849 a
3333 3807 3449 3849 me.
3486 3794 3742 3862 Exurge,
3772 3788 3976 3845 Domi-

2311 3889 2408 3953 ne,
2441 3881 2685 3939 intende
2715 3880 3010 3954 judicium
3040 3896 3264 3940 meum.
3297 3883 3453 3938 Deus
3481 3891 3656 3938 meus
3687 3881 3744 3938 et
3769 3876 3974 3935 Domi-

2309 3984 2424 4027 nus
2476 3985 2672 4041 meus,
2703 3969 2766 4026 in
2816 3981 3066 4028 causam
3113 3985 3335 4029 meam.
3365 3969 3577 4028 Judica
3606 3975 3712 4027 me
3755 3982 3972 4024 secun-

2308 4059 2456 4118 dum
2509 4055 2980 4120 misericordiam
3034 4067 3224 4132 tuam,
3271 4061 3519 4120 Domine
3567 4063 3729 4118 Deus
3769 4075 3963 4116 meus.

2309 4149 2610 4209 Printende
2657 4151 3138 4210 misericordiam
3193 4157 3361 4210 tuam
3409 4150 3732 4208 scientibus
3783 4153 3860 4220 te,
3906 4152 3964 4202 et

2302 4241 2593 4315 justitiam
2622 4245 2788 4300 tuam
2829 4242 2924 4299 his
2970 4244 3075 4317 qui
3120 4247 3278 4300 recto
3311 4245 3452 4300 sunt
3475 4241 3676 4299 corde.
3706 4243 3835 4297 Non
3861 4251 3965 4294 ve-

2308 4331 2434 4388 niat
2461 4329 2608 4387 mihi
2657 4343 2769 4404 pes
2797 4332 3114 4404 superbiae,
3140 4337 3196 4390 et
3222 4347 3443 4390 manus
3477 4327 3799 4407 peccatoris
3825 4339 3963 4382 non

539 4415 756 4473 Delicta
779 4416 1111 4489 juventn‘tis
1140 4419 1196 4473 et
1221 4415 1573 4487 ignorantiae
1603 4429 1753 4474 meae
1783 4427 1868 4473 ‘ne
1895 4415 2189 4473 memine-
2221 4459 2266 4515 Β
2308 4424 2549 4477 moveat
2597 4435 2715 4477 me.
2770 4423 2848 4476 Ne
2901 4420 3284 4496 derelinquas
3331 4437 3448 4491 me,
3510 4418 3753 4477 Domine
3795 4411 3966 4472 Dens

533 4505 636 4563 ris.
669 4503 1012 4565 Secundum
1038 4517 1326 4577 magnam
1352 4505 1828 4564 misericordiam
1849 4511 2036 4578 tuam,
2066 4522 2191 4565 me-

533 4611 670 4654 mor
713 4599 839 4654 esto
879 4596 1019 4652 mei.
1047 4596 1298 4669 Propter
1325 4591 1663 4655 benitatem
1691 4595 1883 4663 tuam,
1915 4596 2186 4668 Domine,

531 4690 775 4759 propter
813 4700 1038 4743 nomen
1071 4689 1269 4757 tuum,
1300 4683 1568 4750 Domine,
1600 4684 2019 4760 probitiaberis
2043 4701 2186 4760 pec-

531 4780 664 4832 cato
701 4780 857 4835 meo.
895 4775 1215 4852 Cop'iosum
1260 4781 1346 4834 est
1388 4777 1568 4834 enim.
1599 4777 1745 4834 Vide
1787 4775 2186 4836 humilitatem

529 4878 731 4922 meam
779 4873 832 4925 ct
873 4868 1148 4926 laborem
1195 4883 1421 4940 meum,
1453 4871 1509 4925 ct
1555 4867 1783 4924 dimitte
1823 4868 2030 4927 omnia
2051 4885 2186 4940 pec-

529 4953 665 5009 cata
707 4969 861 5013 mea.
895 4953 976 5014 Ne
1005 4958 1225 5032 perdas
1272 4973 1411 5015 cum
1449 4956 1668 5033 impiis,
1705 4961 1882 5029 Deus,
1915 4958 2184 5018 animam

429 5101 434 5106 _
526 5057 749 5110 meam,
800 5050 858 5100 et
911 5063 1048 5104 cum
1102 5048 1246 5106 viris
1294 5050 1652 5122 sanguinem
1713 5048 1897 5106 vitam
1956 5065 2177 5108 meam.

528 5127 1086 5206 Exaudi,fDomine,
1117 5153 1328 5196 vocem
1379 5157 1604 5213 meam,
1635 5155 1760 5216 qua
1802 5139 2059 5199 clamavi
2102 5142 2181 5200 ad

523 5228 626 5282 te:
674 5223 938 5283 Miserere
988 5223 1105 5279 mei
1152 5232 1208 5283 et
1251 5229 1467 5287 exaudi
1519 5233 1642 5286 me.
1679 5227 1767 5286 Ne
1815 5234 2050 5288 avertas
2085 5229 2181 5290 'fa-

521 5315 675 5371 ciem
705 5318 871 5372 tuam
902 5327 940 5369 a
968 5326 1086 5382 me,
1119 5316 1176 5368 et
1195 5329 1268 5371 ne
1298 5318 1557 5376 declines
1584 5320 1646 5376 in
1673 5317 1762 5376 ira
1783 5335 1820 5376 a
1852 5336 2023 5377 servo
2053 5324 2175 5378 tuo.

521 5403 772 5476 Adjutor
821 5419 993 5461 meus
1051 5405 1198 5460 esto.
1246 5406 1324 5459 Ne
1375 5407 1759 5482 derelinquas
1801 5426 1933 5483 me,
1981 5426 2179 5484 neque

517 5492 816 5566 despicias
844 5510 963 5565 me,
994 5493 1153 5550 Deus
1198 5492 1474 5550 salutaris
1507 5511 1712 5553 meus.
1759 5501 1973 5572 Legem
2020 5516 2180 5574 pone

515 5582 686 5652 mihi,
732 5583 1006 5656 Domine,
1052 5583 1114 5640 in
1155 5583 1252 5643 via
1283 5586 1436 5653 tua;
1487 5587 1546 5640 et
1587 5582 1775 5656 dirige
1821 5601 1918 5646 me
1966 5590 2027 5646 in
2087 5607 2181 5654 se-

514 5673 725 5730 mitam
764 5677 987 5732 rectam
1018 5677 1260 5747 propter
1289 5674 1562 5733 inimicos
1590 5689 1775 5730 meos.
1811 5679 1887 5732 Ne
1921 5679 2179 5736 tradide-

2300 4527 2491 4581 meus,
2524 4526 2598 4567 ne
2625 4508 2970 4568 discesseris
3017 4525 3053 4569 a
3072 4519 3198 4571 me.
3229 4511 3475 4570 Intende
3501 4512 3564 4569 in
3593 4505 3964 4582 adiutorium

2295 4617 2522 4667 meum,
2556 4602 2804 4659 Domine
2842 4601 2999 4660 Deus
3042 4604 3248 4661 salutis
3296 4621 3466 4661 meae.
3489 4599 3748 4672 Exaudi,
3779 4595 3961 4666 Deus,

2295 4692 2633 4750 orationem
2662 4707 2863 4749 meam
2908 4700 2964 4750 et
3003 4693 3487 4768 deprecationem
3533 4699 3761 4749 meam.
3792 4687 3962 4745 Auri-

2293 4781 2410 4839 bus
2440 4782 2679 4857 percipe
2712 4781 3016 4856 lacrymas
3045 4799 3250 4841 meas:
3284 4801 3358 4841 ne
3391 4783 3564 4841 sileas
3593 4797 3633 4841 a
3659 4795 3783 4853 me,
3814 4791 3965 4854 quo-

2292 4872 2457 4930 niam
2484 4871 2683 4930 incola
2709 4888 2821 4946 ego
2861 4889 2996 4930 sum
3026 4873 3186 4948 apud
3236 4878 3292 4932 te
3321 4875 3382 4932 in
3414 4878 3572 4931 terra
3600 4876 3659 4930 et
3684 4871 3957 4946 peregri-

2290 4978 2406 5020 nus
2458 4962 2609 5019 sicut
2674 4978 2887 5020 omnes
2953 4966 3151 5037 patres
3207 4965 3345 5022 mei.
3395 4965 3644 5022 Remitte
3695 4959 3850 5020 mihi
3899 4963 3960 5016 ut

2289 5051 2600 5125 refrigerer
2629 5052 2984 5127 priusquam
3025 5053 3243 5112 abeam
3289 5059 3345 5113 et
3375 5055 3638 5130 amplius
3667 5063 3794 5113 non
3828 5069 3956 5112 ero.

2289 5145 2372 5202 Tu
2399 5146 2621 5212 autem,
2649 5142 2923 5217 Domine,
2955 5158 3030 5202 ne
3063 5143 3240 5217 longe
3287 5145 3472 5204 facias
3505 5144 3959 5204 misericordias

2289 5234 2423 5290 tuas
2453 5241 2652 5291 a‘me:
2694 5232 3103 5293 misericordia
3145 5238 3249 5292 tua
3292 5240 3349 5295 et
3390 5236 3608 5296 veritas
3652 5240 3758 5294 tua
3805 5251 3960 5292 sem-

2287 5338 2396 5395 per
2421 5327 2810 5396 susceperunt
2836 5339 2954 5394 me,
2977 5323 3269 5396 quoniam
3299 5323 3829 5383 circumdederunt
3859 5341 3957 5382 me

2289 5411 2470 5481 mala,
2489 5427 2751 5485 quorum
2768 5427 2895 5470 non
2914 5416 3004 5470 est
3021 5430 3333 5473 numerus.
3353 5415 3960 5490 Comprehenderunt

2289 5515 2387 5559 me
2416 5501 2758 5575 iniquitates
2783 5519 2958 5570 meae,
2977 5508 3038 5563 et
3057 5519 3182 5563 non
3211 5506 3383 5580 potui
3406 5510 3472 5563 ut
3497 5505 3789 5563 viderem.
3813 5503 3962 5562 lul-

2289 5589 2565 5664 tip'licatte
2616 5596 2755 5649 sunt
2801 5609 2982 5668 super
3027 5595 3275 5669 capillos
3319 5594 3529 5670 capitis
3575 5595 3719 5667 mei,
3753 5599 3812 5652 et
3853 5609 3954 5651 cor

2289 5686 2496 5739 meum
2521 5681 2836 5756 dereliquit
2876 5701 2993 5743 me.
3022 5685 3402 5760 Complaceat
3433 5685 3557 5758 tibi,
3577 5687 3851 5755 Domine,
3888 5691 3949 5741 ut
