  <div class='ocr_page' id='page_1' title='image "/cluster/home/n/w/nwhite01/storage/ocr_20150623/115/hvd.32044054759790/732.png"; bbox 0 0 4158 6192; ppageno 0'>
   <div class='ocr_carea' id='block_1_1' title="bbox 228 160 366 221">
    <p class='ocr_par' dir='ltr' id='par_1_1' title="bbox 228 160 366 221">
     <span class='ocr_line' id='line_1_1' title="bbox 228 160 366 221; baseline -0.058 0"><span class='ocrx_word' id='word_1_1' title='bbox 228 160 366 221; x_wconf 71' lang='grc'><strong>1453</strong></span> 
     </span>
    </p>
   </div>
   <div class='ocr_carea' id='block_1_2' title="bbox 1481 141 2392 217">
    <p class='ocr_par' dir='ltr' id='par_1_2' title="bbox 1481 141 2392 217">
     <span class='ocr_line' id='line_1_2' title="bbox 1481 141 2392 217; baseline 0 -17"><span class='ocrx_word' id='word_1_2' title='bbox 1481 142 1907 215; x_wconf 65' lang='lat' dir='ltr'><strong>ensvmewu</strong></span> <span class='ocrx_word' id='word_1_3' title='bbox 1944 141 2012 217; x_wconf 71' lang='lat' dir='ltr'><strong>1N</strong></span> <span class='ocrx_word' id='word_1_4' title='bbox 2048 141 2392 207; x_wconf 62' lang='lat' dir='ltr'><strong>esamos.</strong></span> 
     </span>
    </p>
   </div>
   <div class='ocr_carea' id='block_1_3' title="bbox 3506 159 3643 224">
    <p class='ocr_par' dir='ltr' id='par_1_3' title="bbox 3506 159 3643 224">
     <span class='ocr_line' id='line_1_3' title="bbox 3506 159 3643 224; baseline 0.007 -1"><span class='ocrx_word' id='word_1_5' title='bbox 3506 159 3643 224; x_wconf 57' lang='lat' dir='ltr'><strong>te“</strong></span> 
     </span>
    </p>
   </div>
   <div class='ocr_carea' id='block_1_4' title="bbox 227 266 3645 359">
    <p class='ocr_par' dir='ltr' id='par_1_4' title="bbox 227 266 3645 359">
     <span class='ocr_line' id='line_1_4' title="bbox 227 266 3645 359; baseline 0 -25"><span class='ocrx_word' id='word_1_6' title='bbox 227 279 449 352; x_wconf 82' lang='lat' dir='ltr'><strong>eripias</strong></span> <span class='ocrx_word' id='word_1_7' title='bbox 479 291 597 344; x_wconf 89' lang='lat' dir='ltr'><strong>me,</strong></span> <span class='ocrx_word' id='word_1_8' title='bbox 628 274 902 345; x_wconf 87' lang='lat' dir='ltr'><strong>Domine,</strong></span> <span class='ocrx_word' id='word_1_9' title='bbox 959 275 1021 335; x_wconf 91' lang='lat' dir='ltr'><strong>in</strong></span> <span class='ocrx_word' id='word_1_10' title='bbox 1051 273 1345 343; x_wconf 74' lang='lat' dir='ltr'><strong>auxilium</strong></span> <span class='ocrx_word' id='word_1_11' title='bbox 1391 286 1597 333; x_wconf 85' lang='lat' dir='ltr'><strong>meum</strong></span> <span class='ocrx_word' id='word_1_12' title='bbox 1643 266 2025 359; x_wconf 52' lang='lat' dir='ltr'><strong>respiceeos</strong></span> <span class='ocrx_word' id='word_1_13' title='bbox 2070 282 2280 329; x_wconf 86' lang='lat' dir='ltr'><strong>meum</strong></span> <span class='ocrx_word' id='word_1_14' title='bbox 2318 269 2499 333; x_wconf 83' lang='lat' dir='ltr'><strong>laude</strong></span> <span class='ocrx_word' id='word_1_15' title='bbox 2554 276 2679 338; x_wconf 87' lang='lat' dir='ltr'><strong>tua,</strong></span> <span class='ocrx_word' id='word_1_16' title='bbox 2727 280 2789 331; x_wconf 93' lang='lat' dir='ltr'><strong>ut</strong></span> <span class='ocrx_word' id='word_1_17' title='bbox 2828 275 3072 348; x_wconf 81' lang='lat' dir='ltr'><strong>possim</strong></span> <span class='ocrx_word' id='word_1_18' title='bbox 3113 282 3361 344; x_wconf 67' lang='lat' dir='ltr'><strong>cantare</strong></span> <span class='ocrx_word' id='word_1_19' title='bbox 3389 278 3645 359; x_wconf 55' lang='lat' dir='ltr'><strong>gloriam</strong></span> 
     </span>
    </p>
   </div>
   <div class='ocr_carea' id='block_1_5' title="bbox 228 359 1881 438">
    <p class='ocr_par' dir='ltr' id='par_1_5' title="bbox 228 359 1881 438">
     <span class='ocr_line' id='line_1_5' title="bbox 228 359 1881 438; baseline -0.01 -13"><span class='ocrx_word' id='word_1_20' title='bbox 228 372 350 438; x_wconf 85' lang='lat' dir='ltr'><strong>Ego</strong></span> <span class='ocrx_word' id='word_1_21' title='bbox 375 383 517 423; x_wconf 88' lang='lat' dir='ltr'><strong>vero</strong></span> <span class='ocrx_word' id='word_1_22' title='bbox 546 380 772 437; x_wconf 86' lang='lat' dir='ltr'><strong>egenus</strong></span> <span class='ocrx_word' id='word_1_23' title='bbox 799 367 857 421; x_wconf 90' lang='lat' dir='ltr'><strong>et</strong></span> <span class='ocrx_word' id='word_1_24' title='bbox 883 378 1117 438; x_wconf 75' lang='lat' dir='ltr'><strong>panper</strong></span> <span class='ocrx_word' id='word_1_25' title='bbox 1137 378 1293 431; x_wconf 90' lang='lat' dir='ltr'><strong>sum,</strong></span> <span class='ocrx_word' id='word_1_26' title='bbox 1313 364 1492 428; x_wconf 85' lang='lat' dir='ltr'><strong>Deus,</strong></span> <span class='ocrx_word' id='word_1_27' title='bbox 1520 359 1744 431; x_wconf 71' lang='lat' dir='ltr'><strong>adiuva</strong></span> <span class='ocrx_word' id='word_1_28' title='bbox 1763 371 1881 415; x_wconf 85' lang='lat' dir='ltr'><strong>me.</strong></span> 
     </span>
    </p>
   </div>
   <div class='ocr_carea' id='block_1_6' title="bbox 225 448 1886 529">
    <p class='ocr_par' dir='ltr' id='par_1_6' title="bbox 225 448 1886 529">
     <span class='ocr_line' id='line_1_6' title="bbox 225 448 1886 529; baseline -0.006 -16"><span class='ocrx_word' id='word_1_29' title='bbox 225 457 481 529; x_wconf 71' lang='lat' dir='ltr'><strong>Adjutor</strong></span> <span class='ocrx_word' id='word_1_30' title='bbox 505 471 679 511; x_wconf 90' lang='lat' dir='ltr'><strong>meus</strong></span> <span class='ocrx_word' id='word_1_31' title='bbox 710 456 767 509; x_wconf 91' lang='lat' dir='ltr'><strong>et</strong></span> <span class='ocrx_word' id='word_1_32' title='bbox 793 452 1075 523; x_wconf 82' lang='lat' dir='ltr'><strong>liberator</strong></span> <span class='ocrx_word' id='word_1_33' title='bbox 1100 467 1275 509; x_wconf 84' lang='lat' dir='ltr'><strong>meus</strong></span> <span class='ocrx_word' id='word_1_34' title='bbox 1315 454 1467 521; x_wconf 87' lang='lat' dir='ltr'><strong>esto,</strong></span> <span class='ocrx_word' id='word_1_35' title='bbox 1514 448 1780 515; x_wconf 83' lang='lat' dir='ltr'><strong>Domine,</strong></span> <span class='ocrx_word' id='word_1_36' title='bbox 1810 460 1886 507; x_wconf 88' lang='lat' dir='ltr'><strong>ne</strong></span> 
     </span>
    </p>
   </div>
   <div class='ocr_carea' id='block_1_7' title="bbox 226 537 1889 617">
    <p class='ocr_par' dir='ltr' id='par_1_7' title="bbox 226 537 1889 617">
     <span class='ocr_line' id='line_1_7' title="bbox 226 537 1889 617; baseline -0.008 -9"><span class='ocrx_word' id='word_1_37' title='bbox 226 544 579 609; x_wconf 86' lang='lat' dir='ltr'><strong>tardaveris.</strong></span> <span class='ocrx_word' id='word_1_38' title='bbox 618 547 740 617; x_wconf 80' lang='lat' dir='ltr'><strong>Ego</strong></span> <span class='ocrx_word' id='word_1_39' title='bbox 766 538 890 600; x_wconf 84' lang='lat' dir='ltr'><strong>dixi</strong></span> <span class='ocrx_word' id='word_1_40' title='bbox 915 559 927 597; x_wconf 91' lang='lat'><strong>:</strong></span> <span class='ocrx_word' id='word_1_41' title='bbox 960 541 1231 613; x_wconf 83' lang='lat' dir='ltr'><strong>Domine,</strong></span> <span class='ocrx_word' id='word_1_42' title='bbox 1259 541 1538 601; x_wconf 80' lang='lat' dir='ltr'><strong>miserere</strong></span> <span class='ocrx_word' id='word_1_43' title='bbox 1569 537 1705 606; x_wconf 87' lang='lat' dir='ltr'><strong>mei,</strong></span> <span class='ocrx_word' id='word_1_44' title='bbox 1739 550 1889 607; x_wconf 74' lang='lat' dir='ltr'><strong>sane.</strong></span> 
     </span>
    </p>
   </div>
   <div class='ocr_carea' id='block_1_8' title="bbox 229 630 1353 707">
    <p class='ocr_par' dir='ltr' id='par_1_8' title="bbox 229 630 1353 707">
     <span class='ocr_line' id='line_1_8' title="bbox 229 630 1353 707; baseline -0.005 -13"><span class='ocrx_word' id='word_1_45' title='bbox 229 636 504 704; x_wconf 84' lang='lat' dir='ltr'><strong>animam</strong></span> <span class='ocrx_word' id='word_1_46' title='bbox 533 649 755 702; x_wconf 83' lang='lat' dir='ltr'><strong>meam,</strong></span> <span class='ocrx_word' id='word_1_47' title='bbox 784 632 929 707; x_wconf 83' lang='lat' dir='ltr'><strong>quia</strong></span> <span class='ocrx_word' id='word_1_48' title='bbox 957 631 1201 706; x_wconf 76' lang='lat' dir='ltr'><strong>peccavi</strong></span> <span class='ocrx_word' id='word_1_49' title='bbox 1227 630 1353 691; x_wconf 85' lang='lat' dir='ltr'><strong>tibi.</strong></span> 
     </span>
    </p>
   </div>
   <div class='ocr_carea' id='block_1_9' title="bbox 305 718 1887 797">
    <p class='ocr_par' dir='ltr' id='par_1_9' title="bbox 305 718 1887 797">
     <span class='ocr_line' id='line_1_9' title="bbox 305 718 1887 797; baseline -0.006 -14"><span class='ocrx_word' id='word_1_50' title='bbox 305 729 590 797; x_wconf 80' lang='lat' dir='ltr'><strong>Exsurge,</strong></span> <span class='ocrx_word' id='word_1_51' title='bbox 633 736 824 797; x_wconf 76' lang='lat' dir='ltr'><strong>quare</strong></span> <span class='ocrx_word' id='word_1_52' title='bbox 875 719 1205 791; x_wconf 84' lang='lat' dir='ltr'><strong>obdormis,</strong></span> <span class='ocrx_word' id='word_1_53' title='bbox 1265 718 1570 783; x_wconf 82' lang='lat' dir='ltr'><strong>Domine?</strong></span> <span class='ocrx_word' id='word_1_54' title='bbox 1613 730 1887 786; x_wconf 82' lang='lat' dir='ltr'><strong>exsurge,</strong></span> 
     </span>
    </p>
   </div>
   <div class='ocr_carea' id='block_1_10' title="bbox 231 808 1892 887">
    <p class='ocr_par' dir='ltr' id='par_1_10' title="bbox 231 808 1892 887">
     <span class='ocr_line' id='line_1_10' title="bbox 231 808 1892 887; baseline -0.007 -13"><span class='ocrx_word' id='word_1_55' title='bbox 231 818 291 875; x_wconf 92' lang='lat' dir='ltr'><strong>et</strong></span> <span class='ocrx_word' id='word_1_56' title='bbox 313 830 388 875; x_wconf 91' lang='lat' dir='ltr'><strong>ne</strong></span> <span class='ocrx_word' id='word_1_57' title='bbox 414 813 670 887; x_wconf 81' lang='lat' dir='ltr'><strong>repellas</strong></span> <span class='ocrx_word' id='word_1_58' title='bbox 702 811 765 871; x_wconf 92' lang='lat' dir='ltr'><strong>in</strong></span> <span class='ocrx_word' id='word_1_59' title='bbox 793 810 998 869; x_wconf 89' lang='lat' dir='ltr'><strong>ﬁnem.</strong></span> <span class='ocrx_word' id='word_1_60' title='bbox 1032 811 1225 875; x_wconf 86' lang='lat' dir='ltr'><strong>Quare</strong></span> <span class='ocrx_word' id='word_1_61' title='bbox 1268 808 1484 866; x_wconf 90' lang='lat' dir='ltr'><strong>faciem</strong></span> <span class='ocrx_word' id='word_1_62' title='bbox 1529 811 1699 867; x_wconf 82' lang='lat' dir='ltr'><strong>tuam</strong></span> <span class='ocrx_word' id='word_1_63' title='bbox 1727 820 1892 863; x_wconf 79' lang='lat' dir='ltr'><strong>aver-</strong></span> 
     </span>
    </p>
   </div>
   <div class='ocr_carea' id='block_1_11' title="bbox 232 895 1890 972">
    <p class='ocr_par' dir='ltr' id='par_1_11' title="bbox 232 895 1890 972">
     <span class='ocr_line' id='line_1_11' title="bbox 232 895 1890 972; baseline -0.006 -11"><span class='ocrx_word' id='word_1_64' title='bbox 232 904 308 961; x_wconf 88' lang='lat' dir='ltr'><strong>tis</strong></span> <span class='ocrx_word' id='word_1_65' title='bbox 332 904 359 960; x_wconf 83' lang='lat'>?</span> <span class='ocrx_word' id='word_1_66' title='bbox 388 900 755 960; x_wconf 81' lang='lat' dir='ltr'><strong>obliviscaris</strong></span> <span class='ocrx_word' id='word_1_67' title='bbox 785 899 1054 972; x_wconf 82' lang='lat' dir='ltr'>inopiam</span> <span class='ocrx_word' id='word_1_68' title='bbox 1078 901 1348 957; x_wconf 86' lang='lat' dir='ltr'><strong>nostram</strong></span> <span class='ocrx_word' id='word_1_69' title='bbox 1370 900 1427 959; x_wconf 88' lang='lat' dir='ltr'><strong>et</strong></span> <span class='ocrx_word' id='word_1_70' title='bbox 1448 895 1890 959; x_wconf 76' lang='lat' dir='ltr'><strong>tribulationem</strong></span> 
     </span>
    </p>
   </div>
   <div class='ocr_carea' id='block_1_12' title="bbox 229 984 1894 1062">
    <p class='ocr_par' dir='ltr' id='par_1_12' title="bbox 229 984 1894 1062">
     <span class='ocr_line' id='line_1_12' title="bbox 229 984 1894 1062; baseline -0.005 -11"><span class='ocrx_word' id='word_1_71' title='bbox 229 996 503 1051; x_wconf 88' lang='lat' dir='ltr'><strong>nostram</strong></span> <span class='ocrx_word' id='word_1_72' title='bbox 533 992 561 1048; x_wconf 55' lang='grc' dir='ltr'><strong>εἰ</strong></span> <span class='ocrx_word' id='word_1_73' title='bbox 598 994 885 1062; x_wconf 75' lang='lat' dir='ltr'><strong>Exsurge,</strong></span> <span class='ocrx_word' id='word_1_74' title='bbox 918 988 1187 1056; x_wconf 86' lang='lat' dir='ltr'>Domine,</span> <span class='ocrx_word' id='word_1_75' title='bbox 1228 986 1451 1061; x_wconf 83' lang='lat' dir='ltr'><strong>adjuva</strong></span> <span class='ocrx_word' id='word_1_76' title='bbox 1480 1002 1593 1043; x_wconf 91' lang='lat' dir='ltr'><strong>nos</strong></span> <span class='ocrx_word' id='word_1_77' title='bbox 1621 989 1679 1043; x_wconf 91' lang='lat' dir='ltr'>et</span> <span class='ocrx_word' id='word_1_78' title='bbox 1702 984 1894 1043; x_wconf 86' lang='lat' dir='ltr'><strong>libera</strong></span> 
     </span>
    </p>
   </div>
   <div class='ocr_carea' id='block_1_13' title="bbox 232 1074 1888 1154">
    <p class='ocr_par' dir='ltr' id='par_1_13' title="bbox 232 1074 1888 1154">
     <span class='ocr_line' id='line_1_13' title="bbox 232 1074 1888 1154; baseline -0.003 -16"><span class='ocrx_word' id='word_1_79' title='bbox 232 1097 344 1139; x_wconf 90' lang='lat' dir='ltr'><strong>nos</strong></span> <span class='ocrx_word' id='word_1_80' title='bbox 390 1084 635 1154; x_wconf 82' lang='lat' dir='ltr'><strong>propter</strong></span> <span class='ocrx_word' id='word_1_81' title='bbox 685 1093 910 1145; x_wconf 88' lang='lat' dir='ltr'><strong>nomen</strong></span> <span class='ocrx_word' id='word_1_82' title='bbox 962 1080 1154 1134; x_wconf 87' lang='lat' dir='ltr'><strong>tuum.</strong></span> <span class='ocrx_word' id='word_1_83' title='bbox 1205 1078 1474 1135; x_wconf 83' lang='lat' dir='ltr'><strong>Miserere</strong></span> <span class='ocrx_word' id='word_1_84' title='bbox 1522 1075 1660 1145; x_wconf 86' lang='lat' dir='ltr'><strong>mei,</strong></span> <span class='ocrx_word' id='word_1_85' title='bbox 1712 1074 1888 1145; x_wconf 84' lang='lat' dir='ltr'><strong>Deus,</strong></span> 
     </span>
    </p>
   </div>
   <div class='ocr_carea' id='block_1_14' title="bbox 234 1166 1891 1239">
    <p class='ocr_par' dir='ltr' id='par_1_14' title="bbox 234 1166 1891 1239">
     <span class='ocr_line' id='line_1_14' title="bbox 234 1166 1891 1239; baseline -0.005 -10"><span class='ocrx_word' id='word_1_86' title='bbox 234 1169 569 1229; x_wconf 88' lang='lat' dir='ltr'><strong>secundum</strong></span> <span class='ocrx_word' id='word_1_87' title='bbox 623 1183 916 1239; x_wconf 87' lang='lat' dir='ltr'><strong>magnam</strong></span> <span class='ocrx_word' id='word_1_88' title='bbox 955 1166 1430 1223; x_wconf 89' lang='lat' dir='ltr'><strong>misericordiam</strong></span> <span class='ocrx_word' id='word_1_89' title='bbox 1481 1170 1648 1225; x_wconf 88' lang='lat' dir='ltr'><strong>tuam</strong></span> <span class='ocrx_word' id='word_1_90' title='bbox 1681 1182 1693 1222; x_wconf 89' lang='lat'><strong>:</strong></span> <span class='ocrx_word' id='word_1_91' title='bbox 1724 1167 1781 1223; x_wconf 90' lang='lat' dir='ltr'><strong>et</strong></span> <span class='ocrx_word' id='word_1_92' title='bbox 1804 1178 1891 1221; x_wconf 89' lang='lat' dir='ltr'><strong>se-</strong></span> 
     </span>
    </p>
   </div>
   <div class='ocr_carea' id='block_1_15' title="bbox 233 1256 1887 1325">
    <p class='ocr_par' dir='ltr' id='par_1_15' title="bbox 233 1256 1887 1325">
     <span class='ocr_line' id='line_1_15' title="bbox 233 1256 1887 1325; baseline -0.003 -6"><span class='ocrx_word' id='word_1_93' title='bbox 233 1261 503 1319; x_wconf 79' lang='lat' dir='ltr'><strong>cundum</strong></span> <span class='ocrx_word' id='word_1_94' title='bbox 578 1257 1024 1316; x_wconf 83' lang='lat' dir='ltr'><strong>multitudinem</strong></span> <span class='ocrx_word' id='word_1_95' title='bbox 1097 1256 1553 1316; x_wconf 79' lang='lat' dir='ltr'><strong>miserationum</strong></span> <span class='ocrx_word' id='word_1_96' title='bbox 1626 1259 1887 1325; x_wconf 84' lang='lat' dir='ltr'><strong>tuarum,</strong></span> 
     </span>
    </p>
   </div>
   <div class='ocr_carea' id='block_1_16' title="bbox 232 1342 1892 1423">
    <p class='ocr_par' dir='ltr' id='par_1_16' title="bbox 232 1342 1892 1423">
     <span class='ocr_line' id='line_1_16' title="bbox 232 1342 1892 1423; baseline -0.004 -17"><span class='ocrx_word' id='word_1_97' title='bbox 232 1349 366 1407; x_wconf 89' lang='lat' dir='ltr'><strong>dele</strong></span> <span class='ocrx_word' id='word_1_98' title='bbox 417 1348 795 1423; x_wconf 81' lang='lat' dir='ltr'><strong>iniquitatem</strong></span> <span class='ocrx_word' id='word_1_99' title='bbox 847 1362 1069 1404; x_wconf 89' lang='lat' dir='ltr'><strong>meam.</strong></span> <span class='ocrx_word' id='word_1_100' title='bbox 1136 1345 1410 1418; x_wconf 84' lang='lat' dir='ltr'><strong>Amplius</strong></span> <span class='ocrx_word' id='word_1_101' title='bbox 1464 1345 1600 1407; x_wconf 83' lang='lat' dir='ltr'><strong>lava</strong></span> <span class='ocrx_word' id='word_1_102' title='bbox 1656 1360 1754 1400; x_wconf 92' lang='lat' dir='ltr'><strong>me</strong></span> <span class='ocrx_word' id='word_1_103' title='bbox 1813 1342 1892 1401; x_wconf 88' lang='lat' dir='ltr'><strong>ab</strong></span> 
     </span>
    </p>
   </div>
   <div class='ocr_carea' id='block_1_17' title="bbox 233 1433 1893 1509">
    <p class='ocr_par' dir='ltr' id='par_1_17' title="bbox 233 1433 1893 1509">
     <span class='ocr_line' id='line_1_17' title="bbox 233 1433 1893 1509; baseline -0.002 -14"><span class='ocrx_word' id='word_1_104' title='bbox 233 1437 525 1509; x_wconf 87' lang='lat' dir='ltr'><strong>injustitia</strong></span> <span class='ocrx_word' id='word_1_105' title='bbox 553 1452 709 1505; x_wconf 89' lang='lat' dir='ltr'><strong>mea,</strong></span> <span class='ocrx_word' id='word_1_106' title='bbox 741 1439 797 1492; x_wconf 92' lang='lat' dir='ltr'>et</span> <span class='ocrx_word' id='word_1_107' title='bbox 826 1451 863 1503; x_wconf 88' lang='lat' dir='ltr'><strong>a</strong></span> <span class='ocrx_word' id='word_1_108' title='bbox 889 1433 1103 1503; x_wconf 82' lang='lat' dir='ltr'><strong>delicto</strong></span> <span class='ocrx_word' id='word_1_109' title='bbox 1124 1450 1261 1491; x_wconf 89' lang='lat' dir='ltr'><strong>meo</strong></span> <span class='ocrx_word' id='word_1_110' title='bbox 1276 1433 1510 1495; x_wconf 86' lang='lat' dir='ltr'><strong>munda</strong></span> <span class='ocrx_word' id='word_1_111' title='bbox 1534 1447 1653 1491; x_wconf 88' lang='lat' dir='ltr'><strong>me.</strong></span> <span class='ocrx_word' id='word_1_112' title='bbox 1683 1436 1893 1491; x_wconf 79' lang='lat' dir='ltr'><strong>Averte</strong></span> 
     </span>
    </p>
   </div>
   <div class='ocr_carea' id='block_1_18' title="bbox 234 1521 1899 1597">
    <p class='ocr_par' dir='ltr' id='par_1_18' title="bbox 234 1521 1899 1597">
     <span class='ocr_line' id='line_1_18' title="bbox 234 1521 1899 1597; baseline 0 -16"><span class='ocrx_word' id='word_1_113' title='bbox 234 1524 453 1585; x_wconf 84' lang='lat' dir='ltr'><strong>faciem</strong></span> <span class='ocrx_word' id='word_1_114' title='bbox 496 1528 663 1587; x_wconf 88' lang='lat' dir='ltr'><strong>tuam</strong></span> <span class='ocrx_word' id='word_1_115' title='bbox 710 1541 747 1581; x_wconf 90' lang='lat' dir='ltr'><strong>a</strong></span> <span class='ocrx_word' id='word_1_116' title='bbox 782 1523 1044 1597; x_wconf 87' lang='lat' dir='ltr'><strong>peccatis</strong></span> <span class='ocrx_word' id='word_1_117' title='bbox 1091 1522 1260 1597; x_wconf 81' lang='lat' dir='ltr'><strong>meis,</strong></span> <span class='ocrx_word' id='word_1_118' title='bbox 1311 1526 1368 1589; x_wconf 80' lang='lat' dir='ltr'><strong>et</strong></span> <span class='ocrx_word' id='word_1_119' title='bbox 1423 1538 1634 1584; x_wconf 88' lang='lat' dir='ltr'><strong>omnes</strong></span> <span class='ocrx_word' id='word_1_120' title='bbox 1683 1521 1899 1593; x_wconf 89' lang='lat' dir='ltr'><strong>iniqui-</strong></span> 
     </span>
    </p>
   </div>
   <div class='ocr_carea' id='block_1_19' title="bbox 1996 357 3646 440">
    <p class='ocr_par' dir='ltr' id='par_1_19' title="bbox 1996 357 3646 440">
     <span class='ocr_line' id='line_1_19' title="bbox 1996 357 3646 440; baseline 0.014 -30"><span class='ocrx_word' id='word_1_121' title='bbox 1996 357 2164 421; x_wconf 83' lang='lat' dir='ltr'><strong>tuam</strong></span> <span class='ocrx_word' id='word_1_122' title='bbox 2193 360 2317 414; x_wconf 86' lang='lat' dir='ltr'><strong>tota</strong></span> <span class='ocrx_word' id='word_1_123' title='bbox 2346 359 2442 421; x_wconf 87' lang='lat' dir='ltr'><strong>die</strong></span> <span class='ocrx_word' id='word_1_124' title='bbox 2472 362 2982 433; x_wconf 86' lang='lat' dir='ltr'><strong>magniﬁcentiam</strong></span> <span class='ocrx_word' id='word_1_125' title='bbox 3025 368 3212 427; x_wconf 87' lang='lat' dir='ltr'><strong>tuam.</strong></span> <span class='ocrx_word' id='word_1_126' title='bbox 3253 370 3334 425; x_wconf 89' lang='lat' dir='ltr'><strong>Ne</strong></span> <span class='ocrx_word' id='word_1_127' title='bbox 3361 357 3646 440; x_wconf 69' lang='lat' dir='ltr'><strong>proﬁcias</strong></span> 
     </span>
    </p>
   </div>
   <div class='ocr_carea' id='block_1_20' title="bbox 1996 445 3649 522">
    <p class='ocr_par' dir='ltr' id='par_1_20' title="bbox 1996 445 3649 522">
     <span class='ocr_line' id='line_1_20' title="bbox 1996 445 3649 522; baseline 0.007 -17"><span class='ocrx_word' id='word_1_128' title='bbox 1996 460 2094 505; x_wconf 84' lang='lat' dir='ltr'><strong>me</strong></span> <span class='ocrx_word' id='word_1_129' title='bbox 2142 445 2202 503; x_wconf 89' lang='lat' dir='ltr'><strong>in</strong></span> <span class='ocrx_word' id='word_1_130' title='bbox 2251 451 2517 522; x_wconf 88' lang='lat' dir='ltr'><strong>tempore</strong></span> <span class='ocrx_word' id='word_1_131' title='bbox 2565 452 2905 519; x_wconf 87' lang='lat' dir='ltr'><strong>senectutis,</strong></span> <span class='ocrx_word' id='word_1_132' title='bbox 2952 453 3100 510; x_wconf 91' lang='lat' dir='ltr'><strong>dum</strong></span> <span class='ocrx_word' id='word_1_133' title='bbox 3145 455 3426 521; x_wconf 78' lang='lat' dir='ltr'><strong>defecerit</strong></span> <span class='ocrx_word' id='word_1_134' title='bbox 3467 456 3649 519; x_wconf 83' lang='lat' dir='ltr'><strong>virtus</strong></span> 
     </span>
    </p>
   </div>
   <div class='ocr_carea' id='block_1_21' title="bbox 1995 536 3652 617">
    <p class='ocr_par' dir='ltr' id='par_1_21' title="bbox 1995 536 3652 617">
     <span class='ocr_line' id='line_1_21' title="bbox 1995 536 3652 617; baseline 0.011 -27"><span class='ocrx_word' id='word_1_135' title='bbox 1995 550 2156 605; x_wconf 86' lang='lat' dir='ltr'><strong>mea.</strong></span> <span class='ocrx_word' id='word_1_136' title='bbox 2185 536 2358 607; x_wconf 84' lang='lat' dir='ltr'><strong>Deus,</strong></span> <span class='ocrx_word' id='word_1_137' title='bbox 2391 555 2465 595; x_wconf 89' lang='lat' dir='ltr'><strong>ne</strong></span> <span class='ocrx_word' id='word_1_138' title='bbox 2503 540 2885 616; x_wconf 79' lang='lat' dir='ltr'><strong>derelinquas</strong></span> <span class='ocrx_word' id='word_1_139' title='bbox 2912 560 3048 615; x_wconf 90' lang='lat' dir='ltr'><strong>me;</strong></span> <span class='ocrx_word' id='word_1_140' title='bbox 3082 547 3258 616; x_wconf 84' lang='lat' dir='ltr'><strong>Deus,</strong></span> <span class='ocrx_word' id='word_1_141' title='bbox 3288 561 3365 611; x_wconf 88' lang='lat' dir='ltr'><strong>ne</strong></span> <span class='ocrx_word' id='word_1_142' title='bbox 3408 545 3652 617; x_wconf 80' lang='lat' dir='ltr'><strong>elonges</strong></span> 
     </span>
    </p>
   </div>
   <div class='ocr_carea' id='block_1_22' title="bbox 2000 629 3652 709">
    <p class='ocr_par' dir='ltr' id='par_1_22' title="bbox 2000 629 3652 709">
     <span class='ocr_line' id='line_1_22' title="bbox 2000 629 3652 709; baseline 0.01 -27"><span class='ocrx_word' id='word_1_143' title='bbox 2000 639 2037 683; x_wconf 88' lang='lat' dir='ltr'><strong>a</strong></span> <span class='ocrx_word' id='word_1_144' title='bbox 2056 640 2174 691; x_wconf 89' lang='lat' dir='ltr'><strong>me.</strong></span> <span class='ocrx_word' id='word_1_145' title='bbox 2205 629 2359 693; x_wconf 78' lang='lat' dir='ltr'><strong>Deus</strong></span> <span class='ocrx_word' id='word_1_146' title='bbox 2386 644 2581 703; x_wconf 86' lang='lat' dir='ltr'><strong>meus,</strong></span> <span class='ocrx_word' id='word_1_147' title='bbox 2602 631 2665 695; x_wconf 88' lang='lat' dir='ltr'><strong>in</strong></span> <span class='ocrx_word' id='word_1_148' title='bbox 2686 633 2977 697; x_wconf 80' lang='lat' dir='ltr'><strong>auxilium</strong></span> <span class='ocrx_word' id='word_1_149' title='bbox 3000 650 3206 697; x_wconf 87' lang='lat' dir='ltr'><strong>meum</strong></span> <span class='ocrx_word' id='word_1_150' title='bbox 3230 635 3460 709; x_wconf 82' lang='lat' dir='ltr'><strong>respice</strong></span> <span class='ocrx_word' id='word_1_151' title='bbox 3491 652 3506 695; x_wconf 86' lang='lat'><strong>:</strong></span> <span class='ocrx_word' id='word_1_152' title='bbox 3538 651 3652 707; x_wconf 87' lang='lat' dir='ltr'><strong>ego</strong></span> 
     </span>
    </p>
   </div>
   <div class='ocr_carea' id='block_1_23' title="bbox 1998 717 3654 796">
    <p class='ocr_par' dir='ltr' id='par_1_23' title="bbox 1998 717 3654 796">
     <span class='ocr_line' id='line_1_23' title="bbox 1998 717 3654 796; baseline 0.014 -29"><span class='ocrx_word' id='word_1_153' title='bbox 1998 717 2199 783; x_wconf 83' lang='lat' dir='ltr'><strong>autem</strong></span> <span class='ocrx_word' id='word_1_154' title='bbox 2233 732 2471 791; x_wconf 87' lang='lat' dir='ltr'><strong>semper</strong></span> <span class='ocrx_word' id='word_1_155' title='bbox 2498 717 2560 787; x_wconf 87' lang='lat' dir='ltr'><strong>in</strong></span> <span class='ocrx_word' id='word_1_156' title='bbox 2585 723 2640 777; x_wconf 90' lang='lat' dir='ltr'><strong>te</strong></span> <span class='ocrx_word' id='word_1_157' title='bbox 2666 720 2945 794; x_wconf 82' lang='lat' dir='ltr'><strong>sperabo,</strong></span> <span class='ocrx_word' id='word_1_158' title='bbox 2990 724 3260 794; x_wconf 82' lang='lat' dir='ltr'>Domine,</span> <span class='ocrx_word' id='word_1_159' title='bbox 3283 729 3341 789; x_wconf 84' lang='lat' dir='ltr'><strong>et</strong></span> <span class='ocrx_word' id='word_1_160' title='bbox 3368 722 3654 796; x_wconf 78' lang='lat' dir='ltr'><strong>adjiciam</strong></span> 
     </span>
    </p>
   </div>
   <div class='ocr_carea' id='block_1_24' title="bbox 2000 806 3659 887">
    <p class='ocr_par' dir='ltr' id='par_1_24' title="bbox 2000 806 3659 887">
     <span class='ocr_line' id='line_1_24' title="bbox 2000 806 3659 887; baseline 0.014 -31"><span class='ocrx_word' id='word_1_161' title='bbox 2000 817 2183 877; x_wconf 81' lang='lat' dir='ltr'><strong>super</strong></span> <span class='ocrx_word' id='word_1_162' title='bbox 2203 819 2446 877; x_wconf 81' lang='lat' dir='ltr'><strong>omnem</strong></span> <span class='ocrx_word' id='word_1_163' title='bbox 2470 806 2716 875; x_wconf 79' lang='lat' dir='ltr'><strong>laudern</strong></span> <span class='ocrx_word' id='word_1_164' title='bbox 2746 812 2913 871; x_wconf 89' lang='lat' dir='ltr'><strong>tuam</strong></span> <span class='ocrx_word' id='word_1_165' title='bbox 2945 828 2959 868; x_wconf 87' lang='lat'><strong>:</strong></span> <span class='ocrx_word' id='word_1_166' title='bbox 2987 827 3055 868; x_wconf 87' lang='lat' dir='ltr'><strong>os</strong></span> <span class='ocrx_word' id='word_1_167' title='bbox 3082 828 3289 873; x_wconf 89' lang='lat' dir='ltr'><strong>meum</strong></span> <span class='ocrx_word' id='word_1_168' title='bbox 3309 812 3659 887; x_wconf 61' lang='lat' dir='ltr'><strong>pronuntia:</strong></span> 
     </span>
    </p>
   </div>
   <div class='ocr_carea' id='block_1_25' title="bbox 1999 889 3403 965">
    <p class='ocr_par' dir='ltr' id='par_1_25' title="bbox 1999 889 3403 965">
     <span class='ocr_line' id='line_1_25' title="bbox 1999 889 3403 965; baseline 0.009 -19"><span class='ocrx_word' id='word_1_169' title='bbox 1999 889 2087 951; x_wconf 88' lang='lat' dir='ltr'><strong>bit</strong></span> <span class='ocrx_word' id='word_1_170' title='bbox 2107 892 2400 962; x_wconf 75' lang='lat' dir='ltr'><strong>justitiam</strong></span> <span class='ocrx_word' id='word_1_171' title='bbox 2432 899 2619 965; x_wconf 88' lang='lat' dir='ltr'><strong>tuam,</strong></span> <span class='ocrx_word' id='word_1_172' title='bbox 2645 901 2769 955; x_wconf 89' lang='lat' dir='ltr'><strong>tota</strong></span> <span class='ocrx_word' id='word_1_173' title='bbox 2797 898 2894 955; x_wconf 88' lang='lat' dir='ltr'><strong>die</strong></span> <span class='ocrx_word' id='word_1_174' title='bbox 2924 900 3185 963; x_wconf 85' lang='lat' dir='ltr'><strong>salutare</strong></span> <span class='ocrx_word' id='word_1_175' title='bbox 3210 906 3403 963; x_wconf 86' lang='lat' dir='ltr'><strong>tuum.</strong></span> 
     </span>
    </p>
   </div>
   <div class='ocr_carea' id='block_1_26' title="bbox 2070 983 3657 1063">
    <p class='ocr_par' dir='ltr' id='par_1_26' title="bbox 2070 983 3657 1063">
     <span class='ocr_line' id='line_1_26' title="bbox 2070 983 3657 1063; baseline 0.014 -27"><span class='ocrx_word' id='word_1_176' title='bbox 2070 983 2150 1037; x_wconf 89' lang='lat' dir='ltr'><strong>Ne</strong></span> <span class='ocrx_word' id='word_1_177' title='bbox 2182 983 2384 1041; x_wconf 82' lang='lat' dir='ltr'><strong>tradas</strong></span> <span class='ocrx_word' id='word_1_178' title='bbox 2412 984 2618 1055; x_wconf 79' lang='lat' dir='ltr'><strong>bestiis</strong></span> <span class='ocrx_word' id='word_1_179' title='bbox 2648 987 2884 1047; x_wconf 88' lang='lat' dir='ltr'><strong>animas</strong></span> <span class='ocrx_word' id='word_1_180' title='bbox 2907 990 3256 1049; x_wconf 88' lang='lat' dir='ltr'><strong>conﬁtentes</strong></span> <span class='ocrx_word' id='word_1_181' title='bbox 3286 991 3410 1062; x_wconf 87' lang='lat' dir='ltr'>tibi,</span> <span class='ocrx_word' id='word_1_182' title='bbox 3442 995 3500 1055; x_wconf 80' lang='lat' dir='ltr'><strong>et</strong></span> <span class='ocrx_word' id='word_1_183' title='bbox 3526 991 3657 1063; x_wconf 66' lang='lat' dir='ltr'><strong>ani-</strong></span> 
     </span>
    </p>
   </div>
   <div class='ocr_carea' id='block_1_27' title="bbox 1998 1080 3655 1147">
    <p class='ocr_par' dir='ltr' id='par_1_27' title="bbox 1998 1080 3655 1147">
     <span class='ocr_line' id='line_1_27' title="bbox 1998 1080 3655 1147; baseline 0.006 -16"><span class='ocrx_word' id='word_1_184' title='bbox 1998 1088 2131 1131; x_wconf 88' lang='lat' dir='ltr'><strong>mas</strong></span> <span class='ocrx_word' id='word_1_185' title='bbox 2174 1089 2512 1147; x_wconf 76' lang='lat' dir='ltr'><strong>pauperum</strong></span> <span class='ocrx_word' id='word_1_186' title='bbox 2552 1082 2792 1136; x_wconf 88' lang='lat' dir='ltr'><strong>tuorum</strong></span> <span class='ocrx_word' id='word_1_187' title='bbox 2821 1095 2898 1139; x_wconf 89' lang='lat' dir='ltr'><strong>ne</strong></span> <span class='ocrx_word' id='word_1_188' title='bbox 2939 1080 3302 1144; x_wconf 79' lang='lat' dir='ltr'><strong>obliviscaris</strong></span> <span class='ocrx_word' id='word_1_189' title='bbox 3348 1082 3411 1145; x_wconf 87' lang='lat' dir='ltr'><strong>in</strong></span> <span class='ocrx_word' id='word_1_190' title='bbox 3450 1083 3655 1147; x_wconf 82' lang='lat' dir='ltr'><strong>tinem.</strong></span> 
     </span>
    </p>
   </div>
   <div class='ocr_carea' id='block_1_28' title="bbox 2000 1161 3665 1245">
    <p class='ocr_par' dir='ltr' id='par_1_28' title="bbox 2000 1161 3665 1245">
     <span class='ocr_line' id='line_1_28' title="bbox 2000 1161 3665 1245; baseline 0.008 -24"><span class='ocrx_word' id='word_1_191' title='bbox 2000 1161 2247 1236; x_wconf 76' lang='lat' dir='ltr'><strong>Respice</strong></span> <span class='ocrx_word' id='word_1_192' title='bbox 2292 1162 2352 1229; x_wconf 83' lang='lat' dir='ltr'><strong>in</strong></span> <span class='ocrx_word' id='word_1_193' title='bbox 2404 1168 2825 1231; x_wconf 70' lang='lat' dir='ltr'><strong>tastameutum</strong></span> <span class='ocrx_word' id='word_1_194' title='bbox 2868 1173 3059 1238; x_wconf 84' lang='lat' dir='ltr'><strong>tuum,</strong></span> <span class='ocrx_word' id='word_1_195' title='bbox 3109 1170 3255 1244; x_wconf 87' lang='lat' dir='ltr'><strong>quia</strong></span> <span class='ocrx_word' id='word_1_196' title='bbox 3286 1172 3493 1245; x_wconf 85' lang='lat' dir='ltr'><strong>repleti</strong></span> <span class='ocrx_word' id='word_1_197' title='bbox 3523 1180 3665 1235; x_wconf 75' lang='lat' dir='ltr'><strong>sunt</strong></span> 
     </span>
    </p>
   </div>
   <div class='ocr_carea' id='block_1_29' title="bbox 1999 1252 3663 1333">
    <p class='ocr_par' dir='ltr' id='par_1_29' title="bbox 1999 1252 3663 1333">
     <span class='ocr_line' id='line_1_29' title="bbox 1999 1252 3663 1333; baseline 0.008 -27"><span class='ocrx_word' id='word_1_198' title='bbox 1999 1253 2170 1309; x_wconf 58' lang='lat' dir='ltr'><strong>terra:</strong></span> <span class='ocrx_word' id='word_1_199' title='bbox 2198 1252 2522 1317; x_wconf 89' lang='lat' dir='ltr'><strong>domorum</strong></span> <span class='ocrx_word' id='word_1_200' title='bbox 2546 1256 2950 1330; x_wconf 86' lang='lat' dir='ltr'><strong>iniquitatum.</strong></span> <span class='ocrx_word' id='word_1_201' title='bbox 2977 1260 3218 1331; x_wconf 83' lang='lat' dir='ltr'><strong>Adjuva</strong></span> <span class='ocrx_word' id='word_1_202' title='bbox 3241 1264 3539 1333; x_wconf 75' lang='lat' dir='ltr'><strong>nos,Deus</strong></span> <span class='ocrx_word' id='word_1_203' title='bbox 3570 1277 3663 1319; x_wconf 87' lang='lat' dir='ltr'><strong>sa-</strong></span> 
     </span>
    </p>
   </div>
   <div class='ocr_carea' id='block_1_30' title="bbox 1999 1341 3666 1419">
    <p class='ocr_par' dir='ltr' id='par_1_30' title="bbox 1999 1341 3666 1419">
     <span class='ocr_line' id='line_1_30' title="bbox 1999 1341 3666 1419; baseline 0.006 -21"><span class='ocrx_word' id='word_1_204' title='bbox 1999 1341 2209 1399; x_wconf 85' lang='lat' dir='ltr'><strong>lutaris</strong></span> <span class='ocrx_word' id='word_1_205' title='bbox 2240 1348 2461 1416; x_wconf 84' lang='lat' dir='ltr'><strong>noster,</strong></span> <span class='ocrx_word' id='word_1_206' title='bbox 2484 1348 2541 1403; x_wconf 90' lang='lat' dir='ltr'><strong>et</strong></span> <span class='ocrx_word' id='word_1_207' title='bbox 2563 1351 2808 1419; x_wconf 86' lang='lat' dir='ltr'><strong>propter</strong></span> <span class='ocrx_word' id='word_1_208' title='bbox 2833 1349 3127 1413; x_wconf 84' lang='lat' dir='ltr'><strong>honorem</strong></span> <span class='ocrx_word' id='word_1_209' title='bbox 3147 1350 3410 1411; x_wconf 87' lang='lat' dir='ltr'><strong>nominis</strong></span> <span class='ocrx_word' id='word_1_210' title='bbox 3435 1349 3666 1419; x_wconf 83' lang='lat' dir='ltr'><strong>tui,Do.</strong></span> 
     </span>
    </p>
   </div>
   <div class='ocr_carea' id='block_1_31' title="bbox 2004 1430 3667 1513">
    <p class='ocr_par' dir='ltr' id='par_1_31' title="bbox 2004 1430 3667 1513">
     <span class='ocr_line' id='line_1_31' title="bbox 2004 1430 3667 1513; baseline 0.003 -22"><span class='ocrx_word' id='word_1_211' title='bbox 2004 1430 2187 1502; x_wconf 88' lang='lat' dir='ltr'><strong>mine,</strong></span> <span class='ocrx_word' id='word_1_212' title='bbox 2216 1432 2407 1492; x_wconf 84' lang='lat' dir='ltr'><strong>libera</strong></span> <span class='ocrx_word' id='word_1_213' title='bbox 2438 1449 2570 1503; x_wconf 89' lang='lat' dir='ltr'><strong>nos,</strong></span> <span class='ocrx_word' id='word_1_214' title='bbox 2603 1440 2662 1495; x_wconf 91' lang='lat' dir='ltr'><strong>et</strong></span> <span class='ocrx_word' id='word_1_215' title='bbox 2684 1438 2978 1510; x_wconf 86' lang='lat' dir='ltr'><strong>propitius</strong></span> <span class='ocrx_word' id='word_1_216' title='bbox 3007 1444 3133 1499; x_wconf 82' lang='lat' dir='ltr'><strong>esto</strong></span> <span class='ocrx_word' id='word_1_217' title='bbox 3159 1439 3420 1513; x_wconf 85' lang='lat' dir='ltr'><strong>peccatis</strong></span> <span class='ocrx_word' id='word_1_218' title='bbox 3443 1438 3667 1501; x_wconf 82' lang='lat' dir='ltr'><strong>nostris</strong></span> 
     </span>
    </p>
   </div>
   <div class='ocr_carea' id='block_1_32' title="bbox 2006 1525 3668 1604">
    <p class='ocr_par' dir='ltr' id='par_1_32' title="bbox 2006 1525 3668 1604">
     <span class='ocr_line' id='line_1_32' title="bbox 2006 1525 3668 1604; baseline 0.009 -29"><span class='ocrx_word' id='word_1_219' title='bbox 2006 1525 2250 1592; x_wconf 86' lang='lat' dir='ltr'><strong>propter</strong></span> <span class='ocrx_word' id='word_1_220' title='bbox 2289 1537 2513 1588; x_wconf 81' lang='lat' dir='ltr'><strong>nomen</strong></span> <span class='ocrx_word' id='word_1_221' title='bbox 2557 1527 2749 1583; x_wconf 89' lang='lat' dir='ltr'><strong>tuum.</strong></span> <span class='ocrx_word' id='word_1_222' title='bbox 2780 1527 3002 1596; x_wconf 83' lang='lat' dir='ltr'><strong>Exeita,</strong></span> <span class='ocrx_word' id='word_1_223' title='bbox 3038 1529 3308 1599; x_wconf 87' lang='lat' dir='ltr'><strong>Domine,</strong></span> <span class='ocrx_word' id='word_1_224' title='bbox 3339 1529 3668 1604; x_wconf 76' lang='lat' dir='ltr'><strong>potentiam</strong></span> 
     </span>
    </p>
   </div>
   <div class='ocr_carea' id='block_1_33' title="bbox 241 1610 3668 1691">
    <p class='ocr_par' dir='ltr' id='par_1_33' title="bbox 241 1610 3668 1691">
     <span class='ocr_line' id='line_1_33' title="bbox 241 1610 3668 1691; baseline 0 -14"><span class='ocrx_word' id='word_1_225' title='bbox 241 1622 387 1679; x_wconf 87' lang='lat' dir='ltr'><strong>tates</strong></span> <span class='ocrx_word' id='word_1_226' title='bbox 416 1631 585 1673; x_wconf 89' lang='lat' dir='ltr'><strong>meas</strong></span> <span class='ocrx_word' id='word_1_227' title='bbox 617 1615 770 1676; x_wconf 89' lang='lat' dir='ltr'><strong>dele.</strong></span> <span class='ocrx_word' id='word_1_228' title='bbox 799 1617 911 1672; x_wconf 90' lang='lat' dir='ltr'><strong>Cor</strong></span> <span class='ocrx_word' id='word_1_229' title='bbox 938 1613 1246 1677; x_wconf 83' lang='lat' dir='ltr'><strong>mundum</strong></span> <span class='ocrx_word' id='word_1_230' title='bbox 1286 1629 1423 1670; x_wconf 89' lang='lat' dir='ltr'><strong>crea</strong></span> <span class='ocrx_word' id='word_1_231' title='bbox 1464 1613 1527 1669; x_wconf 91' lang='lat' dir='ltr'><strong>in</strong></span> <span class='ocrx_word' id='word_1_232' title='bbox 1569 1628 1688 1681; x_wconf 89' lang='lat' dir='ltr'><strong>me,</strong></span> <span class='ocrx_word' id='word_1_233' title='bbox 1720 1613 1895 1678; x_wconf 86' lang='lat' dir='ltr'><strong>Deus,</strong></span> <span class='ocrx_word' id='word_1_234' title='bbox 1932 1627 1972 1691; x_wconf 74' lang='grc' dir='ltr'>Β</span> <span class='ocrx_word' id='word_1_235' title='bbox 2010 1613 2200 1680; x_wconf 78' lang='lat' dir='ltr'><strong>tuam,</strong></span> <span class='ocrx_word' id='word_1_236' title='bbox 2229 1613 2286 1665; x_wconf 91' lang='lat' dir='ltr'><strong>et</strong></span> <span class='ocrx_word' id='word_1_237' title='bbox 2316 1610 2453 1669; x_wconf 86' lang='lat' dir='ltr'><strong>veni</strong></span> <span class='ocrx_word' id='word_1_238' title='bbox 2493 1615 2558 1676; x_wconf 82' lang='lat' dir='ltr'><strong>ut</strong></span> <span class='ocrx_word' id='word_1_239' title='bbox 2586 1612 2788 1689; x_wconf 80' lang='lat' dir='ltr'><strong>salvos</strong></span> <span class='ocrx_word' id='word_1_240' title='bbox 2824 1613 3011 1677; x_wconf 85' lang='lat' dir='ltr'><strong>facias</strong></span> <span class='ocrx_word' id='word_1_241' title='bbox 3048 1632 3179 1673; x_wconf 90' lang='lat' dir='ltr'><strong>nos.</strong></span> <span class='ocrx_word' id='word_1_242' title='bbox 3234 1618 3485 1677; x_wconf 85' lang='lat' dir='ltr'><strong>Domine</strong></span> <span class='ocrx_word' id='word_1_243' title='bbox 3514 1620 3668 1677; x_wconf 86' lang='lat' dir='ltr'><strong>Deus</strong></span> 
     </span>
    </p>
   </div>
   <div class='ocr_carea' id='block_1_34' title="bbox 236 1700 1901 1780">
    <p class='ocr_par' dir='ltr' id='par_1_34' title="bbox 236 1700 1901 1780">
     <span class='ocr_line' id='line_1_34' title="bbox 236 1700 1901 1780; baseline -0.006 -16"><span class='ocrx_word' id='word_1_244' title='bbox 236 1711 295 1771; x_wconf 82' lang='lat' dir='ltr'><strong>et</strong></span> <span class='ocrx_word' id='word_1_245' title='bbox 320 1705 596 1780; x_wconf 83' lang='lat' dir='ltr'><strong>spiritum</strong></span> <span class='ocrx_word' id='word_1_246' title='bbox 639 1708 869 1773; x_wconf 89' lang='lat' dir='ltr'><strong>rectum</strong></span> <span class='ocrx_word' id='word_1_247' title='bbox 912 1702 1137 1767; x_wconf 87' lang='lat' dir='ltr'><strong>innova</strong></span> <span class='ocrx_word' id='word_1_248' title='bbox 1166 1702 1230 1761; x_wconf 90' lang='lat' dir='ltr'><strong>in</strong></span> <span class='ocrx_word' id='word_1_249' title='bbox 1258 1702 1590 1769; x_wconf 85' lang='lat' dir='ltr'><strong>visceribus</strong></span> <span class='ocrx_word' id='word_1_250' title='bbox 1620 1700 1790 1769; x_wconf 85' lang='lat' dir='ltr'><strong>meis.</strong></span> <span class='ocrx_word' id='word_1_251' title='bbox 1820 1703 1901 1767; x_wconf 76' lang='lat' dir='ltr'><strong>Ne</strong></span> 
     </span>
    </p>
   </div>
   <div class='ocr_carea' id='block_1_35' title="bbox 234 1791 1901 1870">
    <p class='ocr_par' dir='ltr' id='par_1_35' title="bbox 234 1791 1901 1870">
     <span class='ocr_line' id='line_1_35' title="bbox 234 1791 1901 1870; baseline -0.005 -15"><span class='ocrx_word' id='word_1_252' title='bbox 234 1794 521 1870; x_wconf 89' lang='lat' dir='ltr'><strong>projicias</strong></span> <span class='ocrx_word' id='word_1_253' title='bbox 574 1809 671 1850; x_wconf 91' lang='lat' dir='ltr'><strong>me</strong></span> <span class='ocrx_word' id='word_1_254' title='bbox 714 1800 756 1852; x_wconf 81' lang='lat' dir='ltr'><strong>a</strong></span> <span class='ocrx_word' id='word_1_255' title='bbox 798 1793 948 1851; x_wconf 86' lang='lat' dir='ltr'><strong>facie</strong></span> <span class='ocrx_word' id='word_1_256' title='bbox 990 1796 1113 1862; x_wconf 88' lang='lat' dir='ltr'><strong>tua,</strong></span> <span class='ocrx_word' id='word_1_257' title='bbox 1170 1796 1227 1851; x_wconf 94' lang='lat' dir='ltr'><strong>et</strong></span> <span class='ocrx_word' id='word_1_258' title='bbox 1284 1791 1565 1865; x_wconf 88' lang='lat' dir='ltr'><strong>Spiritum</strong></span> <span class='ocrx_word' id='word_1_259' title='bbox 1622 1792 1901 1849; x_wconf 86' lang='lat' dir='ltr'><strong>sanctum</strong></span> 
     </span>
    </p>
   </div>
   <div class='ocr_carea' id='block_1_36' title="bbox 237 1879 1897 1953">
    <p class='ocr_par' dir='ltr' id='par_1_36' title="bbox 237 1879 1897 1953">
     <span class='ocr_line' id='line_1_36' title="bbox 237 1879 1897 1953; baseline -0.003 -12"><span class='ocrx_word' id='word_1_260' title='bbox 237 1891 411 1953; x_wconf 82' lang='lat' dir='ltr'><strong>tuum</strong></span> <span class='ocrx_word' id='word_1_261' title='bbox 452 1899 529 1945; x_wconf 89' lang='lat' dir='ltr'><strong>ne</strong></span> <span class='ocrx_word' id='word_1_262' title='bbox 576 1882 812 1943; x_wconf 88' lang='lat' dir='ltr'><strong>auferas</strong></span> <span class='ocrx_word' id='word_1_263' title='bbox 857 1899 895 1944; x_wconf 88' lang='lat' dir='ltr'><strong>a</strong></span> <span class='ocrx_word' id='word_1_264' title='bbox 940 1897 1058 1938; x_wconf 91' lang='lat' dir='ltr'><strong>me.</strong></span> <span class='ocrx_word' id='word_1_265' title='bbox 1107 1880 1308 1938; x_wconf 85' lang='lat' dir='ltr'><strong>Redde</strong></span> <span class='ocrx_word' id='word_1_266' title='bbox 1335 1880 1483 1943; x_wconf 88' lang='lat' dir='ltr'><strong>mihi</strong></span> <span class='ocrx_word' id='word_1_267' title='bbox 1511 1879 1774 1945; x_wconf 77' lang='lat' dir='ltr'><strong>laetitiam</strong></span> <span class='ocrx_word' id='word_1_268' title='bbox 1806 1894 1897 1936; x_wconf 87' lang='lat' dir='ltr'><strong>sa-</strong></span> 
     </span>
    </p>
   </div>
   <div class='ocr_carea' id='block_1_37' title="bbox 235 1968 1897 2046">
    <p class='ocr_par' dir='ltr' id='par_1_37' title="bbox 235 1968 1897 2046">
     <span class='ocr_line' id='line_1_37' title="bbox 235 1968 1897 2046; baseline -0.004 -12"><span class='ocrx_word' id='word_1_269' title='bbox 235 1974 446 2034; x_wconf 87' lang='lat' dir='ltr'><strong>lutaris</strong></span> <span class='ocrx_word' id='word_1_270' title='bbox 471 1976 529 2031; x_wconf 91' lang='lat' dir='ltr'><strong>et</strong></span> <span class='ocrx_word' id='word_1_271' title='bbox 560 1972 780 2046; x_wconf 86' lang='lat' dir='ltr'><strong>Spiritu</strong></span> <span class='ocrx_word' id='word_1_272' title='bbox 807 1971 1125 2045; x_wconf 77' lang='lat' dir='ltr'><strong>principali</strong></span> <span class='ocrx_word' id='word_1_273' title='bbox 1156 1970 1448 2031; x_wconf 84' lang='lat' dir='ltr'><strong>conﬁrma</strong></span> <span class='ocrx_word' id='word_1_274' title='bbox 1473 1985 1590 2037; x_wconf 88' lang='lat' dir='ltr'><strong>me.</strong></span> <span class='ocrx_word' id='word_1_275' title='bbox 1627 1968 1897 2038; x_wconf 86' lang='lat' dir='ltr'><strong>Domine,</strong></span> 
     </span>
    </p>
   </div>
   <div class='ocr_carea' id='block_1_38' title="bbox 235 2057 1901 2134">
    <p class='ocr_par' dir='ltr' id='par_1_38' title="bbox 235 2057 1901 2134">
     <span class='ocr_line' id='line_1_38' title="bbox 235 2057 1901 2134; baseline -0.004 -13"><span class='ocrx_word' id='word_1_276' title='bbox 235 2062 401 2129; x_wconf 85' lang='lat' dir='ltr'><strong>labia</strong></span> <span class='ocrx_word' id='word_1_277' title='bbox 472 2077 613 2123; x_wconf 88' lang='lat' dir='ltr'><strong>mea</strong></span> <span class='ocrx_word' id='word_1_278' title='bbox 679 2060 930 2134; x_wconf 90' lang='lat' dir='ltr'><strong>aperies,</strong></span> <span class='ocrx_word' id='word_1_279' title='bbox 990 2064 1048 2118; x_wconf 90' lang='lat' dir='ltr'><strong>et</strong></span> <span class='ocrx_word' id='word_1_280' title='bbox 1098 2077 1168 2117; x_wconf 91' lang='lat' dir='ltr'><strong>os</strong></span> <span class='ocrx_word' id='word_1_281' title='bbox 1234 2076 1441 2119; x_wconf 88' lang='lat' dir='ltr'><strong>meum</strong></span> <span class='ocrx_word' id='word_1_282' title='bbox 1517 2057 1901 2121; x_wconf 88' lang='lat' dir='ltr'><strong>annuntiabit</strong></span> 
     </span>
    </p>
   </div>
   <div class='ocr_carea' id='block_1_39' title="bbox 235 2147 1898 2217">
    <p class='ocr_par' dir='ltr' id='par_1_39' title="bbox 235 2147 1898 2217">
     <span class='ocr_line' id='line_1_39' title="bbox 235 2147 1898 2217; baseline -0.005 -4"><span class='ocrx_word' id='word_1_283' title='bbox 235 2152 481 2217; x_wconf 89' lang='lat' dir='ltr'><strong>laudem</strong></span> <span class='ocrx_word' id='word_1_284' title='bbox 524 2155 712 2211; x_wconf 89' lang='lat' dir='ltr'><strong>tuam.</strong></span> <span class='ocrx_word' id='word_1_285' title='bbox 754 2153 930 2212; x_wconf 91' lang='lat' dir='ltr'><strong>Deus,</strong></span> <span class='ocrx_word' id='word_1_286' title='bbox 972 2149 1035 2205; x_wconf 91' lang='lat' dir='ltr'><strong>in</strong></span> <span class='ocrx_word' id='word_1_287' title='bbox 1075 2149 1320 2206; x_wconf 90' lang='lat' dir='ltr'><strong>nomine</strong></span> <span class='ocrx_word' id='word_1_288' title='bbox 1371 2153 1470 2205; x_wconf 92' lang='lat' dir='ltr'><strong>tuo</strong></span> <span class='ocrx_word' id='word_1_289' title='bbox 1518 2147 1753 2209; x_wconf 87' lang='lat' dir='ltr'><strong>salvum</strong></span> <span class='ocrx_word' id='word_1_290' title='bbox 1802 2164 1898 2209; x_wconf 89' lang='lat' dir='ltr'><strong>me</strong></span> 
     </span>
    </p>
   </div>
   <div class='ocr_carea' id='block_1_40' title="bbox 236 2238 1901 2313">
    <p class='ocr_par' dir='ltr' id='par_1_40' title="bbox 236 2238 1901 2313">
     <span class='ocr_line' id='line_1_40' title="bbox 236 2238 1901 2313; baseline -0.004 -10"><span class='ocrx_word' id='word_1_291' title='bbox 236 2243 353 2313; x_wconf 74' lang='lat' dir='ltr'><strong>fac,</strong></span> <span class='ocrx_word' id='word_1_292' title='bbox 394 2246 453 2300; x_wconf 91' lang='lat' dir='ltr'><strong>et</strong></span> <span class='ocrx_word' id='word_1_293' title='bbox 476 2241 537 2300; x_wconf 90' lang='lat' dir='ltr'><strong>in</strong></span> <span class='ocrx_word' id='word_1_294' title='bbox 565 2240 779 2300; x_wconf 88' lang='lat' dir='ltr'><strong>virtute</strong></span> <span class='ocrx_word' id='word_1_295' title='bbox 806 2244 909 2296; x_wconf 90' lang='lat' dir='ltr'><strong>tua</strong></span> <span class='ocrx_word' id='word_1_296' title='bbox 939 2238 1129 2301; x_wconf 86' lang='lat' dir='ltr'><strong>libera</strong></span> <span class='ocrx_word' id='word_1_297' title='bbox 1164 2255 1282 2296; x_wconf 90' lang='lat' dir='ltr'><strong>me.</strong></span> <span class='ocrx_word' id='word_1_298' title='bbox 1317 2242 1493 2310; x_wconf 88' lang='lat' dir='ltr'><strong>Deus,</strong></span> <span class='ocrx_word' id='word_1_299' title='bbox 1521 2238 1739 2301; x_wconf 81' lang='lat' dir='ltr'><strong>exaudi</strong></span> <span class='ocrx_word' id='word_1_300' title='bbox 1770 2253 1901 2301; x_wconf 86' lang='lat' dir='ltr'><strong>ora-</strong></span> 
     </span>
    </p>
   </div>
   <div class='ocr_carea' id='block_1_41' title="bbox 238 2326 1896 2402">
    <p class='ocr_par' dir='ltr' id='par_1_41' title="bbox 238 2326 1896 2402">
     <span class='ocr_line' id='line_1_41' title="bbox 238 2326 1896 2402; baseline -0.004 -14"><span class='ocrx_word' id='word_1_301' title='bbox 238 2332 484 2388; x_wconf 90' lang='lat' dir='ltr'><strong>tionem.</strong></span> <span class='ocrx_word' id='word_1_302' title='bbox 526 2328 786 2385; x_wconf 84' lang='lat' dir='ltr'><strong>Auribus</strong></span> <span class='ocrx_word' id='word_1_303' title='bbox 822 2328 1061 2402; x_wconf 88' lang='lat' dir='ltr'><strong>percipe</strong></span> <span class='ocrx_word' id='word_1_304' title='bbox 1094 2327 1283 2384; x_wconf 87' lang='lat' dir='ltr'><strong>verba</strong></span> <span class='ocrx_word' id='word_1_305' title='bbox 1325 2327 1443 2383; x_wconf 89' lang='lat' dir='ltr'><strong>oris</strong></span> <span class='ocrx_word' id='word_1_306' title='bbox 1473 2326 1611 2385; x_wconf 90' lang='lat' dir='ltr'><strong>mei.</strong></span> <span class='ocrx_word' id='word_1_307' title='bbox 1646 2326 1896 2398; x_wconf 79' lang='lat' dir='ltr'><strong>Exaudi,</strong></span> 
     </span>
    </p>
   </div>
   <div class='ocr_carea' id='block_1_42' title="bbox 235 2416 1902 2490">
    <p class='ocr_par' dir='ltr' id='par_1_42' title="bbox 235 2416 1902 2490">
     <span class='ocr_line' id='line_1_42' title="bbox 235 2416 1902 2490; baseline -0.003 -13"><span class='ocrx_word' id='word_1_308' title='bbox 235 2420 414 2490; x_wconf 88' lang='lat' dir='ltr'><strong>Deus,</strong></span> <span class='ocrx_word' id='word_1_309' title='bbox 455 2418 786 2481; x_wconf 77' lang='lat' dir='ltr'><strong>orationem</strong></span> <span class='ocrx_word' id='word_1_310' title='bbox 816 2434 1038 2487; x_wconf 86' lang='lat' dir='ltr'><strong>meam,</strong></span> <span class='ocrx_word' id='word_1_311' title='bbox 1071 2421 1128 2483; x_wconf 82' lang='lat' dir='ltr'><strong>et</strong></span> <span class='ocrx_word' id='word_1_312' title='bbox 1155 2432 1231 2477; x_wconf 87' lang='lat' dir='ltr'><strong>ne</strong></span> <span class='ocrx_word' id='word_1_313' title='bbox 1255 2416 1595 2489; x_wconf 86' lang='lat' dir='ltr'><strong>despexeris</strong></span> <span class='ocrx_word' id='word_1_314' title='bbox 1620 2416 1902 2489; x_wconf 79' lang='lat' dir='ltr'><strong>depreca-</strong></span> 
     </span>
    </p>
   </div>
   <div class='ocr_carea' id='block_1_43' title="bbox 236 2506 1898 2573">
    <p class='ocr_par' dir='ltr' id='par_1_43' title="bbox 236 2506 1898 2573">
     <span class='ocr_line' id='line_1_43' title="bbox 236 2506 1898 2573; baseline -0.002 -6"><span class='ocrx_word' id='word_1_315' title='bbox 236 2511 463 2571; x_wconf 81' lang='lat' dir='ltr'><strong>tionem</strong></span> <span class='ocrx_word' id='word_1_316' title='bbox 506 2523 729 2571; x_wconf 84' lang='lat' dir='ltr'><strong>meam.</strong></span> <span class='ocrx_word' id='word_1_317' title='bbox 777 2508 1021 2569; x_wconf 86' lang='lat' dir='ltr'><strong>Intende</strong></span> <span class='ocrx_word' id='word_1_318' title='bbox 1066 2506 1129 2569; x_wconf 89' lang='lat' dir='ltr'><strong>in</strong></span> <span class='ocrx_word' id='word_1_319' title='bbox 1157 2522 1279 2573; x_wconf 83' lang='lat' dir='ltr'><strong>me,</strong></span> <span class='ocrx_word' id='word_1_320' title='bbox 1322 2509 1379 2567; x_wconf 85' lang='lat' dir='ltr'><strong>et</strong></span> <span class='ocrx_word' id='word_1_321' title='bbox 1421 2506 1641 2565; x_wconf 81' lang='lat' dir='ltr'><strong>exaudi</strong></span> <span class='ocrx_word' id='word_1_322' title='bbox 1668 2522 1785 2565; x_wconf 91' lang='lat' dir='ltr'><strong>me.</strong></span> <span class='ocrx_word' id='word_1_323' title='bbox 1833 2511 1898 2573; x_wconf 83' lang='lat' dir='ltr'><strong>in</strong></span> 
     </span>
    </p>
   </div>
   <div class='ocr_carea' id='block_1_44' title="bbox 239 2595 1902 2666">
    <p class='ocr_par' dir='ltr' id='par_1_44' title="bbox 239 2595 1902 2666">
     <span class='ocr_line' id='line_1_44' title="bbox 239 2595 1902 2666; baseline 0.002 -10"><span class='ocrx_word' id='word_1_324' title='bbox 239 2602 360 2656; x_wconf 93' lang='lat' dir='ltr'><strong>Deo</strong></span> <span class='ocrx_word' id='word_1_325' title='bbox 387 2597 656 2655; x_wconf 89' lang='lat' dir='ltr'><strong>laudabo</strong></span> <span class='ocrx_word' id='word_1_326' title='bbox 694 2596 971 2666; x_wconf 83' lang='lat' dir='ltr'><strong>verbum,</strong></span> <span class='ocrx_word' id='word_1_327' title='bbox 1004 2600 1059 2653; x_wconf 91' lang='lat' dir='ltr'>et</span> <span class='ocrx_word' id='word_1_328' title='bbox 1090 2596 1154 2652; x_wconf 92' lang='lat' dir='ltr'><strong>in</strong></span> <span class='ocrx_word' id='word_1_329' title='bbox 1195 2596 1447 2663; x_wconf 82' lang='lat' dir='ltr'><strong>Domino</strong></span> <span class='ocrx_word' id='word_1_330' title='bbox 1484 2595 1748 2661; x_wconf 83' lang='lat' dir='ltr'><strong>laudabo</strong></span> <span class='ocrx_word' id='word_1_331' title='bbox 1781 2611 1902 2661; x_wconf 79' lang='lat' dir='ltr'><strong>ser-</strong></span> 
     </span>
    </p>
   </div>
   <div class='ocr_carea' id='block_1_45' title="bbox 238 2683 1901 2759">
    <p class='ocr_par' dir='ltr' id='par_1_45' title="bbox 238 2683 1901 2759">
     <span class='ocr_line' id='line_1_45' title="bbox 238 2683 1901 2759; baseline -0.002 -12"><span class='ocrx_word' id='word_1_332' title='bbox 238 2702 483 2753; x_wconf 86' lang='lat' dir='ltr'><strong>monem</strong></span> <span class='ocrx_word' id='word_1_333' title='bbox 511 2704 525 2743; x_wconf 88' lang='lat'>:</span> <span class='ocrx_word' id='word_1_334' title='bbox 551 2686 617 2747; x_wconf 86' lang='lat' dir='ltr'><strong>in</strong></span> <span class='ocrx_word' id='word_1_335' title='bbox 646 2689 767 2757; x_wconf 81' lang='lat' dir='ltr'><strong>Deo</strong></span> <span class='ocrx_word' id='word_1_336' title='bbox 810 2685 1089 2759; x_wconf 83' lang='lat' dir='ltr'><strong>sperabo,</strong></span> <span class='ocrx_word' id='word_1_337' title='bbox 1129 2701 1253 2747; x_wconf 84' lang='lat' dir='ltr'><strong>non</strong></span> <span class='ocrx_word' id='word_1_338' title='bbox 1284 2684 1507 2751; x_wconf 84' lang='lat' dir='ltr'><strong>timebo</strong></span> <span class='ocrx_word' id='word_1_339' title='bbox 1543 2683 1694 2758; x_wconf 79' lang='lat' dir='ltr'><strong>quid</strong></span> <span class='ocrx_word' id='word_1_340' title='bbox 1721 2685 1901 2751; x_wconf 78' lang='lat' dir='ltr'><strong>faciat</strong></span> 
     </span>
    </p>
   </div>
   <div class='ocr_carea' id='block_1_46' title="bbox 237 2773 1895 2851">
    <p class='ocr_par' dir='ltr' id='par_1_46' title="bbox 237 2773 1895 2851">
     <span class='ocr_line' id='line_1_46' title="bbox 237 2773 1895 2851; baseline 0.003 -17"><span class='ocrx_word' id='word_1_341' title='bbox 237 2776 388 2841; x_wconf 86' lang='lat' dir='ltr'><strong>mihi</strong></span> <span class='ocrx_word' id='word_1_342' title='bbox 414 2775 617 2841; x_wconf 84' lang='lat' dir='ltr'><strong>homo.</strong></span> <span class='ocrx_word' id='word_1_343' title='bbox 652 2779 716 2833; x_wconf 93' lang='lat' dir='ltr'><strong>ln</strong></span> <span class='ocrx_word' id='word_1_344' title='bbox 744 2790 842 2833; x_wconf 90' lang='lat' dir='ltr'><strong>me</strong></span> <span class='ocrx_word' id='word_1_345' title='bbox 872 2778 1031 2845; x_wconf 84' lang='lat' dir='ltr'><strong>sunt,</strong></span> <span class='ocrx_word' id='word_1_346' title='bbox 1072 2776 1252 2845; x_wconf 83' lang='lat' dir='ltr'><strong>Deus,</strong></span> <span class='ocrx_word' id='word_1_347' title='bbox 1283 2778 1424 2837; x_wconf 84' lang='lat' dir='ltr'><strong>vota</strong></span> <span class='ocrx_word' id='word_1_348' title='bbox 1452 2790 1585 2847; x_wconf 73' lang='lat' dir='ltr'><strong>quae</strong></span> <span class='ocrx_word' id='word_1_349' title='bbox 1613 2773 1895 2851; x_wconf 76' lang='lat' dir='ltr'><strong>reddam,</strong></span> 
     </span>
    </p>
   </div>
   <div class='ocr_carea' id='block_1_47' title="bbox 236 2862 1896 2937">
    <p class='ocr_par' dir='ltr' id='par_1_47' title="bbox 236 2862 1896 2937">
     <span class='ocr_line' id='line_1_47' title="bbox 236 2862 1896 2937; baseline -0.002 -13"><span class='ocrx_word' id='word_1_350' title='bbox 236 2864 618 2933; x_wconf 74' lang='lat' dir='ltr'><strong>laudationes</strong></span> <span class='ocrx_word' id='word_1_351' title='bbox 644 2863 770 2937; x_wconf 75' lang='lat' dir='ltr'><strong>tibi,</strong></span> <span class='ocrx_word' id='word_1_352' title='bbox 793 2863 1086 2937; x_wconf 81' lang='lat' dir='ltr'><strong>quoniam</strong></span> <span class='ocrx_word' id='word_1_353' title='bbox 1112 2862 1379 2936; x_wconf 80' lang='lat' dir='ltr'><strong>eripuisti</strong></span> <span class='ocrx_word' id='word_1_354' title='bbox 1405 2862 1674 2927; x_wconf 76' lang='lat' dir='ltr'><strong>annnam</strong></span> <span class='ocrx_word' id='word_1_355' title='bbox 1693 2878 1896 2928; x_wconf 82' lang='lat' dir='ltr'><strong>meam</strong></span> 
     </span>
    </p>
   </div>
   <div class='ocr_carea' id='block_1_48' title="bbox 2012 1698 3672 1778">
    <p class='ocr_par' dir='ltr' id='par_1_48' title="bbox 2012 1698 3672 1778">
     <span class='ocr_line' id='line_1_48' title="bbox 2012 1698 3672 1778; baseline 0.005 -23"><span class='ocrx_word' id='word_1_356' title='bbox 2012 1698 2322 1771; x_wconf 76' lang='lat' dir='ltr'><strong>virtutum,</strong></span> <span class='ocrx_word' id='word_1_357' title='bbox 2349 1705 2627 1761; x_wconf 82' lang='lat' dir='ltr'><strong>converte</strong></span> <span class='ocrx_word' id='word_1_358' title='bbox 2651 1719 2782 1767; x_wconf 85' lang='lat' dir='ltr'><strong>nes.</strong></span> <span class='ocrx_word' id='word_1_359' title='bbox 2816 1707 2874 1766; x_wconf 78' lang='lat' dir='ltr'><strong>et</strong></span> <span class='ocrx_word' id='word_1_360' title='bbox 2902 1705 3149 1768; x_wconf 78' lang='lat' dir='ltr'><strong>ostende</strong></span> <span class='ocrx_word' id='word_1_361' title='bbox 3177 1705 3395 1769; x_wconf 81' lang='lat' dir='ltr'><strong>faciem</strong></span> <span class='ocrx_word' id='word_1_362' title='bbox 3418 1708 3672 1778; x_wconf 87' lang='lat' dir='ltr'><strong>tuam,et</strong></span> 
     </span>
    </p>
   </div>
   <div class='ocr_carea' id='block_1_49' title="bbox 2012 1788 3667 1874">
    <p class='ocr_par' dir='ltr' id='par_1_49' title="bbox 2012 1788 3667 1874">
     <span class='ocr_line' id='line_1_49' title="bbox 2012 1788 3667 1874; baseline 0.004 -25"><span class='ocrx_word' id='word_1_363' title='bbox 2012 1788 2163 1851; x_wconf 82' lang='lat' dir='ltr'><strong>salvi</strong></span> <span class='ocrx_word' id='word_1_364' title='bbox 2193 1792 2435 1853; x_wconf 82' lang='lat' dir='ltr'><strong>erimus.</strong></span> <span class='ocrx_word' id='word_1_365' title='bbox 2470 1796 2758 1874; x_wconf 72' lang='lat' dir='ltr'><strong>Converte</strong></span> <span class='ocrx_word' id='word_1_366' title='bbox 2800 1812 2935 1866; x_wconf 90' lang='lat' dir='ltr'><strong>nos,</strong></span> <span class='ocrx_word' id='word_1_367' title='bbox 2964 1799 3118 1854; x_wconf 90' lang='lat' dir='ltr'><strong>Deus</strong></span> <span class='ocrx_word' id='word_1_368' title='bbox 3143 1798 3420 1855; x_wconf 86' lang='lat' dir='ltr'><strong>salutaris</strong></span> <span class='ocrx_word' id='word_1_369' title='bbox 3444 1802 3667 1869; x_wconf 89' lang='lat' dir='ltr'><strong>noster,</strong></span> 
     </span>
    </p>
   </div>
   <div class='ocr_carea' id='block_1_50' title="bbox 2009 1881 3669 1945">
    <p class='ocr_par' dir='ltr' id='par_1_50' title="bbox 2009 1881 3669 1945">
     <span class='ocr_line' id='line_1_50' title="bbox 2009 1881 3669 1945; baseline 0.005 -10"><span class='ocrx_word' id='word_1_370' title='bbox 2009 1884 2067 1939; x_wconf 85' lang='lat' dir='ltr'><strong>et</strong></span> <span class='ocrx_word' id='word_1_371' title='bbox 2096 1884 2295 1941; x_wconf 84' lang='lat' dir='ltr'><strong>averte</strong></span> <span class='ocrx_word' id='word_1_372' title='bbox 2314 1881 2466 1939; x_wconf 90' lang='lat' dir='ltr'><strong>iram</strong></span> <span class='ocrx_word' id='word_1_373' title='bbox 2499 1886 2667 1945; x_wconf 89' lang='lat' dir='ltr'><strong>tuam</strong></span> <span class='ocrx_word' id='word_1_374' title='bbox 2699 1901 2736 1942; x_wconf 87' lang='lat' dir='ltr'><strong>a</strong></span> <span class='ocrx_word' id='word_1_375' title='bbox 2772 1884 2948 1944; x_wconf 89' lang='lat' dir='ltr'><strong>nobis</strong></span> <span class='ocrx_word' id='word_1_376' title='bbox 2977 1903 2991 1942; x_wconf 86' lang='lat'><strong>:</strong></span> <span class='ocrx_word' id='word_1_377' title='bbox 3027 1890 3093 1943; x_wconf 87' lang='lat' dir='ltr'><strong>ut</strong></span> <span class='ocrx_word' id='word_1_378' title='bbox 3120 1887 3335 1945; x_wconf 91' lang='lat' dir='ltr'><strong>nonin</strong></span> <span class='ocrx_word' id='word_1_379' title='bbox 3382 1890 3669 1943; x_wconf 82' lang='lat' dir='ltr'><strong>aeternum</strong></span> 
     </span>
    </p>
   </div>
   <div class='ocr_carea' id='block_1_51' title="bbox 2008 1968 3668 2049">
    <p class='ocr_par' dir='ltr' id='par_1_51' title="bbox 2008 1968 3668 2049">
     <span class='ocr_line' id='line_1_51' title="bbox 2008 1968 3668 2049; baseline 0.004 -22"><span class='ocrx_word' id='word_1_380' title='bbox 2008 1968 2286 2031; x_wconf 84' lang='lat' dir='ltr'><strong>irascaris</strong></span> <span class='ocrx_word' id='word_1_381' title='bbox 2315 1971 2513 2040; x_wconf 90' lang='lat' dir='ltr'><strong>nobis,</strong></span> <span class='ocrx_word' id='word_1_382' title='bbox 2545 1988 2743 2046; x_wconf 89' lang='lat' dir='ltr'><strong>neque</strong></span> <span class='ocrx_word' id='word_1_383' title='bbox 2779 1974 3064 2035; x_wconf 81' lang='lat' dir='ltr'><strong>extendas</strong></span> <span class='ocrx_word' id='word_1_384' title='bbox 3094 1975 3247 2033; x_wconf 87' lang='lat' dir='ltr'><strong>iram</strong></span> <span class='ocrx_word' id='word_1_385' title='bbox 3274 1979 3440 2035; x_wconf 88' lang='lat' dir='ltr'><strong>tuam</strong></span> <span class='ocrx_word' id='word_1_386' title='bbox 3471 1991 3509 2032; x_wconf 90' lang='lat' dir='ltr'><strong>a</strong></span> <span class='ocrx_word' id='word_1_387' title='bbox 3535 1991 3668 2049; x_wconf 90' lang='lat' dir='ltr'><strong>pro-</strong></span> 
     </span>
    </p>
   </div>
   <div class='ocr_carea' id='block_1_52' title="bbox 2009 2060 3670 2136">
    <p class='ocr_par' dir='ltr' id='par_1_52' title="bbox 2009 2060 3670 2136">
     <span class='ocr_line' id='line_1_52' title="bbox 2009 2060 3670 2136; baseline 0.003 -21"><span class='ocrx_word' id='word_1_388' title='bbox 2009 2060 2182 2130; x_wconf 86' lang='lat' dir='ltr'><strong>genie</strong></span> <span class='ocrx_word' id='word_1_389' title='bbox 2209 2061 2271 2121; x_wconf 84' lang='lat' dir='ltr'><strong>in</strong></span> <span class='ocrx_word' id='word_1_390' title='bbox 2299 2062 2639 2133; x_wconf 83' lang='lat' dir='ltr'><strong>progenies.</strong></span> <span class='ocrx_word' id='word_1_391' title='bbox 2669 2066 2845 2136; x_wconf 91' lang='lat' dir='ltr'><strong>Deus,</strong></span> <span class='ocrx_word' id='word_1_392' title='bbox 2874 2068 2937 2121; x_wconf 89' lang='lat' dir='ltr'><strong>tu</strong></span> <span class='ocrx_word' id='word_1_393' title='bbox 2957 2069 3312 2122; x_wconf 87' lang='lat' dir='ltr'><strong>convertens</strong></span> <span class='ocrx_word' id='word_1_394' title='bbox 3338 2064 3670 2122; x_wconf 83' lang='lat' dir='ltr'><strong>viviﬁcabis</strong></span> 
     </span>
    </p>
   </div>
   <div class='ocr_carea' id='block_1_53' title="bbox 2008 2150 3664 2226">
    <p class='ocr_par' dir='ltr' id='par_1_53' title="bbox 2008 2150 3664 2226">
     <span class='ocr_line' id='line_1_53' title="bbox 2008 2150 3664 2226; baseline -0.001 -15"><span class='ocrx_word' id='word_1_395' title='bbox 2008 2166 2141 2221; x_wconf 86' lang='lat' dir='ltr'><strong>nos,</strong></span> <span class='ocrx_word' id='word_1_396' title='bbox 2174 2154 2232 2209; x_wconf 87' lang='lat' dir='ltr'><strong>et</strong></span> <span class='ocrx_word' id='word_1_397' title='bbox 2271 2150 2441 2223; x_wconf 88' lang='lat' dir='ltr'><strong>plebs</strong></span> <span class='ocrx_word' id='word_1_398' title='bbox 2487 2156 2590 2211; x_wconf 86' lang='lat' dir='ltr'><strong>tua</strong></span> <span class='ocrx_word' id='word_1_399' title='bbox 2630 2152 2929 2213; x_wconf 73' lang='lat' dir='ltr'><strong>laetabitur</strong></span> <span class='ocrx_word' id='word_1_400' title='bbox 2956 2153 3018 2211; x_wconf 89' lang='lat' dir='ltr'><strong>in</strong></span> <span class='ocrx_word' id='word_1_401' title='bbox 3063 2158 3137 2212; x_wconf 89' lang='lat' dir='ltr'><strong>te.</strong></span> <span class='ocrx_word' id='word_1_402' title='bbox 3176 2154 3435 2212; x_wconf 85' lang='lat' dir='ltr'><strong>Ostende</strong></span> <span class='ocrx_word' id='word_1_403' title='bbox 3463 2154 3664 2226; x_wconf 87' lang='lat' dir='ltr'><strong>nobis,</strong></span> 
     </span>
    </p>
   </div>
   <div class='ocr_carea' id='block_1_54' title="bbox 2008 2239 3669 2315">
    <p class='ocr_par' dir='ltr' id='par_1_54' title="bbox 2008 2239 3669 2315">
     <span class='ocr_line' id='line_1_54' title="bbox 2008 2239 3669 2315; baseline 0.001 -16"><span class='ocrx_word' id='word_1_404' title='bbox 2008 2240 2259 2305; x_wconf 84' lang='lat' dir='ltr'><strong>Domine</strong></span> <span class='ocrx_word' id='word_1_405' title='bbox 2290 2239 2765 2303; x_wconf 86' lang='lat' dir='ltr'><strong>misericordiam</strong></span> <span class='ocrx_word' id='word_1_406' title='bbox 2792 2248 2980 2315; x_wconf 89' lang='lat' dir='ltr'><strong>tuam,</strong></span> <span class='ocrx_word' id='word_1_407' title='bbox 3010 2246 3066 2299; x_wconf 86' lang='lat' dir='ltr'><strong>et</strong></span> <span class='ocrx_word' id='word_1_408' title='bbox 3097 2241 3356 2301; x_wconf 77' lang='lat' dir='ltr'><strong>salutem</strong></span> <span class='ocrx_word' id='word_1_409' title='bbox 3384 2247 3560 2300; x_wconf 87' lang='lat' dir='ltr'><strong>tuum</strong></span> <span class='ocrx_word' id='word_1_410' title='bbox 3587 2243 3669 2301; x_wconf 90' lang='lat' dir='ltr'><strong>da</strong></span> 
     </span>
    </p>
   </div>
   <div class='ocr_carea' id='block_1_55' title="bbox 2007 2329 3669 2403">
    <p class='ocr_par' dir='ltr' id='par_1_55' title="bbox 2007 2329 3669 2403">
     <span class='ocr_line' id='line_1_55' title="bbox 2007 2329 3669 2403; baseline 0 -12"><span class='ocrx_word' id='word_1_411' title='bbox 2007 2329 2204 2393; x_wconf 80' lang='lat' dir='ltr'><strong>nobis.</strong></span> <span class='ocrx_word' id='word_1_412' title='bbox 2258 2330 2503 2399; x_wconf 87' lang='lat' dir='ltr'><strong>inclina,</strong></span> <span class='ocrx_word' id='word_1_413' title='bbox 2551 2332 2821 2403; x_wconf 87' lang='lat' dir='ltr'><strong>Domine,</strong></span> <span class='ocrx_word' id='word_1_414' title='bbox 2868 2350 3078 2391; x_wconf 88' lang='lat' dir='ltr'><strong>aurem</strong></span> <span class='ocrx_word' id='word_1_415' title='bbox 3116 2338 3285 2391; x_wconf 89' lang='lat' dir='ltr'><strong>tuam</strong></span> <span class='ocrx_word' id='word_1_416' title='bbox 3340 2334 3420 2391; x_wconf 87' lang='lat' dir='ltr'><strong>ad</strong></span> <span class='ocrx_word' id='word_1_417' title='bbox 3464 2350 3563 2391; x_wconf 90' lang='lat' dir='ltr'>me</span> <span class='ocrx_word' id='word_1_418' title='bbox 3610 2337 3669 2391; x_wconf 92' lang='lat' dir='ltr'><strong>et</strong></span> 
     </span>
    </p>
   </div>
   <div class='ocr_carea' id='block_1_56' title="bbox 2008 2421 3662 2497">
    <p class='ocr_par' dir='ltr' id='par_1_56' title="bbox 2008 2421 3662 2497">
     <span class='ocr_line' id='line_1_56' title="bbox 2008 2421 3662 2497; baseline 0 -16"><span class='ocrx_word' id='word_1_419' title='bbox 2008 2421 2223 2481; x_wconf 87' lang='lat' dir='ltr'><strong>exaudi</strong></span> <span class='ocrx_word' id='word_1_420' title='bbox 2259 2436 2376 2490; x_wconf 88' lang='lat' dir='ltr'><strong>me,</strong></span> <span class='ocrx_word' id='word_1_421' title='bbox 2409 2421 2703 2495; x_wconf 86' lang='lat' dir='ltr'><strong>quoniam</strong></span> <span class='ocrx_word' id='word_1_422' title='bbox 2735 2437 2961 2493; x_wconf 89' lang='lat' dir='ltr'><strong>egenus</strong></span> <span class='ocrx_word' id='word_1_423' title='bbox 2990 2428 3049 2480; x_wconf 86' lang='lat' dir='ltr'><strong>et</strong></span> <span class='ocrx_word' id='word_1_424' title='bbox 3075 2440 3307 2497; x_wconf 87' lang='lat' dir='ltr'><strong>pauper</strong></span> <span class='ocrx_word' id='word_1_425' title='bbox 3348 2441 3484 2480; x_wconf 88' lang='lat' dir='ltr'><strong>sum</strong></span> <span class='ocrx_word' id='word_1_426' title='bbox 3529 2439 3662 2497; x_wconf 83' lang='lat' dir='ltr'><strong>ego.</strong></span> 
     </span>
    </p>
   </div>
   <div class='ocr_carea' id='block_1_57' title="bbox 2008 2509 3663 2585">
    <p class='ocr_par' dir='ltr' id='par_1_57' title="bbox 2008 2509 3663 2585">
     <span class='ocr_line' id='line_1_57' title="bbox 2008 2509 3663 2585; baseline 0.005 -20"><span class='ocrx_word' id='word_1_427' title='bbox 2008 2509 2255 2573; x_wconf 85' lang='lat' dir='ltr'><strong>Custodi</strong></span> <span class='ocrx_word' id='word_1_428' title='bbox 2299 2510 2569 2573; x_wconf 86' lang='lat' dir='ltr'><strong>animam</strong></span> <span class='ocrx_word' id='word_1_429' title='bbox 2615 2527 2818 2571; x_wconf 86' lang='lat' dir='ltr'><strong>meam</strong></span> <span class='ocrx_word' id='word_1_430' title='bbox 2863 2511 3157 2585; x_wconf 85' lang='lat' dir='ltr'><strong>quoniam</strong></span> <span class='ocrx_word' id='word_1_431' title='bbox 3211 2518 3456 2571; x_wconf 83' lang='lat' dir='ltr'><strong>sanctus</strong></span> <span class='ocrx_word' id='word_1_432' title='bbox 3503 2530 3663 2574; x_wconf 84' lang='lat' dir='ltr'><strong>sum.</strong></span> 
     </span>
    </p>
   </div>
   <div class='ocr_carea' id='block_1_58' title="bbox 2010 2599 3666 2678">
    <p class='ocr_par' dir='ltr' id='par_1_58' title="bbox 2010 2599 3666 2678">
     <span class='ocr_line' id='line_1_58' title="bbox 2010 2599 3666 2678; baseline 0 -17"><span class='ocrx_word' id='word_1_433' title='bbox 2010 2599 2259 2661; x_wconf 84' lang='lat' dir='ltr'><strong>Salvum</strong></span> <span class='ocrx_word' id='word_1_434' title='bbox 2286 2599 2381 2659; x_wconf 89' lang='lat' dir='ltr'><strong>fac</strong></span> <span class='ocrx_word' id='word_1_435' title='bbox 2416 2616 2654 2660; x_wconf 87' lang='lat' dir='ltr'><strong>servum</strong></span> <span class='ocrx_word' id='word_1_436' title='bbox 2682 2605 2876 2671; x_wconf 90' lang='lat' dir='ltr'><strong>tuum,</strong></span> <span class='ocrx_word' id='word_1_437' title='bbox 2910 2605 3064 2659; x_wconf 88' lang='lat' dir='ltr'><strong>Deus</strong></span> <span class='ocrx_word' id='word_1_438' title='bbox 3104 2618 3295 2673; x_wconf 84' lang='lat' dir='ltr'><strong>meus,</strong></span> <span class='ocrx_word' id='word_1_439' title='bbox 3322 2607 3666 2678; x_wconf 76' lang='lat' dir='ltr'><strong>sperantem</strong></span> 
     </span>
    </p>
   </div>
   <div class='ocr_carea' id='block_1_59' title="bbox 2006 2689 3666 2766">
    <p class='ocr_par' dir='ltr' id='par_1_59' title="bbox 2006 2689 3666 2766">
     <span class='ocr_line' id='line_1_59' title="bbox 2006 2689 3666 2766; baseline 0.001 -17"><span class='ocrx_word' id='word_1_440' title='bbox 2006 2689 2070 2749; x_wconf 91' lang='lat' dir='ltr'><strong>in</strong></span> <span class='ocrx_word' id='word_1_441' title='bbox 2099 2692 2178 2751; x_wconf 86' lang='lat' dir='ltr'><strong>te.</strong></span> <span class='ocrx_word' id='word_1_442' title='bbox 2208 2689 2485 2755; x_wconf 79' lang='lat' dir='ltr'><strong>Miserere</strong></span> <span class='ocrx_word' id='word_1_443' title='bbox 2511 2689 2684 2762; x_wconf 91' lang='lat' dir='ltr'><strong>mihi,</strong></span> <span class='ocrx_word' id='word_1_444' title='bbox 2724 2691 2998 2764; x_wconf 85' lang='lat' dir='ltr'><strong>Domine,</strong></span> <span class='ocrx_word' id='word_1_445' title='bbox 3027 2692 3322 2766; x_wconf 85' lang='lat' dir='ltr'><strong>quoniam</strong></span> <span class='ocrx_word' id='word_1_446' title='bbox 3351 2693 3432 2751; x_wconf 88' lang='lat' dir='ltr'><strong>ad</strong></span> <span class='ocrx_word' id='word_1_447' title='bbox 3459 2698 3518 2750; x_wconf 90' lang='lat' dir='ltr'><strong>te</strong></span> <span class='ocrx_word' id='word_1_448' title='bbox 3548 2692 3666 2750; x_wconf 85' lang='lat' dir='ltr'><strong>cla-</strong></span> 
     </span>
    </p>
   </div>
   <div class='ocr_carea' id='block_1_60' title="bbox 2006 2778 3665 2857">
    <p class='ocr_par' dir='ltr' id='par_1_60' title="bbox 2006 2778 3665 2857">
     <span class='ocr_line' id='line_1_60' title="bbox 2006 2778 3665 2857; baseline 0.001 -17"><span class='ocrx_word' id='word_1_449' title='bbox 2006 2778 2171 2840; x_wconf 77' lang='lat' dir='ltr'><strong>mavi</strong></span> <span class='ocrx_word' id='word_1_450' title='bbox 2197 2782 2324 2839; x_wconf 85' lang='lat' dir='ltr'><strong>tota</strong></span> <span class='ocrx_word' id='word_1_451' title='bbox 2350 2779 2448 2837; x_wconf 92' lang='lat' dir='ltr'><strong>die</strong></span> <span class='ocrx_word' id='word_1_452' title='bbox 2480 2779 2758 2843; x_wconf 69' lang='lat' dir='ltr'><strong>:lmtiﬁca</strong></span> <span class='ocrx_word' id='word_1_453' title='bbox 2781 2781 3055 2839; x_wconf 85' lang='lat' dir='ltr'><strong>animam</strong></span> <span class='ocrx_word' id='word_1_454' title='bbox 3094 2782 3250 2840; x_wconf 85' lang='lat' dir='ltr'><strong>servi</strong></span> <span class='ocrx_word' id='word_1_455' title='bbox 3279 2782 3384 2857; x_wconf 87' lang='lat' dir='ltr'><strong>tui,</strong></span> <span class='ocrx_word' id='word_1_456' title='bbox 3410 2782 3556 2856; x_wconf 82' lang='lat' dir='ltr'><strong>quia</strong></span> <span class='ocrx_word' id='word_1_457' title='bbox 3585 2783 3665 2841; x_wconf 85' lang='lat' dir='ltr'><strong>ad</strong></span> 
     </span>
    </p>
   </div>
   <div class='ocr_carea' id='block_1_61' title="bbox 2004 2868 3664 2943">
    <p class='ocr_par' dir='ltr' id='par_1_61' title="bbox 2004 2868 3664 2943">
     <span class='ocr_line' id='line_1_61' title="bbox 2004 2868 3664 2943; baseline 0.002 -16"><span class='ocrx_word' id='word_1_458' title='bbox 2004 2872 2081 2938; x_wconf 87' lang='lat' dir='ltr'>te,</span> <span class='ocrx_word' id='word_1_459' title='bbox 2116 2868 2388 2937; x_wconf 87' lang='lat' dir='ltr'><strong>Domine,</strong></span> <span class='ocrx_word' id='word_1_460' title='bbox 2415 2868 2611 2926; x_wconf 67' lang='lat' dir='ltr'><strong>lavari</strong></span> <span class='ocrx_word' id='word_1_461' title='bbox 2642 2869 2912 2926; x_wconf 82' lang='lat' dir='ltr'><strong>animam</strong></span> <span class='ocrx_word' id='word_1_462' title='bbox 2941 2885 3164 2927; x_wconf 79' lang='lat' dir='ltr'><strong>meam.</strong></span> <span class='ocrx_word' id='word_1_463' title='bbox 3198 2874 3267 2928; x_wconf 84' lang='lat' dir='ltr'><strong>Et</strong></span> <span class='ocrx_word' id='word_1_464' title='bbox 3296 2874 3384 2943; x_wconf 87' lang='lat' dir='ltr'><strong>tu,</strong></span> <span class='ocrx_word' id='word_1_465' title='bbox 3410 2872 3664 2930; x_wconf 86' lang='lat' dir='ltr'><strong>Domine</strong></span> 
     </span>
    </p>
   </div>
   <div class='ocr_carea' id='block_1_62' title="bbox 240 2950 3665 3041">
    <p class='ocr_par' dir='ltr' id='par_1_62' title="bbox 240 2950 3665 3041">
     <span class='ocr_line' id='line_1_62' title="bbox 240 2950 3665 3041; baseline 0.001 -26"><span class='ocrx_word' id='word_1_466' title='bbox 240 2955 316 3015; x_wconf 89' lang='lat' dir='ltr'><strong>de</strong></span> <span class='ocrx_word' id='word_1_467' title='bbox 347 2958 561 3026; x_wconf 85' lang='lat' dir='ltr'><strong>morte,</strong></span> <span class='ocrx_word' id='word_1_468' title='bbox 591 2953 796 3041; x_wconf 81' lang='lat' dir='ltr'><strong>oculos</strong></span> <span class='ocrx_word' id='word_1_469' title='bbox 818 2967 987 3019; x_wconf 85' lang='lat' dir='ltr'><strong>meos</strong></span> <span class='ocrx_word' id='word_1_470' title='bbox 1017 2969 1054 3013; x_wconf 87' lang='lat' dir='ltr'><strong>a</strong></span> <span class='ocrx_word' id='word_1_471' title='bbox 1082 2952 1388 3041; x_wconf 77' lang='lat' dir='ltr'><strong>laerymiS.</strong></span> <span class='ocrx_word' id='word_1_472' title='bbox 1436 2950 1622 3041; x_wconf 73' lang='lat' dir='ltr'><strong>pedes</strong></span> <span class='ocrx_word' id='word_1_473' title='bbox 1658 2967 1829 3041; x_wconf 73' lang='lat' dir='ltr'><strong>meos</strong></span> <span class='ocrx_word' id='word_1_474' title='bbox 1854 2967 1897 3041; x_wconf 4' lang='lat' dir='ltr'><strong>fa</strong></span> <span class='ocrx_word' id='word_1_475' title='bbox 1922 2980 1970 3041; x_wconf 63' lang='grc' dir='ltr'><strong><em>θ</em></strong></span> <span class='ocrx_word' id='word_1_476' title='bbox 2006 2959 2160 3017; x_wconf 86' lang='lat' dir='ltr'><strong>Deus</strong></span> <span class='ocrx_word' id='word_1_477' title='bbox 2200 2971 2398 3027; x_wconf 87' lang='lat' dir='ltr'><strong>meus,</strong></span> <span class='ocrx_word' id='word_1_478' title='bbox 2443 2956 2759 3015; x_wconf 86' lang='lat' dir='ltr'><strong>miserator</strong></span> <span class='ocrx_word' id='word_1_479' title='bbox 2802 2961 2861 3016; x_wconf 88' lang='lat' dir='ltr'><strong>et</strong></span> <span class='ocrx_word' id='word_1_480' title='bbox 2908 2957 3267 3030; x_wconf 78' lang='lat' dir='ltr'><strong>misericors,</strong></span> <span class='ocrx_word' id='word_1_481' title='bbox 3324 2958 3563 3033; x_wconf 85' lang='lat' dir='ltr'><strong>patiens</strong></span> <span class='ocrx_word' id='word_1_482' title='bbox 3605 2964 3665 3021; x_wconf 86' lang='lat' dir='ltr'><strong>et</strong></span> 
     </span>
    </p>
   </div>
   <div class='ocr_carea' id='block_1_63' title="bbox 239 3039 1893 3115">
    <p class='ocr_par' dir='ltr' id='par_1_63' title="bbox 239 3039 1893 3115">
     <span class='ocr_line' id='line_1_63' title="bbox 239 3039 1893 3115; baseline -0.005 -12"><span class='ocrx_word' id='word_1_483' title='bbox 239 3042 439 3115; x_wconf 88' lang='lat' dir='ltr'><strong>lapsu,</strong></span> <span class='ocrx_word' id='word_1_484' title='bbox 475 3045 537 3101; x_wconf 78' lang='lat' dir='ltr'><strong>ut</strong></span> <span class='ocrx_word' id='word_1_485' title='bbox 563 3040 836 3115; x_wconf 75' lang='lat' dir='ltr'><strong>placeam</strong></span> <span class='ocrx_word' id='word_1_486' title='bbox 873 3056 1083 3107; x_wconf 85' lang='lat' dir='ltr'><strong>coram</strong></span> <span class='ocrx_word' id='word_1_487' title='bbox 1128 3040 1383 3101; x_wconf 90' lang='lat' dir='ltr'><strong>Domino</strong></span> <span class='ocrx_word' id='word_1_488' title='bbox 1428 3040 1492 3101; x_wconf 89' lang='lat' dir='ltr'><strong>in</strong></span> <span class='ocrx_word' id='word_1_489' title='bbox 1533 3039 1760 3105; x_wconf 87' lang='lat' dir='ltr'><strong>lumine</strong></span> <span class='ocrx_word' id='word_1_490' title='bbox 1805 3040 1893 3103; x_wconf 82' lang='lat' dir='ltr'><strong>vi.-</strong></span> 
     </span>
    </p>
   </div>
   <div class='ocr_carea' id='block_1_64' title="bbox 240 3128 1895 3203">
    <p class='ocr_par' dir='ltr' id='par_1_64' title="bbox 240 3128 1895 3203">
     <span class='ocr_line' id='line_1_64' title="bbox 240 3128 1895 3203; baseline 0.001 -16"><span class='ocrx_word' id='word_1_491' title='bbox 240 3130 530 3197; x_wconf 86' lang='lat' dir='ltr'><strong>ventium.</strong></span> <span class='ocrx_word' id='word_1_492' title='bbox 560 3129 831 3191; x_wconf 83' lang='lat' dir='ltr'><strong>Miserere</strong></span> <span class='ocrx_word' id='word_1_493' title='bbox 859 3130 998 3199; x_wconf 87' lang='lat' dir='ltr'><strong>mei,</strong></span> <span class='ocrx_word' id='word_1_494' title='bbox 1032 3131 1207 3201; x_wconf 83' lang='lat' dir='ltr'><strong>Deus,</strong></span> <span class='ocrx_word' id='word_1_495' title='bbox 1247 3129 1526 3197; x_wconf 75' lang='lat' dir='ltr'><strong>miserere</strong></span> <span class='ocrx_word' id='word_1_496' title='bbox 1565 3128 1707 3198; x_wconf 82' lang='lat' dir='ltr'><strong>mei.</strong></span> <span class='ocrx_word' id='word_1_497' title='bbox 1747 3144 1895 3203; x_wconf 85' lang='lat' dir='ltr'><strong>quo-</strong></span> 
     </span>
    </p>
   </div>
   <div class='ocr_carea' id='block_1_65' title="bbox 238 3216 1894 3287">
    <p class='ocr_par' dir='ltr' id='par_1_65' title="bbox 238 3216 1894 3287">
     <span class='ocr_line' id='line_1_65' title="bbox 238 3216 1894 3287; baseline 0.001 -10"><span class='ocrx_word' id='word_1_498' title='bbox 238 3219 406 3285; x_wconf 84' lang='lat' dir='ltr'><strong>niam</strong></span> <span class='ocrx_word' id='word_1_499' title='bbox 436 3218 500 3277; x_wconf 86' lang='lat' dir='ltr'><strong>in</strong></span> <span class='ocrx_word' id='word_1_500' title='bbox 530 3221 584 3279; x_wconf 87' lang='lat' dir='ltr'><strong>te</strong></span> <span class='ocrx_word' id='word_1_501' title='bbox 627 3218 876 3281; x_wconf 85' lang='lat' dir='ltr'><strong>conﬁdit</strong></span> <span class='ocrx_word' id='word_1_502' title='bbox 897 3219 1103 3285; x_wconf 83' lang='lat' dir='ltr'><strong>anima</strong></span> <span class='ocrx_word' id='word_1_503' title='bbox 1128 3228 1290 3287; x_wconf 84' lang='lat' dir='ltr'><strong>mea,</strong></span> <span class='ocrx_word' id='word_1_504' title='bbox 1336 3218 1484 3285; x_wconf 84' lang='lat' dir='ltr'><strong>etin</strong></span> <span class='ocrx_word' id='word_1_505' title='bbox 1513 3216 1731 3282; x_wconf 85' lang='lat' dir='ltr'><strong>umbra</strong></span> <span class='ocrx_word' id='word_1_506' title='bbox 1768 3218 1894 3285; x_wconf 85' lang='lat' dir='ltr'><strong>ala-</strong></span> 
     </span>
    </p>
   </div>
   <div class='ocr_carea' id='block_1_66' title="bbox 237 3308 1890 3382">
    <p class='ocr_par' dir='ltr' id='par_1_66' title="bbox 237 3308 1890 3382">
     <span class='ocr_line' id='line_1_66' title="bbox 237 3308 1890 3382; baseline -0.001 -14"><span class='ocrx_word' id='word_1_507' title='bbox 237 3324 377 3379; x_wconf 84' lang='lat' dir='ltr'><strong>rum</strong></span> <span class='ocrx_word' id='word_1_508' title='bbox 424 3311 664 3369; x_wconf 86' lang='lat' dir='ltr'><strong>tuarum</strong></span> <span class='ocrx_word' id='word_1_509' title='bbox 704 3308 985 3382; x_wconf 84' lang='lat' dir='ltr'><strong>sperabo,</strong></span> <span class='ocrx_word' id='word_1_510' title='bbox 1042 3308 1235 3371; x_wconf 90' lang='lat' dir='ltr'><strong>donec</strong></span> <span class='ocrx_word' id='word_1_511' title='bbox 1275 3312 1538 3373; x_wconf 79' lang='lat' dir='ltr'><strong>transeat</strong></span> <span class='ocrx_word' id='word_1_512' title='bbox 1582 3308 1890 3382; x_wconf 82' lang='lat' dir='ltr'><strong>iniquitas.</strong></span> 
     </span>
    </p>
   </div>
   <div class='ocr_carea' id='block_1_67' title="bbox 240 3397 1894 3471">
    <p class='ocr_par' dir='ltr' id='par_1_67' title="bbox 240 3397 1894 3471">
     <span class='ocr_line' id='line_1_67' title="bbox 240 3397 1894 3471; baseline 0.004 -17"><span class='ocrx_word' id='word_1_513' title='bbox 240 3397 413 3471; x_wconf 83' lang='lat' dir='ltr'><strong>Eripe</strong></span> <span class='ocrx_word' id='word_1_514' title='bbox 459 3414 557 3459; x_wconf 91' lang='lat' dir='ltr'><strong>me</strong></span> <span class='ocrx_word' id='word_1_515' title='bbox 607 3398 684 3461; x_wconf 90' lang='lat' dir='ltr'><strong>de</strong></span> <span class='ocrx_word' id='word_1_516' title='bbox 737 3398 997 3463; x_wconf 78' lang='lat' dir='ltr'><strong>inimicis</strong></span> <span class='ocrx_word' id='word_1_517' title='bbox 1045 3399 1221 3470; x_wconf 86' lang='lat' dir='ltr'><strong>meis,</strong></span> <span class='ocrx_word' id='word_1_518' title='bbox 1271 3402 1425 3459; x_wconf 89' lang='lat' dir='ltr'><strong>Deus</strong></span> <span class='ocrx_word' id='word_1_519' title='bbox 1467 3413 1663 3469; x_wconf 81' lang='lat' dir='ltr'><strong>meus.</strong></span> <span class='ocrx_word' id='word_1_520' title='bbox 1712 3402 1770 3464; x_wconf 80' lang='lat' dir='ltr'><strong>et</strong></span> <span class='ocrx_word' id='word_1_521' title='bbox 1815 3397 1894 3461; x_wconf 82' lang='lat' dir='ltr'><strong>ab</strong></span> 
     </span>
    </p>
   </div>
   <div class='ocr_carea' id='block_1_68' title="bbox 237 3487 1893 3567">
    <p class='ocr_par' dir='ltr' id='par_1_68' title="bbox 237 3487 1893 3567">
     <span class='ocr_line' id='line_1_68' title="bbox 237 3487 1893 3567; baseline 0.002 -20"><span class='ocrx_word' id='word_1_522' title='bbox 237 3487 688 3567; x_wconf 71' lang='lat' dir='ltr'><strong>insurgentibus</strong></span> <span class='ocrx_word' id='word_1_523' title='bbox 713 3488 777 3553; x_wconf 88' lang='lat' dir='ltr'><strong>in</strong></span> <span class='ocrx_word' id='word_1_524' title='bbox 808 3504 907 3551; x_wconf 89' lang='lat' dir='ltr'><strong>me</strong></span> <span class='ocrx_word' id='word_1_525' title='bbox 932 3488 1124 3553; x_wconf 86' lang='lat' dir='ltr'><strong>libera</strong></span> <span class='ocrx_word' id='word_1_526' title='bbox 1151 3504 1269 3551; x_wconf 86' lang='lat' dir='ltr'><strong>me.</strong></span> <span class='ocrx_word' id='word_1_527' title='bbox 1304 3488 1475 3562; x_wconf 83' lang='lat' dir='ltr'><strong>Eripe</strong></span> <span class='ocrx_word' id='word_1_528' title='bbox 1507 3504 1606 3554; x_wconf 83' lang='lat' dir='ltr'><strong>me</strong></span> <span class='ocrx_word' id='word_1_529' title='bbox 1635 3488 1710 3551; x_wconf 85' lang='lat' dir='ltr'><strong>de</strong></span> <span class='ocrx_word' id='word_1_530' title='bbox 1749 3503 1893 3562; x_wconf 73' lang='lat' dir='ltr'><strong>ope-</strong></span> 
     </span>
    </p>
   </div>
   <div class='ocr_carea' id='block_1_69' title="bbox 236 3575 1895 3659">
    <p class='ocr_par' dir='ltr' id='par_1_69' title="bbox 236 3575 1895 3659">
     <span class='ocr_line' id='line_1_69' title="bbox 236 3575 1895 3659; baseline 0.002 -22"><span class='ocrx_word' id='word_1_531' title='bbox 236 3575 512 3641; x_wconf 86' lang='lat' dir='ltr'><strong>rantibus</strong></span> <span class='ocrx_word' id='word_1_532' title='bbox 534 3577 931 3652; x_wconf 85' lang='lat' dir='ltr'><strong>iniquitatem,</strong></span> <span class='ocrx_word' id='word_1_533' title='bbox 962 3583 1020 3643; x_wconf 88' lang='lat' dir='ltr'><strong>et</strong></span> <span class='ocrx_word' id='word_1_534' title='bbox 1046 3578 1121 3641; x_wconf 86' lang='lat' dir='ltr'><strong>de</strong></span> <span class='ocrx_word' id='word_1_535' title='bbox 1150 3578 1293 3645; x_wconf 87' lang='lat' dir='ltr'><strong>viris</strong></span> <span class='ocrx_word' id='word_1_536' title='bbox 1333 3578 1700 3659; x_wconf 81' lang='lat' dir='ltr'><strong>sanguinnm</strong></span> <span class='ocrx_word' id='word_1_537' title='bbox 1724 3577 1895 3643; x_wconf 80' lang='lat' dir='ltr'><strong>salva</strong></span> 
     </span>
    </p>
   </div>
   <div class='ocr_carea' id='block_1_70' title="bbox 237 3668 1905 3749">
    <p class='ocr_par' dir='ltr' id='par_1_70' title="bbox 237 3668 1905 3749">
     <span class='ocr_line' id='line_1_70' title="bbox 237 3668 1905 3749; baseline 0.001 -20"><span class='ocrx_word' id='word_1_538' title='bbox 237 3682 338 3729; x_wconf 86' lang='lat' dir='ltr'><strong>me</strong></span> <span class='ocrx_word' id='word_1_539' title='bbox 364 3686 407 3743; x_wconf 30' lang='grc' dir='ltr'>,ς</span> <span class='ocrx_word' id='word_1_540' title='bbox 465 3668 614 3741; x_wconf 86' lang='lat' dir='ltr'><strong>quia</strong></span> <span class='ocrx_word' id='word_1_541' title='bbox 658 3683 796 3731; x_wconf 85' lang='lat' dir='ltr'><strong>ecce</strong></span> <span class='ocrx_word' id='word_1_542' title='bbox 846 3672 1292 3749; x_wconf 82' lang='lat' dir='ltr'><strong>occupaverunt</strong></span> <span class='ocrx_word' id='word_1_543' title='bbox 1347 3669 1617 3743; x_wconf 78' lang='lat' dir='ltr'><strong>animam</strong></span> <span class='ocrx_word' id='word_1_544' title='bbox 1667 3683 1905 3749; x_wconf 67' lang='lat' dir='ltr'><strong>meam,</strong></span> 
     </span>
    </p>
   </div>
   <div class='ocr_carea' id='block_1_71' title="bbox 238 3756 1894 3830">
    <p class='ocr_par' dir='ltr' id='par_1_71' title="bbox 238 3756 1894 3830">
     <span class='ocr_line' id='line_1_71' title="bbox 238 3756 1894 3830; baseline 0.002 -13"><span class='ocrx_word' id='word_1_545' title='bbox 238 3756 541 3819; x_wconf 86' lang='lat' dir='ltr'><strong>irruerunt</strong></span> <span class='ocrx_word' id='word_1_546' title='bbox 562 3758 623 3819; x_wconf 89' lang='lat' dir='ltr'><strong>in</strong></span> <span class='ocrx_word' id='word_1_547' title='bbox 652 3773 751 3819; x_wconf 85' lang='lat' dir='ltr'><strong>me</strong></span> <span class='ocrx_word' id='word_1_548' title='bbox 774 3758 955 3821; x_wconf 79' lang='lat' dir='ltr'><strong>tortos</strong></span> <span class='ocrx_word' id='word_1_549' title='bbox 986 3775 1001 3817; x_wconf 87' lang='lat'><strong>:</strong></span> <span class='ocrx_word' id='word_1_550' title='bbox 1030 3773 1142 3830; x_wconf 87' lang='lat' dir='ltr'><strong>ego</strong></span> <span class='ocrx_word' id='word_1_551' title='bbox 1168 3773 1302 3817; x_wconf 84' lang='lat' dir='ltr'><strong>vero</strong></span> <span class='ocrx_word' id='word_1_552' title='bbox 1330 3759 1662 3821; x_wconf 83' lang='lat' dir='ltr'><strong>orationem</strong></span> <span class='ocrx_word' id='word_1_553' title='bbox 1690 3773 1894 3821; x_wconf 84' lang='lat' dir='ltr'><strong>meam</strong></span> 
     </span>
    </p>
   </div>
   <div class='ocr_carea' id='block_1_72' title="bbox 238 3846 1895 3923">
    <p class='ocr_par' dir='ltr' id='par_1_72' title="bbox 238 3846 1895 3923">
     <span class='ocr_line' id='line_1_72' title="bbox 238 3846 1895 3923; baseline -0.001 -14"><span class='ocrx_word' id='word_1_554' title='bbox 238 3846 320 3909; x_wconf 85' lang='lat' dir='ltr'><strong>ad</strong></span> <span class='ocrx_word' id='word_1_555' title='bbox 356 3851 433 3917; x_wconf 87' lang='lat' dir='ltr'><strong>te,</strong></span> <span class='ocrx_word' id='word_1_556' title='bbox 464 3848 733 3910; x_wconf 86' lang='lat' dir='ltr'><strong>Domine.</strong></span> <span class='ocrx_word' id='word_1_557' title='bbox 759 3852 1016 3923; x_wconf 87' lang='lat' dir='ltr'><strong>Tempus</strong></span> <span class='ocrx_word' id='word_1_558' title='bbox 1042 3848 1422 3923; x_wconf 85' lang='lat' dir='ltr'><strong>beneplaciti,</strong></span> <span class='ocrx_word' id='word_1_559' title='bbox 1452 3852 1627 3910; x_wconf 87' lang='lat' dir='ltr'><strong>Deus.</strong></span> <span class='ocrx_word' id='word_1_560' title='bbox 1655 3852 1721 3910; x_wconf 92' lang='lat' dir='ltr'><strong>ln</strong></span> <span class='ocrx_word' id='word_1_561' title='bbox 1743 3847 1895 3908; x_wconf 90' lang='lat' dir='ltr'><strong>mul-</strong></span> 
     </span>
    </p>
   </div>
   <div class='ocr_carea' id='block_1_73' title="bbox 238 3938 1898 4014">
    <p class='ocr_par' dir='ltr' id='par_1_73' title="bbox 238 3938 1898 4014">
     <span class='ocr_line' id='line_1_73' title="bbox 238 3938 1898 4014; baseline -0.001 -16"><span class='ocrx_word' id='word_1_562' title='bbox 238 3938 446 3998; x_wconf 90' lang='lat' dir='ltr'><strong>tudine</strong></span> <span class='ocrx_word' id='word_1_563' title='bbox 491 3939 915 3999; x_wconf 68' lang='lat' dir='ltr'><strong>misericordias</strong></span> <span class='ocrx_word' id='word_1_564' title='bbox 956 3944 1072 3999; x_wconf 72' lang='lat' dir='ltr'><strong>tum</strong></span> <span class='ocrx_word' id='word_1_565' title='bbox 1125 3941 1344 4000; x_wconf 83' lang='lat' dir='ltr'><strong>exaudi</strong></span> <span class='ocrx_word' id='word_1_566' title='bbox 1379 3958 1499 4014; x_wconf 91' lang='lat' dir='ltr'><strong>me,</strong></span> <span class='ocrx_word' id='word_1_567' title='bbox 1546 3942 1610 3999; x_wconf 90' lang='lat' dir='ltr'><strong>in</strong></span> <span class='ocrx_word' id='word_1_568' title='bbox 1656 3940 1898 3998; x_wconf 81' lang='lat' dir='ltr'><strong>veritate</strong></span> 
     </span>
    </p>
   </div>
   <div class='ocr_carea' id='block_1_74' title="bbox 239 4028 1892 4105">
    <p class='ocr_par' dir='ltr' id='par_1_74' title="bbox 239 4028 1892 4105">
     <span class='ocr_line' id='line_1_74' title="bbox 239 4028 1892 4105; baseline 0.002 -19"><span class='ocrx_word' id='word_1_569' title='bbox 239 4028 449 4088; x_wconf 84' lang='lat' dir='ltr'><strong>salutis</strong></span> <span class='ocrx_word' id='word_1_570' title='bbox 480 4032 618 4087; x_wconf 73' lang='lat' dir='ltr'><strong>tum.</strong></span> <span class='ocrx_word' id='word_1_571' title='bbox 663 4031 835 4105; x_wconf 87' lang='lat' dir='ltr'><strong>Eripe</strong></span> <span class='ocrx_word' id='word_1_572' title='bbox 877 4046 975 4089; x_wconf 91' lang='lat' dir='ltr'><strong>me</strong></span> <span class='ocrx_word' id='word_1_573' title='bbox 1004 4031 1081 4089; x_wconf 91' lang='lat' dir='ltr'><strong>de</strong></span> <span class='ocrx_word' id='word_1_574' title='bbox 1107 4031 1252 4105; x_wconf 90' lang='lat' dir='ltr'><strong>luto,</strong></span> <span class='ocrx_word' id='word_1_575' title='bbox 1283 4036 1349 4091; x_wconf 92' lang='lat' dir='ltr'><strong>ut</strong></span> <span class='ocrx_word' id='word_1_576' title='bbox 1378 4048 1504 4091; x_wconf 90' lang='lat' dir='ltr'><strong>non</strong></span> <span class='ocrx_word' id='word_1_577' title='bbox 1542 4032 1892 4089; x_wconf 69' lang='lat' dir='ltr'><strong>inhaeream.</strong></span> 
     </span>
    </p>
   </div>
   <div class='ocr_carea' id='block_1_75' title="bbox 243 4120 1895 4199">
    <p class='ocr_par' dir='ltr' id='par_1_75' title="bbox 243 4120 1895 4199">
     <span class='ocr_line' id='line_1_75' title="bbox 243 4120 1895 4199; baseline 0.001 -21"><span class='ocrx_word' id='word_1_578' title='bbox 243 4120 456 4178; x_wconf 88' lang='lat' dir='ltr'><strong>Libera</strong></span> <span class='ocrx_word' id='word_1_579' title='bbox 474 4137 571 4178; x_wconf 91' lang='lat' dir='ltr'><strong>me</strong></span> <span class='ocrx_word' id='word_1_580' title='bbox 601 4137 674 4179; x_wconf 88' lang='lat' dir='ltr'><strong>ex</strong></span> <span class='ocrx_word' id='word_1_581' title='bbox 701 4122 1042 4180; x_wconf 90' lang='lat' dir='ltr'><strong>odientibus</strong></span> <span class='ocrx_word' id='word_1_582' title='bbox 1066 4128 1248 4193; x_wconf 89' lang='lat' dir='ltr'><strong>me,et</strong></span> <span class='ocrx_word' id='word_1_583' title='bbox 1274 4124 1350 4182; x_wconf 89' lang='lat' dir='ltr'><strong>de</strong></span> <span class='ocrx_word' id='word_1_584' title='bbox 1380 4124 1682 4199; x_wconf 87' lang='lat' dir='ltr'><strong>profundo</strong></span> <span class='ocrx_word' id='word_1_585' title='bbox 1710 4137 1895 4197; x_wconf 88' lang='lat' dir='ltr'><strong>aqua-</strong></span> 
     </span>
    </p>
   </div>
   <div class='ocr_carea' id='block_1_76' title="bbox 238 4212 1898 4292">
    <p class='ocr_par' dir='ltr' id='par_1_76' title="bbox 238 4212 1898 4292">
     <span class='ocr_line' id='line_1_76' title="bbox 238 4212 1898 4292; baseline 0.002 -24"><span class='ocrx_word' id='word_1_586' title='bbox 238 4226 379 4268; x_wconf 90' lang='lat' dir='ltr'><strong>rum</strong></span> <span class='ocrx_word' id='word_1_587' title='bbox 426 4225 551 4268; x_wconf 93' lang='lat' dir='ltr'><strong>non</strong></span> <span class='ocrx_word' id='word_1_588' title='bbox 589 4228 686 4268; x_wconf 91' lang='lat' dir='ltr'>me</span> <span class='ocrx_word' id='word_1_589' title='bbox 726 4212 1037 4291; x_wconf 72' lang='lat' dir='ltr'><strong>demerget</strong></span> <span class='ocrx_word' id='word_1_590' title='bbox 1091 4219 1412 4292; x_wconf 82' lang='lat' dir='ltr'><strong>tempestas</strong></span> <span class='ocrx_word' id='word_1_591' title='bbox 1457 4233 1655 4291; x_wconf 83' lang='lat' dir='ltr'><strong>aquae,</strong></span> <span class='ocrx_word' id='word_1_592' title='bbox 1700 4228 1898 4289; x_wconf 91' lang='lat' dir='ltr'><strong>neque</strong></span> 
     </span>
    </p>
   </div>
   <div class='ocr_carea' id='block_1_77' title="bbox 239 4300 1972 4404">
    <p class='ocr_par' dir='ltr' id='par_1_77' title="bbox 239 4300 1972 4404">
     <span class='ocr_line' id='line_1_77' title="bbox 239 4300 1972 4404; baseline 0.001 -45"><span class='ocrx_word' id='word_1_593' title='bbox 239 4300 566 4404; x_wconf 80' lang='lat' dir='ltr'><strong>absorbeat</strong></span> <span class='ocrx_word' id='word_1_594' title='bbox 616 4316 715 4361; x_wconf 90' lang='lat' dir='ltr'><strong>me</strong></span> <span class='ocrx_word' id='word_1_595' title='bbox 768 4305 1160 4404; x_wconf 69' lang='lat' dir='ltr'><strong>profundum,</strong></span> <span class='ocrx_word' id='word_1_596' title='bbox 1214 4322 1411 4404; x_wconf 76' lang='lat' dir='ltr'><strong>neque</strong></span> <span class='ocrx_word' id='word_1_597' title='bbox 1462 4310 1673 4404; x_wconf 79' lang='lat' dir='ltr'><strong>urgeat</strong></span> <span class='ocrx_word' id='word_1_598' title='bbox 1718 4320 1899 4404; x_wconf 85' lang='lat' dir='ltr'><strong>super</strong></span> <span class='ocrx_word' id='word_1_599' title='bbox 1926 4342 1972 4404; x_wconf 66' lang='grc' dir='ltr'><strong><em>υ</em></strong></span> 
     </span>
    </p>
   </div>
   <div class='ocr_carea' id='block_1_78' title="bbox 239 4395 1897 4470">
    <p class='ocr_par' dir='ltr' id='par_1_78' title="bbox 239 4395 1897 4470">
     <span class='ocr_line' id='line_1_78' title="bbox 239 4395 1897 4470; baseline 0.001 -21"><span class='ocrx_word' id='word_1_600' title='bbox 239 4407 338 4449; x_wconf 90' lang='lat' dir='ltr'><strong>me</strong></span> <span class='ocrx_word' id='word_1_601' title='bbox 364 4395 583 4465; x_wconf 83' lang='lat' dir='ltr'><strong>puteus</strong></span> <span class='ocrx_word' id='word_1_602' title='bbox 608 4409 676 4451; x_wconf 89' lang='lat' dir='ltr'><strong>os</strong></span> <span class='ocrx_word' id='word_1_603' title='bbox 697 4410 899 4455; x_wconf 89' lang='lat' dir='ltr'><strong>suum.</strong></span> <span class='ocrx_word' id='word_1_604' title='bbox 915 4397 1144 4456; x_wconf 76' lang='lat' dir='ltr'><strong>Exaudi</strong></span> <span class='ocrx_word' id='word_1_605' title='bbox 1162 4414 1281 4468; x_wconf 90' lang='lat' dir='ltr'><strong>me,</strong></span> <span class='ocrx_word' id='word_1_606' title='bbox 1309 4397 1580 4468; x_wconf 89' lang='lat' dir='ltr'><strong>Domine,</strong></span> <span class='ocrx_word' id='word_1_607' title='bbox 1607 4396 1897 4470; x_wconf 89' lang='lat' dir='ltr'><strong>quoniam</strong></span> 
     </span>
    </p>
   </div>
   <div class='ocr_carea' id='block_1_79' title="bbox 240 4483 1898 4559">
    <p class='ocr_par' dir='ltr' id='par_1_79' title="bbox 240 4483 1898 4559">
     <span class='ocr_line' id='line_1_79' title="bbox 240 4483 1898 4559; baseline 0.005 -20"><span class='ocrx_word' id='word_1_608' title='bbox 240 4483 505 4555; x_wconf 87' lang='lat' dir='ltr'><strong>benigna</strong></span> <span class='ocrx_word' id='word_1_609' title='bbox 533 4489 621 4542; x_wconf 90' lang='lat' dir='ltr'><strong>est</strong></span> <span class='ocrx_word' id='word_1_610' title='bbox 647 4487 1059 4547; x_wconf 89' lang='lat' dir='ltr'><strong>misericordia</strong></span> <span class='ocrx_word' id='word_1_611' title='bbox 1088 4493 1228 4559; x_wconf 88' lang='lat' dir='ltr'><strong>tua;</strong></span> <span class='ocrx_word' id='word_1_612' title='bbox 1261 4490 1598 4549; x_wconf 87' lang='lat' dir='ltr'><strong>secundum</strong></span> <span class='ocrx_word' id='word_1_613' title='bbox 1636 4487 1898 4551; x_wconf 63' lang='lat' dir='ltr'><strong>multitu:</strong></span> 
     </span>
    </p>
   </div>
   <div class='ocr_carea' id='block_1_80' title="bbox 241 4571 1897 4649">
    <p class='ocr_par' dir='ltr' id='par_1_80' title="bbox 241 4571 1897 4649">
     <span class='ocr_line' id='line_1_80' title="bbox 241 4571 1897 4649; baseline 0.003 -20"><span class='ocrx_word' id='word_1_614' title='bbox 241 4571 446 4630; x_wconf 86' lang='lat' dir='ltr'><strong>dinem</strong></span> <span class='ocrx_word' id='word_1_615' title='bbox 493 4572 948 4631; x_wconf 89' lang='lat' dir='ltr'><strong>miserationum</strong></span> <span class='ocrx_word' id='word_1_616' title='bbox 997 4580 1239 4647; x_wconf 67' lang='lat' dir='ltr'><strong>tuarum</strong></span> <span class='ocrx_word' id='word_1_617' title='bbox 1274 4577 1507 4648; x_wconf 83' lang='lat' dir='ltr'><strong>respice</strong></span> <span class='ocrx_word' id='word_1_618' title='bbox 1551 4575 1614 4649; x_wconf 83' lang='lat' dir='ltr'><strong>in</strong></span> <span class='ocrx_word' id='word_1_619' title='bbox 1656 4590 1772 4633; x_wconf 90' lang='lat' dir='ltr'><strong>me.</strong></span> <span class='ocrx_word' id='word_1_620' title='bbox 1817 4578 1897 4634; x_wconf 76' lang='lat' dir='ltr'><strong>Ne</strong></span> 
     </span>
    </p>
   </div>
   <div class='ocr_carea' id='block_1_81' title="bbox 240 4662 1895 4738">
    <p class='ocr_par' dir='ltr' id='par_1_81' title="bbox 240 4662 1895 4738">
     <span class='ocr_line' id='line_1_81' title="bbox 240 4662 1895 4738; baseline 0.002 -18"><span class='ocrx_word' id='word_1_621' title='bbox 240 4666 480 4720; x_wconf 86' lang='lat' dir='ltr'><strong>avertas</strong></span> <span class='ocrx_word' id='word_1_622' title='bbox 509 4662 727 4727; x_wconf 86' lang='lat' dir='ltr'><strong>faciem</strong></span> <span class='ocrx_word' id='word_1_623' title='bbox 754 4666 924 4720; x_wconf 88' lang='lat' dir='ltr'><strong>tuam</strong></span> <span class='ocrx_word' id='word_1_624' title='bbox 951 4679 987 4720; x_wconf 91' lang='lat' dir='ltr'><strong>a</strong></span> <span class='ocrx_word' id='word_1_625' title='bbox 1013 4678 1204 4736; x_wconf 89' lang='lat' dir='ltr'><strong>puero</strong></span> <span class='ocrx_word' id='word_1_626' title='bbox 1233 4666 1357 4728; x_wconf 86' lang='lat' dir='ltr'><strong>tuo,</strong></span> <span class='ocrx_word' id='word_1_627' title='bbox 1388 4663 1679 4738; x_wconf 85' lang='lat' dir='ltr'><strong>quoniam</strong></span> <span class='ocrx_word' id='word_1_628' title='bbox 1708 4663 1895 4723; x_wconf 85' lang='lat' dir='ltr'><strong>tribu-.-</strong></span> 
     </span>
    </p>
   </div>
   <div class='ocr_carea' id='block_1_82' title="bbox 242 4751 1898 4813">
    <p class='ocr_par' dir='ltr' id='par_1_82' title="bbox 242 4751 1898 4813">
     <span class='ocr_line' id='line_1_82' title="bbox 242 4751 1898 4813; baseline 0.003 -5"><span class='ocrx_word' id='word_1_629' title='bbox 242 4751 357 4809; x_wconf 91' lang='lat' dir='ltr'><strong>lor.</strong></span> <span class='ocrx_word' id='word_1_630' title='bbox 388 4753 671 4812; x_wconf 85' lang='lat' dir='ltr'><strong>Velociter</strong></span> <span class='ocrx_word' id='word_1_631' title='bbox 718 4752 940 4812; x_wconf 79' lang='lat' dir='ltr'><strong>exaudi</strong></span> <span class='ocrx_word' id='word_1_632' title='bbox 972 4767 1090 4810; x_wconf 91' lang='lat' dir='ltr'><strong>me.</strong></span> <span class='ocrx_word' id='word_1_633' title='bbox 1137 4752 1383 4811; x_wconf 87' lang='lat' dir='ltr'><strong>Intende</strong></span> <span class='ocrx_word' id='word_1_634' title='bbox 1412 4752 1632 4811; x_wconf 75' lang='lat' dir='ltr'><strong>animae</strong></span> <span class='ocrx_word' id='word_1_635' title='bbox 1659 4770 1812 4812; x_wconf 69' lang='lat' dir='ltr'><strong>mem</strong></span> <span class='ocrx_word' id='word_1_636' title='bbox 1839 4758 1898 4813; x_wconf 89' lang='lat' dir='ltr'><strong>et</strong></span> 
     </span>
    </p>
   </div>
   <div class='ocr_carea' id='block_1_83' title="bbox 244 4840 1897 4917">
    <p class='ocr_par' dir='ltr' id='par_1_83' title="bbox 244 4840 1897 4917">
     <span class='ocr_line' id='line_1_83' title="bbox 244 4840 1897 4917; baseline 0.004 -21"><span class='ocrx_word' id='word_1_637' title='bbox 244 4840 433 4898; x_wconf 88' lang='lat' dir='ltr'><strong>libera</strong></span> <span class='ocrx_word' id='word_1_638' title='bbox 486 4857 622 4901; x_wconf 88' lang='lat' dir='ltr'><strong>eam</strong></span> <span class='ocrx_word' id='word_1_639' title='bbox 669 4862 682 4900; x_wconf 90' lang='lat'><strong>:</strong></span> <span class='ocrx_word' id='word_1_640' title='bbox 741 4847 985 4917; x_wconf 85' lang='lat' dir='ltr'><strong>propter</strong></span> <span class='ocrx_word' id='word_1_641' title='bbox 1023 4842 1299 4900; x_wconf 83' lang='lat' dir='ltr'><strong>inimicos</strong></span> <span class='ocrx_word' id='word_1_642' title='bbox 1335 4858 1507 4915; x_wconf 80' lang='lat' dir='ltr'><strong>meos</strong></span> <span class='ocrx_word' id='word_1_643' title='bbox 1564 4842 1726 4917; x_wconf 86' lang='lat' dir='ltr'><strong>eripe</strong></span> <span class='ocrx_word' id='word_1_644' title='bbox 1776 4860 1897 4904; x_wconf 88' lang='lat' dir='ltr'><strong>me.</strong></span> 
     </span>
    </p>
   </div>
   <div class='ocr_carea' id='block_1_84' title="bbox 245 4931 1901 5006">
    <p class='ocr_par' dir='ltr' id='par_1_84' title="bbox 245 4931 1901 5006">
     <span class='ocr_line' id='line_1_84' title="bbox 245 4931 1901 5006; baseline 0.004 -21"><span class='ocrx_word' id='word_1_645' title='bbox 245 4931 424 5003; x_wconf 89' lang='lat' dir='ltr'><strong>Deus,</strong></span> <span class='ocrx_word' id='word_1_646' title='bbox 445 4931 508 4988; x_wconf 91' lang='lat' dir='ltr'><strong>in</strong></span> <span class='ocrx_word' id='word_1_647' title='bbox 546 4931 912 5006; x_wconf 88' lang='lat' dir='ltr'><strong>adjutorium</strong></span> <span class='ocrx_word' id='word_1_648' title='bbox 942 4949 1149 4991; x_wconf 88' lang='lat' dir='ltr'><strong>meum</strong></span> <span class='ocrx_word' id='word_1_649' title='bbox 1190 4933 1475 5003; x_wconf 87' lang='lat' dir='ltr'><strong>intende;</strong></span> <span class='ocrx_word' id='word_1_650' title='bbox 1521 4933 1791 5006; x_wconf 87' lang='lat' dir='ltr'><strong>Domine,</strong></span> <span class='ocrx_word' id='word_1_651' title='bbox 1819 4934 1901 5003; x_wconf 81' lang='lat' dir='ltr'><strong>ad</strong></span> 
     </span>
    </p>
   </div>
   <div class='ocr_carea' id='block_1_85' title="bbox 196 5020 1900 5096">
    <p class='ocr_par' dir='ltr' id='par_1_85' title="bbox 196 5020 1900 5096">
     <span class='ocr_line' id='line_1_85' title="bbox 196 5020 1900 5096; baseline -0.002 -13"><span class='ocrx_word' id='word_1_652' title='bbox 196 5080 201 5083; x_wconf 87' lang='lat'>_</span> <span class='ocrx_word' id='word_1_653' title='bbox 243 5020 664 5093; x_wconf 87' lang='lat' dir='ltr'><strong>adjuvandum</strong></span> <span class='ocrx_word' id='word_1_654' title='bbox 693 5040 792 5082; x_wconf 88' lang='lat' dir='ltr'><strong>me</strong></span> <span class='ocrx_word' id='word_1_655' title='bbox 820 5024 1060 5082; x_wconf 83' lang='lat' dir='ltr'><strong>festina.</strong></span> <span class='ocrx_word' id='word_1_656' title='bbox 1090 5027 1212 5095; x_wconf 91' lang='lat' dir='ltr'><strong>Ego</strong></span> <span class='ocrx_word' id='word_1_657' title='bbox 1241 5039 1385 5081; x_wconf 82' lang='lat' dir='ltr'><strong>vero</strong></span> <span class='ocrx_word' id='word_1_658' title='bbox 1408 5038 1640 5094; x_wconf 78' lang='lat' dir='ltr'><strong>egenus</strong></span> <span class='ocrx_word' id='word_1_659' title='bbox 1665 5027 1722 5081; x_wconf 88' lang='lat' dir='ltr'><strong>et</strong></span> <span class='ocrx_word' id='word_1_660' title='bbox 1750 5039 1900 5096; x_wconf 61' lang='lat' dir='ltr'><strong>pauo</strong></span> 
     </span>
    </p>
   </div>
   <div class='ocr_carea' id='block_1_86' title="bbox 240 5112 1899 5188">
    <p class='ocr_par' dir='ltr' id='par_1_86' title="bbox 240 5112 1899 5188">
     <span class='ocr_line' id='line_1_86' title="bbox 240 5112 1899 5188; baseline 0 -19"><span class='ocrx_word' id='word_1_661' title='bbox 240 5126 354 5186; x_wconf 89' lang='lat' dir='ltr'><strong>per</strong></span> <span class='ocrx_word' id='word_1_662' title='bbox 381 5129 536 5170; x_wconf 86' lang='lat' dir='ltr'><strong>sum.</strong></span> <span class='ocrx_word' id='word_1_663' title='bbox 565 5116 741 5186; x_wconf 87' lang='lat' dir='ltr'><strong>Deus,</strong></span> <span class='ocrx_word' id='word_1_664' title='bbox 773 5115 998 5188; x_wconf 74' lang='lat' dir='ltr'><strong>adjuva</strong></span> <span class='ocrx_word' id='word_1_665' title='bbox 1026 5130 1141 5177; x_wconf 87' lang='lat' dir='ltr'><strong>me.</strong></span> <span class='ocrx_word' id='word_1_666' title='bbox 1177 5113 1431 5187; x_wconf 85' lang='lat' dir='ltr'><strong>Adjutor</strong></span> <span class='ocrx_word' id='word_1_667' title='bbox 1459 5127 1633 5170; x_wconf 90' lang='lat' dir='ltr'><strong>meus</strong></span> <span class='ocrx_word' id='word_1_668' title='bbox 1674 5116 1733 5181; x_wconf 85' lang='lat' dir='ltr'><strong>et</strong></span> <span class='ocrx_word' id='word_1_669' title='bbox 1756 5112 1899 5170; x_wconf 86' lang='lat' dir='ltr'><strong>libe-</strong></span> 
     </span>
    </p>
   </div>
   <div class='ocr_carea' id='block_1_87' title="bbox 238 5203 1897 5280">
    <p class='ocr_par' dir='ltr' id='par_1_87' title="bbox 238 5203 1897 5280">
     <span class='ocr_line' id='line_1_87' title="bbox 238 5203 1897 5280; baseline 0.001 -20"><span class='ocrx_word' id='word_1_670' title='bbox 238 5206 406 5260; x_wconf 89' lang='lat' dir='ltr'><strong>rator</strong></span> <span class='ocrx_word' id='word_1_671' title='bbox 428 5218 601 5265; x_wconf 81' lang='lat' dir='ltr'><strong>meus</strong></span> <span class='ocrx_word' id='word_1_672' title='bbox 639 5205 726 5276; x_wconf 84' lang='lat' dir='ltr'><strong>[es</strong></span> <span class='ocrx_word' id='word_1_673' title='bbox 756 5205 862 5280; x_wconf 91' lang='lat' dir='ltr'><strong>tu],</strong></span> <span class='ocrx_word' id='word_1_674' title='bbox 896 5206 1145 5264; x_wconf 89' lang='lat' dir='ltr'><strong>Domine</strong></span> <span class='ocrx_word' id='word_1_675' title='bbox 1180 5223 1193 5264; x_wconf 89' lang='lat'><strong>:</strong></span> <span class='ocrx_word' id='word_1_676' title='bbox 1231 5219 1308 5263; x_wconf 90' lang='lat' dir='ltr'><strong>ne</strong></span> <span class='ocrx_word' id='word_1_677' title='bbox 1339 5203 1691 5263; x_wconf 85' lang='lat' dir='ltr'><strong>tardaveris.</strong></span> <span class='ocrx_word' id='word_1_678' title='bbox 1724 5205 1792 5262; x_wconf 81' lang='lat' dir='ltr'><strong>In</strong></span> <span class='ocrx_word' id='word_1_679' title='bbox 1819 5207 1897 5275; x_wconf 85' lang='lat' dir='ltr'><strong>te,</strong></span> 
     </span>
    </p>
   </div>
   <div class='ocr_carea' id='block_1_88' title="bbox 241 5294 1901 5368">
    <p class='ocr_par' dir='ltr' id='par_1_88' title="bbox 241 5294 1901 5368">
     <span class='ocr_line' id='line_1_88' title="bbox 241 5294 1901 5368; baseline 0.004 -22"><span class='ocrx_word' id='word_1_680' title='bbox 241 5294 516 5367; x_wconf 87' lang='lat' dir='ltr'><strong>Domine,</strong></span> <span class='ocrx_word' id='word_1_681' title='bbox 549 5295 822 5368; x_wconf 85' lang='lat' dir='ltr'><strong>speravi:</strong></span> <span class='ocrx_word' id='word_1_682' title='bbox 856 5312 980 5353; x_wconf 91' lang='lat' dir='ltr'><strong>non</strong></span> <span class='ocrx_word' id='word_1_683' title='bbox 1026 5296 1365 5355; x_wconf 85' lang='lat' dir='ltr'><strong>confundar</strong></span> <span class='ocrx_word' id='word_1_684' title='bbox 1392 5296 1454 5354; x_wconf 91' lang='lat' dir='ltr'><strong>in</strong></span> <span class='ocrx_word' id='word_1_685' title='bbox 1485 5298 1794 5353; x_wconf 81' lang='lat' dir='ltr'><strong>aeternum.</strong></span> <span class='ocrx_word' id='word_1_686' title='bbox 1836 5298 1901 5352; x_wconf 84' lang='lat' dir='ltr'><strong>in</strong></span> 
     </span>
    </p>
   </div>
   <div class='ocr_carea' id='block_1_89' title="bbox 240 5386 1903 5461">
    <p class='ocr_par' dir='ltr' id='par_1_89' title="bbox 240 5386 1903 5461">
     <span class='ocr_line' id='line_1_89' title="bbox 240 5386 1903 5461; baseline 0 -18"><span class='ocrx_word' id='word_1_687' title='bbox 240 5389 350 5443; x_wconf 88' lang='lat' dir='ltr'><strong>tua</strong></span> <span class='ocrx_word' id='word_1_688' title='bbox 384 5386 616 5460; x_wconf 88' lang='lat' dir='ltr'><strong>justitia</strong></span> <span class='ocrx_word' id='word_1_689' title='bbox 638 5386 829 5445; x_wconf 87' lang='lat' dir='ltr'><strong>libera</strong></span> <span class='ocrx_word' id='word_1_690' title='bbox 855 5403 953 5444; x_wconf 88' lang='lat' dir='ltr'><strong>me</strong></span> <span class='ocrx_word' id='word_1_691' title='bbox 982 5391 1039 5445; x_wconf 89' lang='lat' dir='ltr'><strong>et</strong></span> <span class='ocrx_word' id='word_1_692' title='bbox 1069 5387 1230 5461; x_wconf 87' lang='lat' dir='ltr'><strong>eripe</strong></span> <span class='ocrx_word' id='word_1_693' title='bbox 1269 5403 1387 5444; x_wconf 88' lang='lat' dir='ltr'><strong>me.</strong></span> <span class='ocrx_word' id='word_1_694' title='bbox 1428 5386 1654 5445; x_wconf 89' lang='lat' dir='ltr'><strong>Inclina</strong></span> <span class='ocrx_word' id='word_1_695' title='bbox 1697 5386 1777 5446; x_wconf 87' lang='lat' dir='ltr'><strong>ad</strong></span> <span class='ocrx_word' id='word_1_696' title='bbox 1804 5401 1903 5443; x_wconf 90' lang='lat' dir='ltr'><strong>me</strong></span> 
     </span>
    </p>
   </div>
   <div class='ocr_carea' id='block_1_90' title="bbox 244 5476 1905 5552">
    <p class='ocr_par' dir='ltr' id='par_1_90' title="bbox 244 5476 1905 5552">
     <span class='ocr_line' id='line_1_90' title="bbox 244 5476 1905 5552; baseline 0 -17"><span class='ocrx_word' id='word_1_697' title='bbox 244 5493 455 5535; x_wconf 89' lang='lat' dir='ltr'><strong>aurem</strong></span> <span class='ocrx_word' id='word_1_698' title='bbox 480 5482 687 5536; x_wconf 88' lang='lat' dir='ltr'><strong>tuam:</strong></span> <span class='ocrx_word' id='word_1_699' title='bbox 721 5478 988 5537; x_wconf 88' lang='lat' dir='ltr'><strong>accelera</strong></span> <span class='ocrx_word' id='word_1_700' title='bbox 1016 5483 1082 5538; x_wconf 93' lang='lat' dir='ltr'><strong>ut</strong></span> <span class='ocrx_word' id='word_1_701' title='bbox 1110 5477 1328 5552; x_wconf 88' lang='lat' dir='ltr'><strong>eripias</strong></span> <span class='ocrx_word' id='word_1_702' title='bbox 1352 5494 1473 5537; x_wconf 88' lang='lat' dir='ltr'><strong>me.</strong></span> <span class='ocrx_word' id='word_1_703' title='bbox 1504 5481 1641 5538; x_wconf 87' lang='lat' dir='ltr'><strong>Esto</strong></span> <span class='ocrx_word' id='word_1_704' title='bbox 1662 5476 1813 5536; x_wconf 85' lang='lat' dir='ltr'><strong>mihi</strong></span> <span class='ocrx_word' id='word_1_705' title='bbox 1841 5477 1905 5535; x_wconf 88' lang='lat' dir='ltr'><strong>in</strong></span> 
     </span>
    </p>
   </div>
   <div class='ocr_carea' id='block_1_91' title="bbox 244 5567 1905 5645">
    <p class='ocr_par' dir='ltr' id='par_1_91' title="bbox 244 5567 1905 5645">
     <span class='ocr_line' id='line_1_91' title="bbox 244 5567 1905 5645; baseline 0.005 -22"><span class='ocrx_word' id='word_1_706' title='bbox 244 5567 437 5625; x_wconf 91' lang='lat' dir='ltr'><strong>Deum</strong></span> <span class='ocrx_word' id='word_1_707' title='bbox 460 5573 859 5642; x_wconf 90' lang='lat' dir='ltr'><strong>protectorem</strong></span> <span class='ocrx_word' id='word_1_708' title='bbox 885 5574 943 5628; x_wconf 88' lang='lat' dir='ltr'>et</span> <span class='ocrx_word' id='word_1_709' title='bbox 967 5570 1031 5627; x_wconf 90' lang='lat' dir='ltr'><strong>in</strong></span> <span class='ocrx_word' id='word_1_710' title='bbox 1058 5570 1261 5628; x_wconf 89' lang='lat' dir='ltr'><strong>locum</strong></span> <span class='ocrx_word' id='word_1_711' title='bbox 1294 5570 1527 5645; x_wconf 85' lang='lat' dir='ltr'><strong>refugii,</strong></span> <span class='ocrx_word' id='word_1_712' title='bbox 1560 5577 1629 5632; x_wconf 90' lang='lat' dir='ltr'><strong>ut</strong></span> <span class='ocrx_word' id='word_1_713' title='bbox 1669 5572 1905 5633; x_wconf 82' lang='lat' dir='ltr'><strong>salvum</strong></span> 
     </span>
    </p>
   </div>
   <div class='ocr_carea' id='block_1_92' title="bbox 244 5656 1908 5740">
    <p class='ocr_par' dir='ltr' id='par_1_92' title="bbox 244 5656 1908 5740">
     <span class='ocr_line' id='line_1_92' title="bbox 244 5656 1908 5740; baseline 0.005 -23"><span class='ocrx_word' id='word_1_714' title='bbox 244 5672 346 5717; x_wconf 91' lang='lat' dir='ltr'><strong>me</strong></span> <span class='ocrx_word' id='word_1_715' title='bbox 368 5656 576 5720; x_wconf 86' lang='lat' dir='ltr'><strong>facias.</strong></span> <span class='ocrx_word' id='word_1_716' title='bbox 596 5660 671 5720; x_wconf 85' lang='lat' dir='ltr'><strong>Et</strong></span> <span class='ocrx_word' id='word_1_717' title='bbox 700 5663 783 5732; x_wconf 90' lang='lat' dir='ltr'><strong>tu,</strong></span> <span class='ocrx_word' id='word_1_718' title='bbox 821 5659 1092 5729; x_wconf 89' lang='lat' dir='ltr'><strong>Domine,</strong></span> <span class='ocrx_word' id='word_1_719' title='bbox 1114 5661 1356 5734; x_wconf 70' lang='lat' dir='ltr'><strong>adiutor</strong></span> <span class='ocrx_word' id='word_1_720' title='bbox 1382 5661 1570 5722; x_wconf 85' lang='lat' dir='ltr'><strong>fortis.</strong></span> <span class='ocrx_word' id='word_1_721' title='bbox 1587 5662 1908 5740; x_wconf 83' lang='lat' dir='ltr'><strong>Repleatur</strong></span> 
     </span>
    </p>
   </div>
   <div class='ocr_carea' id='block_1_93' title="bbox 2002 3045 3662 3122">
    <p class='ocr_par' dir='ltr' id='par_1_93' title="bbox 2002 3045 3662 3122">
     <span class='ocr_line' id='line_1_93' title="bbox 2002 3045 3662 3122; baseline 0.002 -16"><span class='ocrx_word' id='word_1_722' title='bbox 2002 3045 2262 3106; x_wconf 89' lang='lat' dir='ltr'><strong>multum</strong></span> <span class='ocrx_word' id='word_1_723' title='bbox 2289 3046 2648 3119; x_wconf 88' lang='lat' dir='ltr'><strong>misericors,</strong></span> <span class='ocrx_word' id='word_1_724' title='bbox 2693 3051 2752 3105; x_wconf 91' lang='lat' dir='ltr'><strong>et</strong></span> <span class='ocrx_word' id='word_1_725' title='bbox 2791 3063 2991 3113; x_wconf 86' lang='lat' dir='ltr'><strong>verax,</strong></span> <span class='ocrx_word' id='word_1_726' title='bbox 3044 3048 3277 3122; x_wconf 85' lang='lat' dir='ltr'><strong>respice</strong></span> <span class='ocrx_word' id='word_1_727' title='bbox 3323 3048 3387 3106; x_wconf 84' lang='lat' dir='ltr'><strong>in</strong></span> <span class='ocrx_word' id='word_1_728' title='bbox 3431 3065 3550 3120; x_wconf 87' lang='lat' dir='ltr'><strong>me,</strong></span> <span class='ocrx_word' id='word_1_729' title='bbox 3600 3054 3662 3109; x_wconf 81' lang='lat' dir='ltr'><strong>et</strong></span> 
     </span>
    </p>
   </div>
   <div class='ocr_carea' id='block_1_94' title="bbox 1998 3136 3659 3212">
    <p class='ocr_par' dir='ltr' id='par_1_94' title="bbox 1998 3136 3659 3212">
     <span class='ocr_line' id='line_1_94' title="bbox 1998 3136 3659 3212; baseline 0.002 -16"><span class='ocrx_word' id='word_1_730' title='bbox 1998 3136 2279 3196; x_wconf 81' lang='lat' dir='ltr'><strong>miserere</strong></span> <span class='ocrx_word' id='word_1_731' title='bbox 2297 3137 2418 3194; x_wconf 84' lang='lat' dir='ltr'><strong>mei</strong></span> <span class='ocrx_word' id='word_1_732' title='bbox 2449 3155 2463 3195; x_wconf 87' lang='lat'><strong>:</strong></span> <span class='ocrx_word' id='word_1_733' title='bbox 2495 3137 2576 3195; x_wconf 85' lang='lat' dir='ltr'><strong>da</strong></span> <span class='ocrx_word' id='word_1_734' title='bbox 2603 3140 2957 3211; x_wconf 86' lang='lat' dir='ltr'><strong>potestatem</strong></span> <span class='ocrx_word' id='word_1_735' title='bbox 2977 3154 3167 3212; x_wconf 85' lang='lat' dir='ltr'><strong>puero</strong></span> <span class='ocrx_word' id='word_1_736' title='bbox 3181 3142 3305 3203; x_wconf 86' lang='lat' dir='ltr'><strong>tuo,</strong></span> <span class='ocrx_word' id='word_1_737' title='bbox 3337 3142 3397 3198; x_wconf 86' lang='lat' dir='ltr'><strong>et</strong></span> <span class='ocrx_word' id='word_1_738' title='bbox 3422 3139 3659 3199; x_wconf 83' lang='lat' dir='ltr'><strong>salvum</strong></span> 
     </span>
    </p>
   </div>
   <div class='ocr_carea' id='block_1_95' title="bbox 2000 3226 3657 3301">
    <p class='ocr_par' dir='ltr' id='par_1_95' title="bbox 2000 3226 3657 3301">
     <span class='ocr_line' id='line_1_95' title="bbox 2000 3226 3657 3301; baseline 0.002 -17"><span class='ocrx_word' id='word_1_739' title='bbox 2000 3226 2095 3284; x_wconf 91' lang='lat' dir='ltr'><strong>fac</strong></span> <span class='ocrx_word' id='word_1_740' title='bbox 2114 3226 2309 3284; x_wconf 84' lang='lat' dir='ltr'><strong>ﬁlium</strong></span> <span class='ocrx_word' id='word_1_741' title='bbox 2330 3226 2560 3284; x_wconf 86' lang='lat' dir='ltr'><strong>ancillae</strong></span> <span class='ocrx_word' id='word_1_742' title='bbox 2582 3228 2840 3288; x_wconf 84' lang='lat' dir='ltr'><strong>tuae.Fae</strong></span> <span class='ocrx_word' id='word_1_743' title='bbox 2854 3242 3116 3299; x_wconf 88' lang='lat' dir='ltr'><strong>mecum,</strong></span> <span class='ocrx_word' id='word_1_744' title='bbox 3131 3228 3399 3299; x_wconf 80' lang='lat' dir='ltr'><strong>Domine,</strong></span> <span class='ocrx_word' id='word_1_745' title='bbox 3413 3229 3657 3301; x_wconf 81' lang='lat' dir='ltr'><strong>signum</strong></span> 
     </span>
    </p>
   </div>
   <div class='ocr_carea' id='block_1_96' title="bbox 2000 3318 3658 3393">
    <p class='ocr_par' dir='ltr' id='par_1_96' title="bbox 2000 3318 3658 3393">
     <span class='ocr_line' id='line_1_96' title="bbox 2000 3318 3658 3393; baseline 0.001 -16"><span class='ocrx_word' id='word_1_746' title='bbox 2000 3320 2061 3377; x_wconf 76' lang='lat' dir='ltr'><strong>in</strong></span> <span class='ocrx_word' id='word_1_747' title='bbox 2097 3318 2353 3385; x_wconf 85' lang='lat' dir='ltr'><strong>bonum,</strong></span> <span class='ocrx_word' id='word_1_748' title='bbox 2383 3322 2450 3375; x_wconf 86' lang='lat' dir='ltr'><strong>ut</strong></span> <span class='ocrx_word' id='word_1_749' title='bbox 2475 3318 2721 3385; x_wconf 83' lang='lat' dir='ltr'><strong>videant</strong></span> <span class='ocrx_word' id='word_1_750' title='bbox 2751 3319 2858 3393; x_wconf 88' lang='lat' dir='ltr'><strong>qui</strong></span> <span class='ocrx_word' id='word_1_751' title='bbox 2883 3334 2984 3377; x_wconf 88' lang='lat' dir='ltr'><strong>me</strong></span> <span class='ocrx_word' id='word_1_752' title='bbox 3011 3320 3269 3379; x_wconf 84' lang='lat' dir='ltr'><strong>oderunt</strong></span> <span class='ocrx_word' id='word_1_753' title='bbox 3309 3324 3368 3378; x_wconf 90' lang='lat' dir='ltr'><strong>et</strong></span> <span class='ocrx_word' id='word_1_754' title='bbox 3409 3320 3658 3378; x_wconf 85' lang='lat' dir='ltr'><strong>confun-</strong></span> 
     </span>
    </p>
   </div>
   <div class='ocr_carea' id='block_1_97' title="bbox 1999 3408 3657 3483">
    <p class='ocr_par' dir='ltr' id='par_1_97' title="bbox 1999 3408 3657 3483">
     <span class='ocr_line' id='line_1_97' title="bbox 1999 3408 3657 3483; baseline 0.002 -17"><span class='ocrx_word' id='word_1_755' title='bbox 1999 3409 2242 3480; x_wconf 81' lang='lat' dir='ltr'><strong>dantur,</strong></span> <span class='ocrx_word' id='word_1_756' title='bbox 2283 3408 2573 3483; x_wconf 85' lang='lat' dir='ltr'><strong>quoniam</strong></span> <span class='ocrx_word' id='word_1_757' title='bbox 2612 3411 2696 3481; x_wconf 84' lang='lat' dir='ltr'><strong>tu,</strong></span> <span class='ocrx_word' id='word_1_758' title='bbox 2744 3408 3016 3483; x_wconf 87' lang='lat' dir='ltr'><strong>Domine,</strong></span> <span class='ocrx_word' id='word_1_759' title='bbox 3057 3409 3340 3483; x_wconf 80' lang='lat' dir='ltr'><strong>adjuvisti</strong></span> <span class='ocrx_word' id='word_1_760' title='bbox 3382 3426 3500 3469; x_wconf 90' lang='lat' dir='ltr'><strong>me.</strong></span> <span class='ocrx_word' id='word_1_761' title='bbox 3545 3411 3657 3470; x_wconf 85' lang='lat' dir='ltr'><strong>Do-</strong></span> 
     </span>
    </p>
   </div>
   <div class='ocr_carea' id='block_1_98' title="bbox 1999 3497 3657 3571">
    <p class='ocr_par' dir='ltr' id='par_1_98' title="bbox 1999 3497 3657 3571">
     <span class='ocr_line' id='line_1_98' title="bbox 1999 3497 3657 3571; baseline 0.002 -16"><span class='ocrx_word' id='word_1_762' title='bbox 1999 3498 2164 3556; x_wconf 87' lang='lat' dir='ltr'><strong>mine</strong></span> <span class='ocrx_word' id='word_1_763' title='bbox 2191 3500 2349 3556; x_wconf 84' lang='lat' dir='ltr'><strong>Deus</strong></span> <span class='ocrx_word' id='word_1_764' title='bbox 2380 3497 2586 3556; x_wconf 85' lang='lat' dir='ltr'><strong>salutis</strong></span> <span class='ocrx_word' id='word_1_765' title='bbox 2615 3512 2788 3571; x_wconf 79' lang='lat' dir='ltr'><strong>meas,</strong></span> <span class='ocrx_word' id='word_1_766' title='bbox 2807 3498 2871 3555; x_wconf 87' lang='lat' dir='ltr'><strong>in</strong></span> <span class='ocrx_word' id='word_1_767' title='bbox 2889 3498 2988 3557; x_wconf 85' lang='lat' dir='ltr'><strong>die</strong></span> <span class='ocrx_word' id='word_1_768' title='bbox 3011 3497 3270 3561; x_wconf 73' lang='lat' dir='ltr'><strong>clamavi</strong></span> <span class='ocrx_word' id='word_1_769' title='bbox 3289 3503 3346 3558; x_wconf 90' lang='lat' dir='ltr'><strong>et</strong></span> <span class='ocrx_word' id='word_1_770' title='bbox 3362 3503 3538 3559; x_wconf 82' lang='lat' dir='ltr'><strong>nocte</strong></span> <span class='ocrx_word' id='word_1_771' title='bbox 3559 3515 3657 3559; x_wconf 86' lang='lat' dir='ltr'><strong>cc-</strong></span> 
     </span>
    </p>
   </div>
   <div class='ocr_carea' id='block_1_99' title="bbox 1998 3586 3657 3663">
    <p class='ocr_par' dir='ltr' id='par_1_99' title="bbox 1998 3586 3657 3663">
     <span class='ocr_line' id='line_1_99' title="bbox 1998 3586 3657 3663; baseline 0.001 -14"><span class='ocrx_word' id='word_1_772' title='bbox 1998 3606 2134 3649; x_wconf 87' lang='lat' dir='ltr'><strong>ram</strong></span> <span class='ocrx_word' id='word_1_773' title='bbox 2153 3590 2272 3662; x_wconf 85' lang='lat' dir='ltr'><strong>[te].</strong></span> <span class='ocrx_word' id='word_1_774' title='bbox 2288 3591 2467 3647; x_wconf 89' lang='lat' dir='ltr'><strong>Intret</strong></span> <span class='ocrx_word' id='word_1_775' title='bbox 2485 3586 2675 3655; x_wconf 78' lang='lat' dir='ltr'><strong>oratio</strong></span> <span class='ocrx_word' id='word_1_776' title='bbox 2697 3587 2914 3648; x_wconf 88' lang='lat' dir='ltr'><strong>meain</strong></span> <span class='ocrx_word' id='word_1_777' title='bbox 2932 3593 3260 3663; x_wconf 83' lang='lat' dir='ltr'><strong>conspectu</strong></span> <span class='ocrx_word' id='word_1_778' title='bbox 3277 3593 3381 3649; x_wconf 91' lang='lat' dir='ltr'><strong>tuo</strong></span> <span class='ocrx_word' id='word_1_779' title='bbox 3399 3606 3414 3648; x_wconf 89' lang='lat'><strong>:</strong></span> <span class='ocrx_word' id='word_1_780' title='bbox 3430 3591 3657 3651; x_wconf 85' lang='lat' dir='ltr'><strong>inclina</strong></span> 
     </span>
    </p>
   </div>
   <div class='ocr_carea' id='block_1_100' title="bbox 2000 3678 3657 3752">
    <p class='ocr_par' dir='ltr' id='par_1_100' title="bbox 2000 3678 3657 3752">
     <span class='ocr_line' id='line_1_100' title="bbox 2000 3678 3657 3752; baseline -0.001 -12"><span class='ocrx_word' id='word_1_781' title='bbox 2000 3696 2212 3740; x_wconf 89' lang='lat' dir='ltr'><strong>aurem</strong></span> <span class='ocrx_word' id='word_1_782' title='bbox 2239 3682 2409 3737; x_wconf 89' lang='lat' dir='ltr'><strong>tuam</strong></span> <span class='ocrx_word' id='word_1_783' title='bbox 2435 3678 2516 3738; x_wconf 84' lang='lat' dir='ltr'><strong>ad</strong></span> <span class='ocrx_word' id='word_1_784' title='bbox 2543 3693 2785 3752; x_wconf 85' lang='lat' dir='ltr'><strong>precem</strong></span> <span class='ocrx_word' id='word_1_785' title='bbox 2822 3694 3047 3751; x_wconf 83' lang='lat' dir='ltr'><strong>meam,</strong></span> <span class='ocrx_word' id='word_1_786' title='bbox 3076 3679 3347 3741; x_wconf 81' lang='lat' dir='ltr'><strong>Domine.</strong></span> <span class='ocrx_word' id='word_1_787' title='bbox 3378 3679 3488 3739; x_wconf 83' lang='lat' dir='ltr'><strong>Ubi</strong></span> <span class='ocrx_word' id='word_1_788' title='bbox 3515 3684 3657 3740; x_wconf 88' lang='lat' dir='ltr'><strong>sunt</strong></span> 
     </span>
    </p>
   </div>
   <div class='ocr_carea' id='block_1_101' title="bbox 1998 3767 3656 3844">
    <p class='ocr_par' dir='ltr' id='par_1_101' title="bbox 1998 3767 3656 3844">
     <span class='ocr_line' id='line_1_101' title="bbox 1998 3767 3656 3844; baseline 0 -15"><span class='ocrx_word' id='word_1_789' title='bbox 1998 3767 2420 3829; x_wconf 80' lang='lat' dir='ltr'><strong>misericordiae</strong></span> <span class='ocrx_word' id='word_1_790' title='bbox 2468 3772 2586 3826; x_wconf 73' lang='lat' dir='ltr'><strong>tum</strong></span> <span class='ocrx_word' id='word_1_791' title='bbox 2634 3768 2897 3840; x_wconf 65' lang='lat' dir='ltr'><strong>antiquis</strong></span> <span class='ocrx_word' id='word_1_792' title='bbox 2943 3769 3215 3839; x_wconf 81' lang='lat' dir='ltr'><strong>Domine,</strong></span> <span class='ocrx_word' id='word_1_793' title='bbox 3265 3770 3417 3829; x_wconf 88' lang='lat' dir='ltr'><strong>sicut</strong></span> <span class='ocrx_word' id='word_1_794' title='bbox 3440 3769 3656 3844; x_wconf 82' lang='lat' dir='ltr'><strong>jurasti</strong></span> 
     </span>
    </p>
   </div>
   <div class='ocr_carea' id='block_1_102' title="bbox 1999 3857 3654 3933">
    <p class='ocr_par' dir='ltr' id='par_1_102' title="bbox 1999 3857 3654 3933">
     <span class='ocr_line' id='line_1_102' title="bbox 1999 3857 3654 3933; baseline 0 -16"><span class='ocrx_word' id='word_1_795' title='bbox 1999 3860 2187 3919; x_wconf 85' lang='lat' dir='ltr'><strong>David</strong></span> <span class='ocrx_word' id='word_1_796' title='bbox 2213 3860 2277 3916; x_wconf 90' lang='lat' dir='ltr'><strong>in</strong></span> <span class='ocrx_word' id='word_1_797' title='bbox 2306 3858 2552 3915; x_wconf 86' lang='lat' dir='ltr'><strong>veritate</strong></span> <span class='ocrx_word' id='word_1_798' title='bbox 2581 3861 2684 3921; x_wconf 84' lang='lat' dir='ltr'><strong>tua</strong></span> <span class='ocrx_word' id='word_1_799' title='bbox 2702 3857 2731 3913; x_wconf 78' lang='lat'><strong>?</strong></span> <span class='ocrx_word' id='word_1_800' title='bbox 2768 3859 2989 3916; x_wconf 80' lang='lat' dir='ltr'><strong>Memor</strong></span> <span class='ocrx_word' id='word_1_801' title='bbox 3021 3861 3148 3916; x_wconf 86' lang='lat' dir='ltr'><strong>esto</strong></span> <span class='ocrx_word' id='word_1_802' title='bbox 3175 3857 3483 3933; x_wconf 83' lang='lat' dir='ltr'><strong>opprobrii</strong></span> <span class='ocrx_word' id='word_1_803' title='bbox 3529 3876 3654 3917; x_wconf 83' lang='lat' dir='ltr'><strong>ser-</strong></span> 
     </span>
    </p>
   </div>
   <div class='ocr_carea' id='block_1_103' title="bbox 2000 3946 3654 4021">
    <p class='ocr_par' dir='ltr' id='par_1_103' title="bbox 2000 3946 3654 4021">
     <span class='ocr_line' id='line_1_103' title="bbox 2000 3946 3654 4021; baseline -0.002 -12"><span class='ocrx_word' id='word_1_804' title='bbox 2000 3967 2215 4009; x_wconf 90' lang='lat' dir='ltr'><strong>vorum</strong></span> <span class='ocrx_word' id='word_1_805' title='bbox 2244 3953 2488 4007; x_wconf 86' lang='lat' dir='ltr'><strong>tuorum</strong></span> <span class='ocrx_word' id='word_1_806' title='bbox 2519 3946 2708 4021; x_wconf 88' lang='lat' dir='ltr'><strong>(quod</strong></span> <span class='ocrx_word' id='word_1_807' title='bbox 2747 3947 3017 4004; x_wconf 86' lang='lat' dir='ltr'><strong>continui</strong></span> <span class='ocrx_word' id='word_1_808' title='bbox 3057 3947 3120 4004; x_wconf 91' lang='lat' dir='ltr'><strong>in</strong></span> <span class='ocrx_word' id='word_1_809' title='bbox 3149 3947 3285 4006; x_wconf 84' lang='lat' dir='ltr'><strong>sinu</strong></span> <span class='ocrx_word' id='word_1_810' title='bbox 3312 3948 3467 4021; x_wconf 87' lang='lat' dir='ltr'><strong>meo)</strong></span> <span class='ocrx_word' id='word_1_811' title='bbox 3496 3947 3654 4006; x_wconf 78' lang='lat' dir='ltr'><strong>mu!-</strong></span> 
     </span>
    </p>
   </div>
   <div class='ocr_carea' id='block_1_104' title="bbox 1998 4035 3367 4109">
    <p class='ocr_par' dir='ltr' id='par_1_104' title="bbox 1998 4035 3367 4109">
     <span class='ocr_line' id='line_1_104' title="bbox 1998 4035 3367 4109; baseline -0.002 -12"><span class='ocrx_word' id='word_1_812' title='bbox 1998 4045 2197 4100; x_wconf 87' lang='lat' dir='ltr'><strong>tarum</strong></span> <span class='ocrx_word' id='word_1_813' title='bbox 2226 4035 2514 4109; x_wconf 82' lang='lat' dir='ltr'><strong>gentium.</strong></span> <span class='ocrx_word' id='word_1_814' title='bbox 3364 4066 3367 4071; x_wconf 62' lang='grc'>‹</span> 
     </span>
    </p>
   </div>
   <div class='ocr_carea' id='block_1_105' title="bbox 2071 4126 3656 4201">
    <p class='ocr_par' dir='ltr' id='par_1_105' title="bbox 2071 4126 3656 4201">
     <span class='ocr_line' id='line_1_105' title="bbox 2071 4126 3656 4201; baseline -0.001 -16"><span class='ocrx_word' id='word_1_815' title='bbox 2071 4131 2446 4197; x_wconf 81' lang='lat' dir='ltr'><strong>Convertere,</strong></span> <span class='ocrx_word' id='word_1_816' title='bbox 2503 4126 2775 4197; x_wconf 86' lang='lat' dir='ltr'><strong>Domine,</strong></span> <span class='ocrx_word' id='word_1_817' title='bbox 2825 4126 3289 4201; x_wconf 87' lang='lat' dir='ltr'><strong>aliquantulum,</strong></span> <span class='ocrx_word' id='word_1_818' title='bbox 3343 4131 3401 4186; x_wconf 87' lang='lat' dir='ltr'><strong>et</strong></span> <span class='ocrx_word' id='word_1_819' title='bbox 3441 4126 3656 4201; x_wconf 79' lang='lat' dir='ltr'><strong>depre-</strong></span> 
     </span>
    </p>
   </div>
   <div class='ocr_carea' id='block_1_106' title="bbox 2002 4216 3657 4293">
    <p class='ocr_par' dir='ltr' id='par_1_106' title="bbox 2002 4216 3657 4293">
     <span class='ocr_line' id='line_1_106' title="bbox 2002 4216 3657 4293; baseline -0.001 -14"><span class='ocrx_word' id='word_1_820' title='bbox 2002 4236 2139 4279; x_wconf 84' lang='lat' dir='ltr'><strong>care</strong></span> <span class='ocrx_word' id='word_1_821' title='bbox 2163 4233 2346 4292; x_wconf 83' lang='lat' dir='ltr'><strong>super</strong></span> <span class='ocrx_word' id='word_1_822' title='bbox 2372 4230 2577 4275; x_wconf 87' lang='lat' dir='ltr'><strong>servos</strong></span> <span class='ocrx_word' id='word_1_823' title='bbox 2605 4219 2761 4275; x_wconf 88' lang='lat' dir='ltr'><strong>tuos.</strong></span> <span class='ocrx_word' id='word_1_824' title='bbox 2792 4220 2860 4276; x_wconf 83' lang='lat' dir='ltr'><strong>Et</strong></span> <span class='ocrx_word' id='word_1_825' title='bbox 2879 4217 2931 4275; x_wconf 89' lang='lat' dir='ltr'><strong>si</strong></span> <span class='ocrx_word' id='word_1_826' title='bbox 2974 4217 3261 4292; x_wconf 88' lang='lat' dir='ltr'><strong>splendor</strong></span> <span class='ocrx_word' id='word_1_827' title='bbox 3294 4216 3529 4277; x_wconf 84' lang='lat' dir='ltr'><strong>Domini</strong></span> <span class='ocrx_word' id='word_1_828' title='bbox 3553 4218 3657 4293; x_wconf 82' lang='lat' dir='ltr'><strong>Dei</strong></span> 
     </span>
    </p>
   </div>
   <div class='ocr_carea' id='block_1_107' title="bbox 2002 4310 3657 4383">
    <p class='ocr_par' dir='ltr' id='par_1_107' title="bbox 2002 4310 3657 4383">
     <span class='ocr_line' id='line_1_107' title="bbox 2002 4310 3657 4383; baseline -0.001 -13"><span class='ocrx_word' id='word_1_829' title='bbox 2002 4311 2190 4370; x_wconf 84' lang='lat' dir='ltr'><strong>nostri</strong></span> <span class='ocrx_word' id='word_1_830' title='bbox 2235 4323 2416 4382; x_wconf 84' lang='lat' dir='ltr'><strong>super</strong></span> <span class='ocrx_word' id='word_1_831' title='bbox 2451 4322 2586 4379; x_wconf 89' lang='lat' dir='ltr'><strong>nos,</strong></span> <span class='ocrx_word' id='word_1_832' title='bbox 2627 4310 2685 4366; x_wconf 88' lang='lat' dir='ltr'><strong>et</strong></span> <span class='ocrx_word' id='word_1_833' title='bbox 2735 4323 2926 4383; x_wconf 86' lang='lat' dir='ltr'><strong>opera</strong></span> <span class='ocrx_word' id='word_1_834' title='bbox 2966 4312 3266 4367; x_wconf 85' lang='lat' dir='ltr'><strong>manuum</strong></span> <span class='ocrx_word' id='word_1_835' title='bbox 3307 4312 3657 4383; x_wconf 78' lang='lat' dir='ltr'><strong>nostrarum</strong></span> 
     </span>
    </p>
   </div>
   <div class='ocr_carea' id='block_1_108' title="bbox 2002 4397 3657 4491">
    <p class='ocr_par' dir='ltr' id='par_1_108' title="bbox 2002 4397 3657 4491">
     <span class='ocr_line' id='line_1_108' title="bbox 2002 4397 3657 4491; baseline -0.001 -30"><span class='ocrx_word' id='word_1_836' title='bbox 2002 4402 2193 4475; x_wconf 81' lang='lat' dir='ltr'><strong>dirige</strong></span> <span class='ocrx_word' id='word_1_837' title='bbox 2217 4410 2398 4474; x_wconf 86' lang='lat' dir='ltr'><strong>super</strong></span> <span class='ocrx_word' id='word_1_838' title='bbox 2412 4413 2545 4457; x_wconf 80' lang='lat' dir='ltr'><strong>nos.</strong></span> <span class='ocrx_word' id='word_1_839' title='bbox 2565 4398 2817 4457; x_wconf 87' lang='lat' dir='ltr'><strong>Domine</strong></span> <span class='ocrx_word' id='word_1_840' title='bbox 2838 4398 3058 4457; x_wconf 83' lang='lat' dir='ltr'><strong>exaudi</strong></span> <span class='ocrx_word' id='word_1_841' title='bbox 3076 4397 3411 4475; x_wconf 80' lang='lat' dir='ltr'><strong>orationem</strong></span> <span class='ocrx_word' id='word_1_842' title='bbox 3431 4415 3657 4491; x_wconf 80' lang='lat' dir='ltr'><strong>meam,</strong></span> 
     </span>
    </p>
   </div>
   <div class='ocr_carea' id='block_1_109' title="bbox 2003 4488 3661 4569">
    <p class='ocr_par' dir='ltr' id='par_1_109' title="bbox 2003 4488 3661 4569">
     <span class='ocr_line' id='line_1_109' title="bbox 2003 4488 3661 4569; baseline -0.001 -18"><span class='ocrx_word' id='word_1_843' title='bbox 2003 4498 2062 4551; x_wconf 86' lang='lat' dir='ltr'><strong>et</strong></span> <span class='ocrx_word' id='word_1_844' title='bbox 2085 4492 2315 4550; x_wconf 87' lang='lat' dir='ltr'><strong>clamor</strong></span> <span class='ocrx_word' id='word_1_845' title='bbox 2337 4504 2510 4546; x_wconf 88' lang='lat' dir='ltr'><strong>meus</strong></span> <span class='ocrx_word' id='word_1_846' title='bbox 2538 4488 2619 4547; x_wconf 89' lang='lat' dir='ltr'><strong>ad</strong></span> <span class='ocrx_word' id='word_1_847' title='bbox 2644 4492 2699 4546; x_wconf 90' lang='lat' dir='ltr'><strong>te</strong></span> <span class='ocrx_word' id='word_1_848' title='bbox 2722 4488 3045 4562; x_wconf 85' lang='lat' dir='ltr'><strong>perveniat.</strong></span> <span class='ocrx_word' id='word_1_849' title='bbox 3078 4490 3159 4545; x_wconf 89' lang='lat' dir='ltr'><strong>Ne</strong></span> <span class='ocrx_word' id='word_1_850' title='bbox 3184 4492 3417 4569; x_wconf 79' lang='lat' dir='ltr'><strong>avertas</strong></span> <span class='ocrx_word' id='word_1_851' title='bbox 3442 4488 3661 4550; x_wconf 83' lang='lat' dir='ltr'><strong>faciem</strong></span> 
     </span>
    </p>
   </div>
   <div class='ocr_carea' id='block_1_110' title="bbox 2004 4577 3661 4653">
    <p class='ocr_par' dir='ltr' id='par_1_110' title="bbox 2004 4577 3661 4653">
     <span class='ocr_line' id='line_1_110' title="bbox 2004 4577 3661 4653; baseline -0.002 -10"><span class='ocrx_word' id='word_1_852' title='bbox 2004 4588 2174 4645; x_wconf 84' lang='lat' dir='ltr'><strong>tuam</strong></span> <span class='ocrx_word' id='word_1_853' title='bbox 2197 4599 2236 4640; x_wconf 88' lang='lat' dir='ltr'><strong>a</strong></span> <span class='ocrx_word' id='word_1_854' title='bbox 2258 4580 2362 4643; x_wconf 89' lang='lat' dir='ltr'><strong>me</strong></span> <span class='ocrx_word' id='word_1_855' title='bbox 2387 4596 2401 4637; x_wconf 85' lang='lat'><strong>:</strong></span> <span class='ocrx_word' id='word_1_856' title='bbox 2426 4580 2489 4637; x_wconf 88' lang='lat' dir='ltr'><strong>in</strong></span> <span class='ocrx_word' id='word_1_857' title='bbox 2511 4584 2879 4653; x_wconf 85' lang='lat' dir='ltr'><strong>quacunque</strong></span> <span class='ocrx_word' id='word_1_858' title='bbox 2908 4577 3005 4636; x_wconf 87' lang='lat' dir='ltr'><strong>die</strong></span> <span class='ocrx_word' id='word_1_859' title='bbox 3031 4578 3301 4650; x_wconf 82' lang='lat' dir='ltr'><strong>tribulor,</strong></span> <span class='ocrx_word' id='word_1_860' title='bbox 3332 4578 3555 4640; x_wconf 83' lang='lat' dir='ltr'><strong>inclina</strong></span> <span class='ocrx_word' id='word_1_861' title='bbox 3579 4580 3661 4639; x_wconf 89' lang='lat' dir='ltr'><strong>ad</strong></span> 
     </span>
    </p>
   </div>
   <div class='ocr_carea' id='block_1_111' title="bbox 2004 4668 3658 4747">
    <p class='ocr_par' dir='ltr' id='par_1_111' title="bbox 2004 4668 3658 4747">
     <span class='ocr_line' id='line_1_111' title="bbox 2004 4668 3658 4747; baseline 0 -14"><span class='ocrx_word' id='word_1_862' title='bbox 2004 4690 2103 4733; x_wconf 85' lang='lat' dir='ltr'><strong>me</strong></span> <span class='ocrx_word' id='word_1_863' title='bbox 2123 4689 2331 4732; x_wconf 81' lang='lat' dir='ltr'><strong>aurem</strong></span> <span class='ocrx_word' id='word_1_864' title='bbox 2358 4675 2574 4729; x_wconf 81' lang='lat' dir='ltr'><strong>tuam:</strong></span> <span class='ocrx_word' id='word_1_865' title='bbox 2602 4668 2666 4726; x_wconf 87' lang='lat' dir='ltr'><strong>in</strong></span> <span class='ocrx_word' id='word_1_866' title='bbox 2680 4683 3045 4743; x_wconf 85' lang='lat' dir='ltr'><strong>quacunque</strong></span> <span class='ocrx_word' id='word_1_867' title='bbox 3075 4668 3171 4729; x_wconf 86' lang='lat' dir='ltr'><strong>die</strong></span> <span class='ocrx_word' id='word_1_868' title='bbox 3195 4668 3559 4739; x_wconf 88' lang='lat' dir='ltr'><strong>invocavero</strong></span> <span class='ocrx_word' id='word_1_869' title='bbox 3579 4674 3658 4747; x_wconf 83' lang='lat' dir='ltr'><strong>te,</strong></span> 
     </span>
    </p>
   </div>
   <div class='ocr_carea' id='block_1_112' title="bbox 2006 4750 3662 4838">
    <p class='ocr_par' dir='ltr' id='par_1_112' title="bbox 2006 4750 3662 4838">
     <span class='ocr_line' id='line_1_112' title="bbox 2006 4750 3662 4838; baseline -0.001 -19"><span class='ocrx_word' id='word_1_870' title='bbox 2006 4761 2283 4826; x_wconf 87' lang='lat' dir='ltr'><strong>velociter</strong></span> <span class='ocrx_word' id='word_1_871' title='bbox 2329 4759 2549 4819; x_wconf 88' lang='lat' dir='ltr'><strong>exaudi</strong></span> <span class='ocrx_word' id='word_1_872' title='bbox 2594 4774 2713 4817; x_wconf 89' lang='lat' dir='ltr'><strong>me.</strong></span> <span class='ocrx_word' id='word_1_873' title='bbox 2764 4761 2846 4816; x_wconf 89' lang='lat' dir='ltr'><strong>Ne</strong></span> <span class='ocrx_word' id='word_1_874' title='bbox 2894 4757 3116 4835; x_wconf 85' lang='lat' dir='ltr'><strong>educas</strong></span> <span class='ocrx_word' id='word_1_875' title='bbox 3155 4775 3255 4818; x_wconf 91' lang='lat' dir='ltr'>me</span> <span class='ocrx_word' id='word_1_876' title='bbox 3299 4758 3363 4817; x_wconf 87' lang='lat' dir='ltr'><strong>in</strong></span> <span class='ocrx_word' id='word_1_877' title='bbox 3409 4750 3662 4838; x_wconf 79' lang='lat' dir='ltr'><strong>dimidio</strong></span> 
     </span>
    </p>
   </div>
   <div class='ocr_carea' id='block_1_113' title="bbox 2006 4844 3663 4926">
    <p class='ocr_par' dir='ltr' id='par_1_113' title="bbox 2006 4844 3663 4926">
     <span class='ocr_line' id='line_1_113' title="bbox 2006 4844 3663 4926; baseline -0.004 -13"><span class='ocrx_word' id='word_1_878' title='bbox 2006 4852 2241 4913; x_wconf 82' lang='lat' dir='ltr'><strong>dierum</strong></span> <span class='ocrx_word' id='word_1_879' title='bbox 2269 4844 2547 4909; x_wconf 84' lang='lat' dir='ltr'><strong>meorum</strong></span> <span class='ocrx_word' id='word_1_880' title='bbox 2561 4850 2624 4909; x_wconf 89' lang='lat' dir='ltr'><strong>in</strong></span> <span class='ocrx_word' id='word_1_881' title='bbox 2647 4849 3095 4922; x_wconf 78' lang='lat' dir='ltr'><strong>generationem</strong></span> <span class='ocrx_word' id='word_1_882' title='bbox 3126 4853 3185 4909; x_wconf 89' lang='lat' dir='ltr'><strong>et</strong></span> <span class='ocrx_word' id='word_1_883' title='bbox 3211 4849 3663 4926; x_wconf 73' lang='lat' dir='ltr'><strong>generationem</strong></span> 
     </span>
    </p>
   </div>
   <div class='ocr_carea' id='block_1_114' title="bbox 2007 4932 3665 5021">
    <p class='ocr_par' dir='ltr' id='par_1_114' title="bbox 2007 4932 3665 5021">
     <span class='ocr_line' id='line_1_114' title="bbox 2007 4932 3665 5021; baseline 0.001 -22"><span class='ocrx_word' id='word_1_884' title='bbox 2007 4942 2151 4999; x_wconf 90' lang='lat' dir='ltr'><strong>anni</strong></span> <span class='ocrx_word' id='word_1_885' title='bbox 2180 4941 2283 4999; x_wconf 86' lang='lat' dir='ltr'><strong>tui.</strong></span> <span class='ocrx_word' id='word_1_886' title='bbox 2314 4943 2381 4999; x_wconf 83' lang='lat' dir='ltr'><strong>Et</strong></span> <span class='ocrx_word' id='word_1_887' title='bbox 2395 4945 2479 5011; x_wconf 89' lang='lat' dir='ltr'><strong>tu,</strong></span> <span class='ocrx_word' id='word_1_888' title='bbox 2502 4940 2774 5011; x_wconf 90' lang='lat' dir='ltr'><strong>Domine,</strong></span> <span class='ocrx_word' id='word_1_889' title='bbox 2801 4940 2896 4999; x_wconf 90' lang='lat' dir='ltr'><strong>fac</strong></span> <span class='ocrx_word' id='word_1_890' title='bbox 2923 4955 3166 5021; x_wconf 84' lang='lat' dir='ltr'><strong>mecum</strong></span> <span class='ocrx_word' id='word_1_891' title='bbox 3189 4932 3665 5019; x_wconf 72' lang='lat' dir='ltr'><strong>misericordiam</strong></span> 
     </span>
    </p>
   </div>
   <div class='ocr_carea' id='block_1_115' title="bbox 2006 5027 3668 5113">
    <p class='ocr_par' dir='ltr' id='par_1_115' title="bbox 2006 5027 3668 5113">
     <span class='ocr_line' id='line_1_115' title="bbox 2006 5027 3668 5113; baseline 0.001 -28"><span class='ocrx_word' id='word_1_892' title='bbox 2006 5033 2251 5102; x_wconf 86' lang='lat' dir='ltr'><strong>propter</strong></span> <span class='ocrx_word' id='word_1_893' title='bbox 2273 5044 2497 5087; x_wconf 88' lang='lat' dir='ltr'><strong>nomen</strong></span> <span class='ocrx_word' id='word_1_894' title='bbox 2526 5033 2720 5100; x_wconf 87' lang='lat' dir='ltr'><strong>tuum,</strong></span> <span class='ocrx_word' id='word_1_895' title='bbox 2753 5029 3046 5113; x_wconf 78' lang='lat' dir='ltr'><strong>quoniam</strong></span> <span class='ocrx_word' id='word_1_896' title='bbox 3075 5029 3280 5090; x_wconf 85' lang='lat' dir='ltr'><strong>suavis</strong></span> <span class='ocrx_word' id='word_1_897' title='bbox 3319 5032 3409 5109; x_wconf 83' lang='lat' dir='ltr'><strong>est</strong></span> <span class='ocrx_word' id='word_1_898' title='bbox 3435 5027 3668 5103; x_wconf 84' lang='lat' dir='ltr'><strong>miseri-</strong></span> 
     </span>
    </p>
   </div>
   <div class='ocr_carea' id='block_1_116' title="bbox 2008 5116 3668 5201">
    <p class='ocr_par' dir='ltr' id='par_1_116' title="bbox 2008 5116 3668 5201">
     <span class='ocr_line' id='line_1_116' title="bbox 2008 5116 3668 5201; baseline 0.002 -28"><span class='ocrx_word' id='word_1_899' title='bbox 2008 5116 2213 5174; x_wconf 88' lang='lat' dir='ltr'><strong>cordia</strong></span> <span class='ocrx_word' id='word_1_900' title='bbox 2238 5121 2363 5175; x_wconf 78' lang='lat' dir='ltr'><strong>tua.</strong></span> <span class='ocrx_word' id='word_1_901' title='bbox 2386 5118 2598 5178; x_wconf 82' lang='lat' dir='ltr'><strong>Libera</strong></span> <span class='ocrx_word' id='word_1_902' title='bbox 2623 5136 2742 5192; x_wconf 91' lang='lat' dir='ltr'><strong>me,</strong></span> <span class='ocrx_word' id='word_1_903' title='bbox 2773 5120 3064 5199; x_wconf 86' lang='lat' dir='ltr'><strong>quoniam</strong></span> <span class='ocrx_word' id='word_1_904' title='bbox 3091 5132 3319 5192; x_wconf 85' lang='lat' dir='ltr'><strong>egenus</strong></span> <span class='ocrx_word' id='word_1_905' title='bbox 3347 5123 3405 5197; x_wconf 85' lang='lat' dir='ltr'><strong>et</strong></span> <span class='ocrx_word' id='word_1_906' title='bbox 3433 5130 3668 5201; x_wconf 77' lang='lat' dir='ltr'><strong>pauper</strong></span> 
     </span>
    </p>
   </div>
   <div class='ocr_carea' id='block_1_117' title="bbox 2011 5209 3667 5282">
    <p class='ocr_par' dir='ltr' id='par_1_117' title="bbox 2011 5209 3667 5282">
     <span class='ocr_line' id='line_1_117' title="bbox 2011 5209 3667 5282; baseline 0.002 -19"><span class='ocrx_word' id='word_1_907' title='bbox 2011 5221 2151 5263; x_wconf 91' lang='lat' dir='ltr'><strong>sum</strong></span> <span class='ocrx_word' id='word_1_908' title='bbox 2188 5220 2322 5278; x_wconf 85' lang='lat' dir='ltr'><strong>ego,</strong></span> <span class='ocrx_word' id='word_1_909' title='bbox 2367 5211 2425 5265; x_wconf 82' lang='lat' dir='ltr'><strong>et</strong></span> <span class='ocrx_word' id='word_1_910' title='bbox 2479 5223 2581 5267; x_wconf 93' lang='lat' dir='ltr'><strong>cor</strong></span> <span class='ocrx_word' id='word_1_911' title='bbox 2621 5210 2828 5269; x_wconf 87' lang='lat' dir='ltr'><strong>meum</strong></span> <span class='ocrx_word' id='word_1_912' title='bbox 2857 5210 3287 5270; x_wconf 83' lang='lat' dir='ltr'><strong>conturbatum</strong></span> <span class='ocrx_word' id='word_1_913' title='bbox 3315 5212 3406 5275; x_wconf 84' lang='lat' dir='ltr'><strong>est</strong></span> <span class='ocrx_word' id='word_1_914' title='bbox 3451 5209 3515 5267; x_wconf 92' lang='lat' dir='ltr'><strong>in</strong></span> <span class='ocrx_word' id='word_1_915' title='bbox 3543 5225 3667 5282; x_wconf 78' lang='lat' dir='ltr'><strong>me.</strong></span> 
     </span>
    </p>
   </div>
   <div class='ocr_carea' id='block_1_118' title="bbox 2013 5292 3672 5379">
    <p class='ocr_par' dir='ltr' id='par_1_118' title="bbox 2013 5292 3672 5379">
     <span class='ocr_line' id='line_1_118' title="bbox 2013 5292 3672 5379; baseline 0 -22"><span class='ocrx_word' id='word_1_916' title='bbox 2013 5296 2176 5357; x_wconf 86' lang='lat' dir='ltr'><strong>Sicut</strong></span> <span class='ocrx_word' id='word_1_917' title='bbox 2218 5297 2436 5356; x_wconf 85' lang='lat' dir='ltr'><strong>umbra</strong></span> <span class='ocrx_word' id='word_1_918' title='bbox 2484 5314 2624 5356; x_wconf 91' lang='lat' dir='ltr'><strong>cum</strong></span> <span class='ocrx_word' id='word_1_919' title='bbox 2677 5292 2939 5362; x_wconf 87' lang='lat' dir='ltr'><strong>declinat</strong></span> <span class='ocrx_word' id='word_1_920' title='bbox 2983 5303 3220 5369; x_wconf 86' lang='lat' dir='ltr'><strong>ablatus</strong></span> <span class='ocrx_word' id='word_1_921' title='bbox 3261 5300 3420 5379; x_wconf 68' lang='lat' dir='ltr'><strong>sum,</strong></span> <span class='ocrx_word' id='word_1_922' title='bbox 3467 5303 3529 5373; x_wconf 83' lang='lat' dir='ltr'><strong>et</strong></span> <span class='ocrx_word' id='word_1_923' title='bbox 3571 5316 3672 5369; x_wconf 78' lang='lat' dir='ltr'><strong>ex-</strong></span> 
     </span>
    </p>
   </div>
   <div class='ocr_carea' id='block_1_119' title="bbox 2013 5379 3675 5475">
    <p class='ocr_par' dir='ltr' id='par_1_119' title="bbox 2013 5379 3675 5475">
     <span class='ocr_line' id='line_1_119' title="bbox 2013 5379 3675 5475; baseline 0.011 -28"><span class='ocrx_word' id='word_1_924' title='bbox 2013 5405 2226 5447; x_wconf 86' lang='lat' dir='ltr'><strong>cussus</strong></span> <span class='ocrx_word' id='word_1_925' title='bbox 2268 5406 2404 5446; x_wconf 87' lang='lat' dir='ltr'><strong>sum</strong></span> <span class='ocrx_word' id='word_1_926' title='bbox 2456 5389 2609 5447; x_wconf 86' lang='lat' dir='ltr'><strong>sicut</strong></span> <span class='ocrx_word' id='word_1_927' title='bbox 2660 5391 2911 5461; x_wconf 87' lang='lat' dir='ltr'><strong>locusta.</strong></span> <span class='ocrx_word' id='word_1_928' title='bbox 2961 5379 3199 5475; x_wconf 68' lang='lat' dir='ltr'><strong>Adjuva</strong></span> <span class='ocrx_word' id='word_1_929' title='bbox 3244 5409 3365 5471; x_wconf 88' lang='lat' dir='ltr'><strong>me,</strong></span> <span class='ocrx_word' id='word_1_930' title='bbox 3419 5390 3675 5465; x_wconf 61' lang='grc' dir='ltr'><strong>Βοωὶηθ</strong></span> 
     </span>
    </p>
   </div>
   <div class='ocr_carea' id='block_1_120' title="bbox 2014 5472 3677 5567">
    <p class='ocr_par' dir='ltr' id='par_1_120' title="bbox 2014 5472 3677 5567">
     <span class='ocr_line' id='line_1_120' title="bbox 2014 5472 3677 5567; baseline 0.004 -31"><span class='ocrx_word' id='word_1_931' title='bbox 2014 5481 2170 5538; x_wconf 88' lang='lat' dir='ltr'><strong>Deus</strong></span> <span class='ocrx_word' id='word_1_932' title='bbox 2188 5474 2693 5550; x_wconf 80' lang='lat' dir='ltr'><strong>mens,etsalvum</strong></span> <span class='ocrx_word' id='word_1_933' title='bbox 2708 5497 2811 5565; x_wconf 80' lang='lat' dir='ltr'><strong>me</strong></span> <span class='ocrx_word' id='word_1_934' title='bbox 2822 5483 2917 5541; x_wconf 89' lang='lat' dir='ltr'><strong>fac</strong></span> <span class='ocrx_word' id='word_1_935' title='bbox 2933 5472 3180 5567; x_wconf 80' lang='lat' dir='ltr'><strong>propter</strong></span> <span class='ocrx_word' id='word_1_936' title='bbox 3192 5472 3677 5564; x_wconf 64' lang='lat' dir='ltr'><strong>misericordiam</strong></span> 
     </span>
    </p>
   </div>
   <div class='ocr_carea' id='block_1_121' title="bbox 2016 5560 3675 5661">
    <p class='ocr_par' dir='ltr' id='par_1_121' title="bbox 2016 5560 3675 5661">
     <span class='ocr_line' id='line_1_121' title="bbox 2016 5560 3675 5661; baseline 0.003 -12"><span class='ocrx_word' id='word_1_937' title='bbox 2016 5574 2203 5649; x_wconf 75' lang='lat' dir='ltr'><strong>tuam-</strong></span> <span class='ocrx_word' id='word_1_938' title='bbox 2236 5570 2515 5661; x_wconf 64' lang='lat' dir='ltr'><strong>Romae</strong></span> <span class='ocrx_word' id='word_1_939' title='bbox 2544 5560 2852 5655; x_wconf 49' lang='lat' dir='ltr'><strong>servatae.</strong></span> <span class='ocrx_word' id='word_1_940' title='bbox 2882 5560 3313 5661; x_wconf 45' lang='lat' dir='ltr'><strong>[elevem</strong></span> <span class='ocrx_word' id='word_1_941' title='bbox 3331 5560 3675 5661; x_wconf 49' lang='lat' dir='ltr'><strong>tamen:</strong></span> 
     </span>
    </p>
   </div>
   <div class='ocr_carea' id='block_1_122' title="bbox 2019 5658 3757 5743">
    <p class='ocr_par' dir='ltr' id='par_1_122' title="bbox 2019 5658 3757 5743">
     <span class='ocr_line' id='line_1_122' title="bbox 2019 5658 3757 5743; baseline -0.003 -19"><span class='ocrx_word' id='word_1_942' title='bbox 2019 5664 2329 5735; x_wconf 82' lang='lat' dir='ltr'><strong>sermones</strong></span> <span class='ocrx_word' id='word_1_943' title='bbox 2344 5664 2351 5669; x_wconf 83' lang='lat'><em>&#39;</em></span> <span class='ocrx_word' id='word_1_944' title='bbox 2364 5658 2546 5729; x_wconf 71' lang='lat' dir='ltr'><strong>tuas.-</strong></span> <span class='ocrx_word' id='word_1_945' title='bbox 2566 5660 2781 5723; x_wconf 73' lang='lat' dir='ltr'><strong>Revela</strong></span> <span class='ocrx_word' id='word_1_946' title='bbox 2831 5658 3037 5742; x_wconf 73' lang='lat' dir='ltr'><strong>oculos</strong></span> <span class='ocrx_word' id='word_1_947' title='bbox 3073 5668 3283 5743; x_wconf 67' lang='lat' dir='ltr'><strong>meos,</strong></span> <span class='ocrx_word' id='word_1_948' title='bbox 3305 5666 3368 5728; x_wconf 85' lang='lat' dir='ltr'><strong>et</strong></span> <span class='ocrx_word' id='word_1_949' title='bbox 3404 5658 3681 5728; x_wconf 71' lang='lat' dir='ltr'><strong>consider</strong></span> <span class='ocrx_word' id='word_1_950' title='bbox 3746 5730 3757 5739; x_wconf 28' lang='grc' dir='ltr'><em>Ι</em></span> 
     </span>
    </p>
   </div>
  </div>
