2080 3093
251 65 320 92 1455

567 62 595 90 S.
607 61 794 89 PRUDENTH
807 60 996 89 TRECENSIS
1022 59 1176 88 EPISCOPI
1192 59 1407 88 BREVIARIUM
1431 59 1467 87 lN
1483 58 1642 87 PSALMOS

1898 59 1964 87 1456

249 125 327 154 rabo
340 124 491 154 mirabilia
504 124 542 151 de
560 123 626 159 lege
641 124 702 151 tua.
716 122 816 151 Incola
833 130 888 158 ego
902 131 970 151 sum
978 122 1008 150 in
1018 124 1075 150 ter-
1097 122 1121 148 A
1136 120 1262 149 malum.
1278 120 1400 149 Intende
1420 120 1450 149 in
1473 120 1673 148 humilitatem
1694 127 1808 156 meam,
1823 121 1895 157 quia
1910 120 1967 149 hu-

250 178 300 199 ra:
317 177 379 197 non
394 167 564 196 abscondas
579 176 597 195 a
620 175 669 195 me
684 167 829 195 mandata
848 169 910 195 tua.
929 167 1080 196 Conﬁrma

250 223 310 249 me,
326 213 461 247 Domine,
477 212 508 241 in
522 212 713 241 sermonibus
726 212 793 240 tuis.
813 212 899 240 Viam
914 211 1079 248 iniquitatis

240 267 358 296 amove
373 266 391 286 a
405 266 465 293 me,
474 259 503 286 et
516 257 554 286 de
563 257 628 292 lege
639 259 689 285 tua
698 257 837 285 miserere
851 256 1025 285 mei.Deduc
1032 263 1080 284 me

253 304 284 332 in
300 303 440 331 semitam
475 301 689 330 mandatorum
719 303 852 334 tuorum,
883 301 955 338 quia
981 301 1079 337 ipsam

249 347 342 376 volui.
358 347 470 375 lnclina
485 354 538 374 cor
552 354 654 374 meum
668 346 699 374 in
714 346 886 374 testimonia
900 347 962 380 tua,
978 347 1080 374 etnon

250 392 282 420 in
295 391 464 420 avaritiam.
480 392 585 419 Averte
600 390 703 418 oculos
715 399 809 424 meos,
819 398 856 418 ne
869 390 988 418 videant
998 389 1081 417 vani-

250 438 351 465 tatem.
364 438 395 464 ln
409 435 460 464 via
475 437 527 463 tua
540 435 660 463 viviﬁca
674 443 732 463 me.
750 435 849 463 Statue
861 439 947 462 servo
956 436 1007 462 tuo
1022 434 1080 462 elo-

249 481 356 517 quium
371 482 457 508 tuum
472 480 503 508 in
513 480 618 508 timore
634 481 694 508 tuo.
710 479 888 512 Bonitatem,
912 481 940 507 et
950 478 1080 515 discipli-

249 534 334 561 nam,
345 527 373 553 et
387 524 543 553 scientiam
553 524 629 552 doce
644 532 702 560 me,
719 524 791 561 quia
805 524 836 552 in
851 523 1004 551 mandatis
1022 523 1079 551 tuis

251 569 479 598 credidi.Bonus
495 577 526 597 es
541 569 720 603 tu,Domine,
733 571 760 597 et
767 568 797 596 in
804 568 936 596 bonitate
947 570 999 596 tua
1005 568 1079 595 doce

251 622 300 643 me
312 614 542 650 justiﬁcationes
557 616 634 642 tuas.
653 614 810 646 Fiatnunc,
821 612 1079 644 Domine,miseri-

249 658 356 687 cordia
373 660 435 692 tua,
447 660 479 686 ut
489 658 660 686 consoletur
682 665 731 686 me
742 657 910 685 secundum
925 656 1079 692 eloquium

251 705 339 731 tuum
351 710 435 730 servo
449 702 643 730 tuo.Veniant
661 702 734 730 mihi
748 701 955 729 miserationes
971 704 1041 733 tuae,
1052 703 1081 728 et

252 747 368 783 vivam,
376 747 449 783 quia
458 746 505 775 lex
521 748 573 774 tua
582 746 736 774 meditatio
750 754 818 773 mea
826 748 879 773 est.
888 745 950 773 Fiat
958 753 1010 773 cor
1019 753 1080 773 me-

1135 165 1268 193 miliatus
1284 174 1351 193 sum
1374 165 1473 193 nimis.
1495 164 1600 193 Libera
1612 172 1660 192 me
1673 172 1694 200 _a
1713 165 1968 201 persequentibus

1135 218 1194 244 me,
1208 210 1354 247 quoniam
1370 209 1529 238 confortati
1545 211 1615 237 sunt
1643 217 1734 246 super
1754 217 1814 237 me.
1831 209 1916 238 Educ
1930 210 1968 238 de

1135 263 1253 284 carcere
1268 256 1403 284 animam
1420 262 1531 290 meam,
1554 254 1594 283 ad
1618 254 1824 283 conﬁtendum
1848 255 1967 284 nomini

1135 302 1196 329 tuo.
1212 300 1347 328 Domine.
1364 301 1405 328 Me
1421 300 1597 336 exspectant
1609 299 1691 335 justi,
1707 299 1805 328 donec
1816 300 1967 329 retribuas

1135 344 1219 373 mihi.
1232 344 1368 378 Domine,
1389 343 1498 372 exaudi
1521 343 1688 372 orationem
1713 352 1815 372 meam
1828 353 1835 372 :
1848 345 1879 373 in
1895 345 1967 373 veri-

1134 390 1194 418 tate
1209 388 1318 417 exaudi
1338 397 1386 417 me
1420 388 1451 416 in
1474 390 1524 416 tua
1549 388 1685 424 justitia:
1715 391 1744 416 et
1766 396 1805 416 ne
1826 389 1920 417 intres
1934 389 1966 417 in

1132 434 1280 470 judicium
1296 442 1365 461 cum
1377 441 1463 461 servo
1475 435 1537 467 tuo,
1553 433 1625 469 quia
1635 440 1698 461 non
1712 433 1964 469 iustificabiturin

1135 480 1299 514 conspectu
1313 480 1364 506 tuo
1380 478 1479 506 omnis
1498 477 1611 506 vivens.
1629 477 1706 510 Quia
1722 480 1897 514 persecutus
1921 481 1965 506 est

1134 522 1273 551 inimicus
1283 523 1418 551 animam
1431 530 1542 556 meam,
1555 522 1723 550 humiliavit
1738 522 1769 550 in
1782 525 1860 550 terra
1872 522 1962 550 vitam

1134 574 1246 595 meam.
1262 566 1405 595 Velociter
1415 566 1521 595 exaudi
1537 574 1595 601 me,
1613 566 1736 595 Domine
1750 575 1757 599 ;
1772 566 1880 594 defecit
1902 567 1963 603 spi-

1134 611 1207 639 ritus
1218 619 1313 639 meus.
1333 613 1372 639 Ne
1387 613 1504 639 avertas
1519 611 1626 638 faciem
1641 613 1724 639 tuam
1737 619 1755 639 a
1780 619 1838 645 me,
1861 614 1889 639 et
1909 619 1961 639 ero

1134 655 1238 683 similis
1261 655 1511 684 descendentibus
1532 655 1563 683 in
1586 655 1697 684 lacum.
1722 656 1863 684 Auditam
1889 656 1962 684 mihi

1134 700 1181 729 fac
1196 708 1285 729 mane
1301 700 1538 728 misericordiam
1560 702 1653 728 tuam.
1683 701 1788 728 Notam
1815 701 1862 728 fac
1890 701 1963 728 mihi

1135 745 1215 773 viam
1230 745 1259 773 in
1275 753 1337 781 qua
1352 744 1516 780 ambulem,
1528 744 1601 781 quia
1612 744 1651 772 ad
1666 747 1703 778 te,
1720 745 1855 778 Domine,
1867 744 1961 772 levavi

251 799 305 819 um
320 790 548 819 immaculatum
568 790 599 817 in
615 790 672 818 tuis
684 789 959 825 justiﬁcationibus,
971 791 1003 817 ut
1018 797 1079 817 non
1095 796 1117 823 Β
1135 789 1270 818 animam
1281 798 1390 818 meam.
1408 789 1492 826 Eripe
1507 797 1555 817 me
1575 789 1612 817 de
1636 789 1763 817 inimicis
1790 789 1875 817 meis.
1906 790 1961 817 Do-

252 834 613 864 confundar.Humiliatus
626 842 695 862 sum
710 834 1078 871 usquequaque,Domine.

251 880 372 908 Viviﬁca
386 887 435 907 me
457 879 624 907 secundum
648 879 775 907 verbum
792 881 886 907 tuum.
908 879 1081 907 Voluntaria

252 923 312 952 oris
324 923 383 951 mei
397 923 585 960 beneplacita
599 923 655 957 fac,
666 923 800 959 Domine,
812 925 840 951 et
848 923 962 959 judicia
968 926 1017 952 tua
1026 923 1080 951 do-

252 976 286 996 ce
301 976 360 996 me.
373 968 496 1004 Suspice
505 976 554 996 me
563 967 729 996 secundum
741 968 895 1005 eloquium
906 968 1080 1002 tuum,etvi—

252 1021 333 1046 vam,
349 1015 378 1040 et
395 1021 433 1040 ne
451 1013 620 1041 confundas
636 1021 684 1040 me
707 1013 746 1041 ab
762 1013 983 1049 exspectatione
1004 1021 1079 1041 mea.

254 1057 371 1093 Adjuva
386 1065 445 1092 me,
459 1059 488 1085 et
500 1057 602 1085 salvus
615 1066 676 1091 ero,
695 1060 722 1085 et
732 1057 900 1085 meditabor
914 1057 943 1085 in
955 1057 1013 1085 tuis
1020 1057 1082 1093 jus-

252 1101 477 1130 tificationibus.
492 1104 548 1130 Fac
563 1110 632 1130 cum
648 1110 732 1130 servo
748 1105 799 1130 tuo
815 1102 981 1130 secundum
994 1102 1082 1130 mise-

253 1146 416 1175 ricordiam
431 1148 515 1175 tuam
536 1149 564 1175 et
586 1146 813 1182 justificationes
842 1149 909 1176 tuas
923 1147 998 1174 doce
1022 1154 1080 1174 me.

254 1192 361 1219 Servus
383 1193 452 1218 tuus
477 1199 545 1219 sum
568 1199 643 1226 ego:
668 1191 708 1220 da
730 1191 802 1219 mihi
830 1191 1021 1226 intellectum,
1051 1193 1083 1220 ut

255 1235 349 1264 sciam
356 1235 525 1264 testimonia
535 1236 723 1273 tua.Respice
731 1235 762 1264 in
771 1243 830 1270 mc,
839 1235 1013 1264 etmiserere
1023 1236 1083 1264 mei

256 1279 425 1307 secundum
454 1279 602 1314 judicium
636 1280 822 1315 diligentium
850 1288 963 1308 nomen
986 1282 1081 1308 tuum.

256 1323 380 1350 Gressus
393 1331 478 1351 meos
490 1323 584 1358 dirige
599 1324 766 1352 secundum
781 1324 934 1361 eloquium
947 1326 1084 1357 tuum,ut

256 1373 320 1394 non
334 1365 506 1394 dominetur
520 1367 580 1395 mei
594 1367 693 1395 omnis
704 1367 857 1403 injustitia.
869 1368 992 1396 Redime
1002 1376 1051 1396 me
1065 1376 1084 1396 a

254 1410 415 1439 calumniis
425 1411 595 1445 hominum,
611 1414 645 1440 ut
665 1412 835 1441 custodiam
855 1412 1001 1441 mandata
1020 1415 1080 1441 tua.

1135 834 1225 868 mine,
1247 834 1286 863 ad
1310 837 1337 862 te
1361 834 1493 869 confugi,
1510 834 1585 862 doce
1601 842 1649 861 me
1665 834 1761 862 facere
1776 833 1963 862 voluntatem

1136 881 1229 913 tuam,
1244 879 1316 915 quia
1331 881 1363 907 tu
1375 887 1407 906 es
1420 879 1497 906 Deus
1509 886 1604 912 meus,
1622 878 1763 914 Spiritum
1779 880 1849 905 tuus
1864 877 1963 906 bonus

1135 923 1262 951 deducet
1275 931 1323 951 me
1335 924 1366 951 in
1381 923 1461 951 viam
1471 925 1593 958 rectam,
1610 925 1732 959 propter
1747 930 1855 950 nomen
1863 925 1963 956 tuum,

1136 968 1270 1001 Domine,
1281 968 1445 996 viviﬁcabis
1459 975 1508 995 me
1524 967 1554 995 in
1565 967 1704 1003 aequitate
1724 969 1785 995 tua.
1803 969 1834 995 Et
1848 967 1963 995 educes

1136 1013 1173 1040 de
1188 1012 1378 1040 tribulatione
1389 1012 1523 1040 animam
1538 1019 1648 1046 meam,
1665 1013 1693 1039 et
1711 1011 1742 1039 in
1756 1011 1964 1040 misericordia

1136 1059 1188 1084 tua
1201 1056 1356 1093 disperdcs
1367 1056 1504 1084 inimicos
1515 1064 1610 1083 meos.
1630 1057 1661 1083 Et
1674 1055 1780 1092 perdes
1793 1064 1900 1083 omnes
1911 1056 1963 1091 qui

1137 1100 1279 1129 tribulant
1307 1100 1441 1128 animam
1461 1108 1571 1134 meam,
1594 1100 1739 1136 quoniam
1763 1107 1868 1127 servus
1892 1102 1963 1128 tuus

1138 1153 1204 1173 sum
1224 1153 1291 1181 ego.

1173 1190 1272 1219 Gloria
1287 1190 1374 1225 Patri,
1389 1192 1418 1218 et
1425 1190 1507 1225 Filio,
1516 1191 1545 1218 et
1557 1189 1677 1226 Spiritui
1686 1191 1798 1217 sancto.
1813 1189 1965 1217 Sicuterat

1138 1235 1169 1263 in
1183 1234 1342 1272 principio,
1356 1237 1385 1263 et
1400 1242 1492 1269 nunc,
1504 1237 1532 1263 et
1548 1242 1676 1270 semper,
1693 1236 1722 1262 et
1734 1234 1764 1262 in
1779 1233 1889 1262 saecula
1912 1242 1965 1261 sse-

1137 1280 1284 1308 culorum.
1302 1281 1407 1308 Amen.

1173 1324 1352 1352 Benedicam
1369 1324 1530 1352 Dominum
1544 1324 1575 1352 in
1583 1324 1667 1352 omni
1681 1326 1814 1360 tempore
1825 1333 1833 1351 :
1843 1331 1965 1359 semper

1136 1368 1203 1397 laus
1218 1369 1283 1404 ejus
1300 1368 1331 1396 in
1345 1376 1396 1397 ore
1415 1376 1494 1397 meo.
1510 1368 1573 1397 Tibi
1588 1368 1643 1397 soli
1656 1368 1790 1405 peccavi,
1805 1370 1834 1396 et
1848 1368 1962 1396 malum

1137 1420 1240 1441 coram
1255 1415 1282 1441 te
1293 1413 1349 1441 feci
1363 1412 1507 1441 Delicium
1517 1421 1620 1441 meum
1635 1413 1788 1448 cognitum
1802 1412 1852 1440 tibi
1865 1412 1963 1447 feci,et

254 1455 373 1483 Faciem
387 1457 471 1484 tuam
482 1455 620 1485 illumina
634 1464 725 1493 super
739 1465 859 1485 servum
873 1459 959 1486 tuum
974 1460 1002 1485 et
1008 1457 1083 1485 doce
1097 1471 1119 1498 ο
1137 1457 1314 1494 injustitiam
1329 1466 1429 1486 meam
1440 1465 1501 1486 non
1517 1457 1675 1486 abscondi.
1699 1457 1782 1486 Dixi:
1795 1457 1964 1485 Confitebor

253 1507 304 1528 me
316 1500 545 1536 justiﬁcationes
560 1503 638 1529 tuas.
654 1502 762 1530 Vocem
775 1510 875 1530 meam
889 1501 960 1530 audi
976 1510 1082 1530 secun-

253 1543 329 1572 dum
344 1544 583 1573 misericordiam
605 1547 699 1577 tuam,
716 1546 851 1581 Domine,
865 1548 893 1575 et
916 1546 1083 1575 secundum

250 1588 402 1624 judicium
412 1591 498 1618 tuum
512 1589 634 1618 viviﬁca
643 1598 702 1619 me.

291 1633 363 1661 Vide
372 1633 573 1663 humilitatem
583 1643 684 1664 meum
694 1637 723 1664 et
735 1635 815 1672 eripe
826 1644 884 1670 me,
901 1635 973 1672 quia
986 1635 1084 1671 legem

254 1678 340 1706 tuam
349 1686 412 1706 non
427 1687 496 1707 sum
512 1679 633 1707 oblitus.
647 1680 752 1708 Judica
761 1680 910 1716 judicium
934 1688 1037 1709 meum
1056 1682 1085 1709 et

253 1722 368 1751 redime
382 1731 432 1751 me
447 1732 453 1751 :
475 1725 599 1759 propter
621 1724 775 1761 eloquium
792 1727 877 1753 tuum
891 1725 1010 1753 viviﬁca
1024 1733 1083 1754 me.

253 1766 419 1803 Appropiet
442 1767 539 1795 oratio
553 1776 623 1797 mea
641 1769 673 1796 in
688 1771 855 1805 conspectu
869 1772 932 1805 tuo,
948 1770 1083 1804 Domine,

256 1810 426 1839 secundum
439 1811 593 1848 eloquium
609 1813 695 1841 tuum
704 1813 745 1841 da
754 1813 829 1842 mihi
843 1814 1084 1842 intellectum.ln~

255 1856 312 1883 tret
324 1854 488 1891 postulatio
503 1864 572 1885 mea
586 1857 617 1885 in
631 1860 795 1894 conspectu
809 1860 870 1892 tuo,
895 1859 1020 1887 Domine
1042 1868 1084 1888 se-

255 1899 388 1927 cundum
416 1900 571 1937 eloquium
596 1903 682 1930 tuum
705 1903 786 1940 eripe
814 1911 873 1931 me.
901 1904 1085 1933 Eructabunt

252 1942 335 1972 labia
345 1952 414 1973 mea
428 1945 589 1981 hymnum,
602 1954 672 1975 eum
687 1947 825 1976 docueris
839 1956 888 1977 me
901 1948 1085 1984 justiﬁcatio-

253 1995 308 2016 nes
323 1990 399 2017 tuas.
425 1990 634 2019 Pronuntiabit
655 1991 760 2027 lingua
785 2000 854 2022 mea
875 1993 995 2030 eloquia
1021 1995 1082 2028 tua,

253 2032 327 2068 quia
340 2033 444 2061 omnia
457 2034 603 2063 mandata
618 2037 669 2065 tua
678 2036 814 2072 aaquitas.
831 2037 1010 2067 Fiatmanus
1020 2040 1081 2072 tua,

253 2078 287 2104 ut
301 2076 419 2105 salvum
429 2085 478 2106 me
490 2078 590 2111 faciat,
605 2079 679 2116 quia
690 2081 836 2110 mandata
849 2084 901 2111 tua
915 2083 1000 2119 elegi.

291 2120 455 2158 Concupivi
470 2122 599 2152 salutare
622 2126 719 2161 tuum,
741 2126 876 2161 Domine,
905 2129 933 2157 et
960 2128 1008 2157 lex
1030 2131 1082 2159 tua

252 2164 409 2195 meditatio
423 2173 492 2195 mea
506 2169 559 2196 est.
572 2168 655 2197 Vivet
673 2169 776 2198 anima
795 2179 875 2204 mea,
896 2174 925 2200 et
946 2172 1082 2203 laudabit

252 2209 293 2245 te,
304 2211 334 2238 et
341 2209 457 2245 judicia
470 2213 522 2240 tua
536 2212 726 2249 adjuvabnnt
738 2223 797 2243 me.
814 2217 915 2246 Erravi
929 2217 1005 2247 sicut
1016 2220 1081 2248 ovis

251 2260 321 2299 quae
349 2255 488 2291 perierat.
521 2257 647 2294 Require
670 2267 791 2288 servum
823 2263 919 2298 tuum,
945 2263 1081 2299 Domine,

252 2298 325 2343 quia
337 2299 484 2329 mandata
499 2302 552 2329 tua
562 2309 624 2330 non
631 2310 699 2331 sum
709 2303 829 2333 oblitus.
842 2306 974 2336 Miserere
982 2309 1081 2343 nobis,

252 2342 389 2378 Domine,
418 2345 558 2374 miserere
586 2347 685 2383 nobis,
715 2349 789 2385 quia
819 2350 948 2380 multum
979 2353 1082 2390 repleti

251 2394 364 2436 sumus
385 2391 618 2436 contemptione.
644 2393 783 2430 Benefac,
813 2395 937 2425 Domine
959 2398 1080 2436 [bonis],

252 2430 282 2457 et
295 2432 383 2477 rectis
407 2433 508 2463 corde.
531 2436 686 2472 Converte,
716 2437 851 2474 Domine,
877 2430 1081 2477 captivitatem

251 2475 388 2522 uestram
407 2479 483 2508 sicut
493 2481 611 2509 torrens
626 2481 658 2510 in
667 2484 779 2511 austro.
795 2485 833 2512 De
849 2475 1079 2521 profundis,cla-

251 2519 391 2567 mavi
410 2522 447 2567 te,
467 2524 602 2561 Domine,
617 2526 754 2563 Domine,
775 2519 884 2558 exaudi
898 2519 1078 2561 vocemlme-

252 2568 326 2612 am:
342 2562 426 2612 Fiant
452 2572 540 2594 aures
564 2571 622 2597 tum
648 2562 835 2601 intendentes
855 2573 885 2602 in
912 2576 1079 2605 orationem

251 2609 328 2634 servi
341 2609 635 2658 tuizln‘quac-unque
651 2615 700 2644 die
715 2616 896 2647 invocavero
915 2622 953 2654 te,
970 2621 1079 2650 exaudi

250 2658 323 2702 me‘:
338 2652 552 2702 multiplicabis
559 2656 593 2702 in
607 2659 709 2689 anima
729 2669 799 2691 mea
826 2652 967 2693 virtutem
983 2668 1077 2702 tuam,

251 2697 280 2722 et
292 2695 388 2725 deduc
404 2707 463 2746 me,
480 2699 614 2732 Domine,
631 2702 661 2729 in
677 2704 726 2733 via
738 2708 858 2737 aeterna.
875 2710 965 2746 Pone,
977 2695 1077 2740 Domi:

250 2743 479 2786 pe,_cus‘tog~iam
495 2745 538 2773 ori
559 2754 639 2781 meo,
656 2750 684 2775 et
711 2750 821 2779 ostium
846 2743 1076 2786 circumstantiae

250 2782 336 2812 labiis
467 2774 682 2850 ωάεοιίἱιέέ
694 2774 1074 2837 σόἶιῖἑιιιῖἶῖξᾭῖέιξξ

1138 1502 1299 1530 adversum
1325 1510 1373 1531 me
1404 1502 1581 1537 injustitiam
1596 1510 1698 1530 meam
1725 1501 1870 1535 Domino;
1890 1503 1919 1529 et
1931 1504 1963 1530 tu

1136 1547 1276 1576 remisisti
1291 1547 1474 1584 impietatem
1498 1547 1612 1583 peccati
1638 1546 1707 1575 mei.
1723 1548 1778 1575 Pro
1792 1546 1850 1574 hac
1863 1546 1965 1574 orabit

1137 1591 1177 1620 ad
1202 1593 1229 1619 te
1244 1591 1344 1620 omnis
1361 1593 1481 1620 sanctus
1505 1591 1536 1619 in
1562 1594 1697 1628 tempore
1724 1590 1963 1628 opportuno.'l‘u

1138 1638 1249 1665 autem.
1264 1636 1400 1672 Domine,
1415 1636 1553 1664 miserere
1566 1636 1642 1669 mei;
1660 1638 1688 1664 et
1702 1635 1847 1664 resuscita
1860 1642 1921 1670 me,
1934 1636 1963 1662 et

1138 1681 1303 1709 retribuam
1318 1681 1372 1709 eis.
1396 1683 1427 1708 In
1443 1680 1501 1709 hoc
1518 1680 1647 1716 cognovi
1672 1679 1819 1716 quoniam
1842 1678 1965 1707 voluisti

1138 1734 1198 1759 me,
1212 1725 1356 1762 quoniam
1372 1733 1433 1754 non
1450 1724 1594 1760 gaudebit
1615 1724 1755 1753 inimicus
1774 1731 1863 1751 meus
1875 1730 1965 1760 super

1139 1778 1197 1799 me.
1213 1772 1254 1799 Me
1269 1772 1369 1798 autem
1390 1771 1511 1806 propter
1534 1769 1738 1797 innocentiam
1753 1768 1922 1805 suscepisti,
1937 1769 1966 1796 et

1138 1814 1322 1843 conﬁrmasti
1334 1815 1405 1850 [me]
1418 1814 1448 1842 in
1464 1815 1626 1850 conspectu
1641 1815 1693 1842 tuo
1707 1813 1737 1841 in
1751 1813 1963 1841 mternumBe.

1138 1859 1275 1888 nedictus
1290 1858 1435 1887 Dominus
1451 1859 1527 1886 Deus
1539 1858 1627 1886 lsrael
1637 1866 1656 1886 a
1665 1857 1775 1885 smculo
1787 1859 1817 1885 et
1829 1864 1925 1894 usque
1934 1856 1964 1884 in

1138 1903 1292 1932 saeculum.
1310 1903 1381 1939 Fiat,
1396 1903 1457 1931 ﬁat.
1470 1903 1502 1931 In
1516 1910 1625 1931 manus
1638 1904 1716 1936 tuas,
1733 1901 1870 1936 Domine,
1885 1909 1965 1929 com-

1138 1948 1249 1975 mendo
1269 1947 1405 1984 spiritum
1426 1955 1537 1975 meum.
1566 1946 1726 1975 Redemisti
1751 1954 1811 1978 me,
1841 1945 1963 1973 Domine

1138 1993 1216 2020 Deus
1229 1992 1361 2020 veritatis
1374 2000 1381 2026 ;
1396 1991 1477 2020 salus
1485 1999 1554 2020 mea
1563 1991 1601 2019 de
1613 1998 1708 2019 manu
1720 1990 1850 2025 Domini,
1863 1992 1890 2018 et
1904 1989 1964 2024 glo-

1138 2037 1182 2065 ria
1195 2045 1263 2065 mea
1275 2036 1307 2064 in
1316 2038 1481 2072 conspectu
1494 2036 1553 2064 Dei.

1327 2108 1454 2140 omne
1465 2109 1500 2136 IN
1513 2106 1774 2139 TRIBULATIONE

1172 2175 1200 2203 Si
1216 2177 1284 2204 ante
1297 2174 1401 2204 oculos
1416 2177 1494 2210 tuos,
1509 2175 1643 2210 Domine,
1661 2174 1767 2211 culpas
1788 2181 1863 2210 quas
1889 2169 1966 2200 feciv

1136 2228 1215 2256 mus,
1231 2223 1259 2249 et
1285 2220 1392 2257 plagas
1405 2228 1483 2257 quas
1500 2220 1675 2257 excipimus,
1692 2219 1893 2250 conferamus,
1907 2217 1963 2245 mi.

1135 2273 1193 2293 nus
1203 2268 1247 2294 est
1260 2265 1343 2302 quod
1357 2266 1499 2302 patimur,
1519 2265 1618 2301 majus
1632 2266 1679 2292 est
1693 2263 1777 2301 quod
1800 2269 1961 2291 meremur.

1136 2309 1252 2339 Peccati
1263 2318 1385 2346 poenam
1400 2309 1556 2345 sentimus,
1568 2311 1595 2337 et
1606 2307 1751 2345 peccandi
1764 2304 1962 2344 pertinaciam

1135 2361 1198 2383 non
1207 2354 1347 2383 vitamus.
1365 2356 1396 2382 ln
1408 2353 1533 2389 ﬂagellis
1545 2354 1603 2382 tuis
1613 2352 1757 2388 fragilitas
1769 2354 1874 2380 nostra
1884 2350 1966 2378 fran-

1135 2398 1223 2434 gitur,
1237 2401 1266 2428 et
1279 2398 1421 2435 iniquitas
1434 2406 1496 2427 non
1511 2399 1654 2426 mutatur.
1677 2398 1757 2425 Mens
1775 2398 1889 2431 regrota
1903 2397 1964 2423 tor-

1134 2445 1252 2480 quetur,
1269 2445 1296 2472 et
1311 2443 1410 2471 cervix
1424 2442 1501 2471 dura
1515 2450 1577 2471 non
1599 2441 1804 2470 flectitur.Vita
1814 2440 1845 2468 in
1860 2438 1964 2467 dolore

1135 2488 1275 2525 suspirat,
1300 2490 1328 2517 et
1354 2491 1454 2517 tamen
1485 2487 1516 2516 in
1546 2495 1636 2524 opere
1659 2494 1721 2515 non
1750 2493 1781 2514 se
1810 2483 1963 2512 emendat.

1134 2532 1163 2561 Si
1181 2535 1346 2570 exspectas,
1365 2540 1427 2561 non
1458 2531 1654 2567 corrigimur;
1681 2531 1705 2558 si
1728 2529 1876 2561 vmdicas,
1902 2535 1964 2555 non

1134 2577 1292 2606 duramus.
1310 2576 1494 2606 Conﬁtemur
1517 2575 1548 2604 in
1564 2575 1762 2612 correptione,
1786 2572 1870 2610 quod
1897 2572 1964 2600 feci-

1133 2622 1441 2656 mus;obliviscimur
1455 2621 1486 2649 in
1510 2620 1679 2648 visitatione
1705 2617 1788 2655 quod
1812 2617 1963 2645 ﬂevimus.

1132 2667 1162 2694 Si
1175 2666 1364 2703 impresseris
1379 2674 1517 2700 manum,
1542 2664 1679 2693 facienda
1704 2660 1964 2700 promittimus;si

1132 2711 1328 2749 suspenderis
1362 2710 1509 2746 gladium,
1546 2708 1695 2746 promissa
1729 2715 1791 2736 non
1824 2706 1963 2734 facimus.

1131 2756 1160 2784 Si
1186 2756 1288 2791 ferias,
1315 2755 1482 2788 clamanus,
1510 2757 1541 2782 ut
1569 2760 1697 2790 parcas;
1726 2751 1748 2780 si
1772 2758 1892 2788 parcas,
1917 2749 1965 2777 ite

1132 2811 1200 2839 ιιιῃῃ
1216 2803 1243 2829 te
1255 2809 1456 2839 provocamus
1471 2802 1504 2833 ut
1517 2799 1616 2832 ferias.
1625 2798 1655 2826 Si
1670 2796 1816 2834 angustiae
1830 2795 1962 2826 veniunt.
