4160 6186
304 486 435 540 1457

1578 473 2013 533 BREVIARIUM
2062 476 2129 532 ΙΝ
2174 474 2493 532 ΡεΑωίοδ

3596 472 3733 529 1458

301 611 535 677 tempus
564 602 827 676 petimus
852 599 1208 673 paenitendi;
1239 598 1287 656 si
1308 598 1717 655 misericordia
1747 598 1959 655 subve-
1989 607 2036 660 Α
2068 597 2364 655 latronem
2401 597 2463 654 in
2502 611 2677 654 cruce
2699 594 3087 653 conﬁtentem
3116 593 3174 651 et
3201 587 3275 651 de
3305 607 3480 651 cruce
3510 594 3592 651 ad
3620 612 3731 669 pa-

302 695 444 755 niat,
473 691 781 749 abutimur
809 688 1098 763 patientia
1124 704 1262 761 quas
1290 689 1574 761 pepercit.
1604 687 1955 761 Adhucpla-

299 800 374 853 ga
402 781 568 837 illata
596 780 696 835 vix
727 778 1007 852 praeterit,
1035 781 1092 834 et
1118 777 1250 848 jam
1280 792 1401 834 non
1432 776 1636 832 recolit
1658 792 1831 832 mens
1869 776 1955 832 in-

214 853 218 857 .
298 876 468 943 grata
492 869 660 943 quod
691 867 952 942 pertulit.
987 867 1045 925 Si
1070 867 1240 923 citius
1272 883 1383 923 nos
1404 865 1716 928 exaudias,
1744 882 1817 921 ex
1842 865 1954 921 mi-

297 958 619 1016 sericordia
648 956 1068 1014 insolescimus
1098 974 1110 1023 ;
1137 956 1185 1011 si
1208 955 1453 1023 tardius,
1486 970 1560 1011 ex
1582 953 1958 1028 impatientia

296 1062 768 1104 murmuramus.
802 1048 892 1115 I‘e,
920 1044 1191 1114 Domine,
1215 1043 1493 1100 volumus
1522 1058 1759 1099 servare
1788 1042 1956 1115 quod

294 1137 523 1205 feceris,
558 1152 679 1191 non
727 1135 1009 1191 timemus
1029 1133 1328 1205 negligere
1353 1132 1517 1205 quod
1542 1131 1811 1203 jusseris.
1844 1132 1954 1187 Ha-

293 1225 422 1291 bes,
455 1224 728 1288 Domine,
762 1223 1116 1279 eoniitentes
1143 1238 1316 1278 reos:
1370 1237 1570 1293 parce,
1624 1219 1771 1294 quia
1817 1219 1955 1293 pius

293 1330 377 1369 es.
412 1312 695 1369 Novimus
725 1312 910 1385 quod,
932 1311 1049 1367 nisi
1070 1310 1353 1378 dimittas,
1386 1315 1542 1366 recte
1570 1325 1684 1365 nos
1711 1308 1949 1383 punias.

294 1402 409 1458 Sed
435 1401 597 1474 apud
629 1406 680 1457 te
697 1407 783 1456 est
809 1401 997 1457 multa
1017 1400 1318 1457 miseratio
1337 1405 1394 1456 et
1412 1397 1757 1472 propitiatio
1783 1413 1953 1471 pera-

293 1492 604 1547 bundaus.
632 1494 851 1546 Prmsta
881 1490 1007 1545 sine
1036 1490 1246 1545 merito
1297 1488 1464 1562 quod
1502 1503 1812 1559 rogamus,
1847 1486 1952 1558 qui

294 1580 483 1636 fecisti
510 1596 581 1635 ex
602 1579 787 1635 nihilo
817 1579 921 1651 qui
955 1584 1005 1634 te
1028 1585 1327 1648 rogarent.
1383 1575 1794 1635 Clamantibus
1850 1590 1953 1629 au-

297 1672 418 1723 tem
448 1666 622 1723 nobis
644 1666 721 1723 ad
746 1672 817 1731 te,
847 1667 1114 1728 Domine,
1150 1666 1449 1721 miserere.
1470 1667 1698 1721 Moveat
1726 1660 1954 1717 miseri-

297 1755 567 1811 cordiam
600 1759 765 1811 tuam
788 1771 902 1810 vox
932 1754 1125 1810 ﬁdelis
1154 1760 1210 1809 et
1237 1752 1471 1817 ﬂebilis,
1515 1756 1695 1824 atque
1726 1749 1827 1806 illa
1854 1749 1953 1820 (de

296 1861 423 1917 qua
447 1848 632 1900 totum
663 1845 994 1917 speramus)
1027 1844 1216 1917 pietas
1245 1858 1371 1899 non
1398 1845 1633 1914 reputet
1678 1837 1844 1912 quod
1871 1836 1955 1894 ot-

2063 686 2337 742 radisum
2369 689 2780 742 transeuntem
2812 682 3080 755 aspicio;
3113 700 3253 739 cum
3303 685 3557 740 Mariam
3594 691 3731 758 post

2065 775 2287 831 multas
2332 774 2651 831 criminum
2710 773 2920 844 culpas
2953 772 3115 827 fonte
3155 773 3389 845 pietatis
3432 773 3722 843 ablutam,

2066 879 2206 919 cum
2236 867 2471 919 Petrum
2497 868 2635 936 post
2660 862 3045 931 negationem
3067 862 3442 932 apostolatus
3471 864 3725 935 gratiam

2065 969 2455 1026 recuperasse
2484 952 2741 1009 intueor.
2790 950 2904 1008 Sed
2942 966 3111 1021 rogo,
3162 950 3482 1009 ineﬂ‘abilis
3510 953 3722 1025 pietas,

2066 1045 2132 1097 ut
2158 1041 2263 1114 qui
2294 1041 2370 1097 de
2393 1041 2571 1097 tantis
2600 1040 2892 1113 exemplis
2922 1055 3294 1112 praesumere
3336 1039 3595 1110 donasti,
3629 1058 3725 1113 ge-

2065 1130 2247 1187 mitus
2262 1130 2593 1203 publicani,
2627 1130 3067 1186 confessionem
3111 1129 3381 1202 latronis,
3421 1130 3723 1205 lacrymas

2064 1219 2390 1277 meretricis
2436 1220 2732 1293 ﬂetusque
2781 1218 3056 1285 negantis
3110 1219 3367 1291 apostoli
3395 1222 3718 1279 concedas.

2065 1310 2110 1366 Ο
2139 1310 2413 1382 Domine,
2439 1309 2487 1366 si
2512 1309 2750 1380 ﬂagello
2777 1307 3093 1382 temporali
3124 1308 3348 1367 scelera
3374 1326 3514 1369 mea
3532 1312 3724 1369 vindi-

2063 1398 2262 1455 canda
2316 1398 2671 1471 provideris,
2721 1397 3099 1471 lacrymosus
3149 1397 3408 1471 imploro
3456 1405 3521 1458 ut
3570 1400 3721 1459 dum

2064 1492 2271 1542 contra
2300 1487 2431 1543 haec
2452 1487 2639 1543 iratus
2665 1487 2940 1557 desaevis,
2970 1502 3207 1561 semper
3235 1488 3297 1544 in
3351 1489 3439 1545 ira
3487 1490 3719 1547 miseri-

2062 1574 2281 1630 cordia:
2311 1574 2663 1630 recorderis.
2708 1577 2897 1639 Quem
2954 1575 3115 1629 enim
3162 1574 3379 1647 diligis,
3428 1578 3717 1650 corripis;

2063 1661 2332 1732 ﬂagellas
2362 1667 2563 1719 autem
2593 1678 2838 1719 omnem
2869 1662 3059 1718 lilium
3086 1679 3271 1735 quem
3317 1665 3552 1738 recipis.
3587 1666 3720 1732 Qui-

2062 1749 2179 1806 bus
2204 1750 2491 1808 nimirum
2520 1750 2736 1819 verbis,
2769 1751 2876 1808 etsi
2906 1752 3075 1821 virga
3105 1753 3510 1824 percussionis
3532 1755 3721 1812 mina-

2062 1844 2178 1913 tur,
2208 1846 2496 1914 paternus
2524 1847 2726 1898 tamen
2757 1841 2992 1915 pietatis
3023 1842 3275 1898 aﬂ’eetus
3325 1848 3714 1901 monstratur.

294 1932 621 1998 fendimus,
654 1932 801 1988 dum
849 1932 1089 2005 respicit
1142 1930 1311 2004 quod
1360 1945 1682 2001 rogamus:
1724 1932 1782 1984 et
1811 1942 1952 1984 cum
1983 1949 2027 2003 Β
2064 1931 2148 1986 Da
2167 1946 2311 2001 ergo
2333 1930 2486 1987 inter
2508 1930 2749 2002 ﬂagella
2768 1930 3166 2001 tolerantiam,
3191 1948 3266 1987 ne
3293 1934 3717 1990 murmuratio-

292 2020 544 2091 grandis
569 2021 644 2077 sit
668 2020 908 2077 miseria
921 2036 1049 2077 esse
1070 2035 1182 2077 nos
1205 2035 1365 2088 reos,
1390 2018 1586 2089 major
1614 2015 1720 2073 tibi
1746 2015 1820 2071 sit
1838 2015 1953 2071 cle-

290 2111 522 2167 mentia
569 2126 699 2167 esse
747 2126 859 2166 nos
896 2109 1171 2166 miseros.
1205 2112 1328 2167 Tuo
1360 2107 1661 2181 supplices
1705 2104 1951 2177 auxilio,

291 2202 432 2254 ante
465 2203 516 2255 te
543 2202 600 2255 et
623 2198 888 2255 criminis
913 2198 1102 2256 nostri
1144 2198 1304 2255 mala
1346 2197 1631 2270 ponimus
1682 2199 1741 2251 et
1787 2193 1953 2250 dolo-

290 2304 413 2355 res,
445 2291 555 2343 ate
584 2286 888 2359 precando
908 2286 1381 2343 misericordiam
1410 2286 1621 2359 (quam
1641 2282 1952 2357 peccando

291 2374 651 2447 repulimus)
682 2382 1122 2449 exspectamus.
1155 2379 1467 2432 Praestetur
1514 2374 1608 2430 his
1637 2372 1713 2428 de
1757 2369 1953 2428 indul-

295 2465 498 2535 gentia
521 2464 689 2537 quod
717 2465 950 2534 rogaris
980 2465 1271 2537 accipere,
1306 2480 1462 2537 quos
1490 2461 1771 2532 agnoscis
1800 2460 1954 2515 ﬁdu-

295 2552 452 2608 ciam
482 2553 558 2607 de
590 2568 702 2607 sua
727 2552 957 2623 justitia
985 2569 1109 2609 non
1140 2552 1384 2609 habere.
1415 2551 1579 2620 Erige
1618 2567 1730 2606 nos
1755 2548 1954 2605 Domi-

295 2658 371 2696 ne
413 2642 565 2696 Deus
613 2646 835 2706 noster,
873 2646 930 2697 et
956 2641 1149 2697 alleva
1179 2642 1239 2697 in
1290 2640 1704 2697 misericordia
1735 2644 1856 2709 tua,
1888 2643 1954 2693 ut

297 2728 723 2784 communione
750 2728 956 2785 salutis
979 2735 1036 2786 et
1066 2729 1291 2800 gaudio
1317 2729 1643 2800 charitatis,
1672 2727 1821 2784 dum
1867 2726 1955 2800 ip-

297 2816 345 2872 si
377 2816 596 2872 salvari
626 2833 696 2872 ex
724 2834 972 2875 munere
1005 2823 1106 2875 tuo
1149 2817 1446 2892 cupimus,
1503 2816 1683 2874 etiam
1729 2814 1849 2872 ﬁde
1896 2818 1954 2871 et

291 2920 441 2977 pace
463 2910 817 2962 cunctarum
847 2906 1117 2977 gentium
1148 2906 1546 2976 gaudeamus.
1574 2908 1701 2961 Per.

870 3034 983 3087 PIA
1033 3032 1381 3088 PRECATIO

366 3154 436 3193 EX
466 3152 734 3194 LONGIORE
780 3153 1062 3194 ORATIONE
1094 3153 1294 3194 SANCTI
1338 3152 1602 3194 AIBROSH
1632 3152 1877 3193 EPISCOPI

365 3264 449 3319 Te
477 3268 807 3355 amatorem
840 3263 1247 3355 Ecelesizetuaa
1277 3263 1587 3355 deprecor,
1631 3266 1804 3355 Deus,
1836 3278 1948 3355 pro
1975 3302 2016 3355 ο

296 3351 710 3408 sacerdotibus
735 3354 883 3423 ejus,
913 3358 976 3409 ut
1003 3352 1202 3410 verbis
1251 3351 1430 3409 simul
1460 3357 1517 3408 et
1544 3352 1770 3409 meritis
1812 3352 1946 3409 vita;

293 3439 589 3513 populum
620 3440 735 3496 sibi
779 3440 1069 3498 creditum
1104 3441 1183 3497 ad
1226 3441 1527 3497 caelestem
1569 3441 1828 3514 patriam
1862 3440 1948 3497 in-

290 3528 495 3584 vitent.
523 3531 632 3585 Pre
653 3529 920 3601 regibus,
952 3529 1231 3596 ducibus,
1256 3534 1314 3586 et
1340 3528 1413 3585 iis
1445 3528 1549 3602 qui
1572 3529 1633 3585 in
1679 3528 1949 3586 sublimi-

292 3620 408 3673 tate
439 3616 616 3689 positi
646 3622 803 3689 sunt,
845 3622 909 3674 ut
937 3622 1135 3691 patres
1172 3618 1607 3691 orphanorum,
1639 3622 1694 3674 et
1710 3618 1946 3690 judices

289 3704 612 3762 viduarum
640 3707 995 3779 semetipsos
1016 3706 1377 3763 exhibeant:
1414 3706 1666 3762 miseriis
1689 3707 1946 3781 inopum

290 3797 349 3849 et
373 3793 692 3863 gemitibus
718 3810 1057 3867 pauperum
1083 3794 1358 3851 doleant:
1388 3794 1473 3850 nil
1504 3794 1620 3851 nisi
1635 3796 1801 3867 quod
1819 3796 1946 3869 jus-

291 3885 419 3936 tum
448 3885 535 3938 est
560 3881 621 3938 in
646 3882 874 3954 judicio
915 3888 1229 3956 quaerant;
1279 3882 1485 3956 sicque
1528 3882 1947 3943 administrent

292 3969 622 4040 praesentia,
650 3986 724 4026 ne
762 3970 1037 4028 amittant
1087 3970 1250 4027 bona
1278 3970 1498 4028 futura.
1540 3972 1653 4028 Pro
1707 3972 1945 4044 virgini-

292 4056 428 4122 bus,
461 4059 919 4129 continentibus,
952 4077 1023 4117 ac
1065 4060 1297 4117 mundo
1344 4061 1848 4135 renuntiantibus,
1884 4068 1947 4120 ut

290 4149 610 4220 praesentia
637 4148 989 4222 despiciant,
1013 4150 1213 4207 futura
1257 4152 1601 4223 requirant:
1646 4167 1722 4206 ne
1753 4168 1815 4207 se
1845 4168 1945 4208 ne-

290 4234 467 4306 gotiis
493 4236 878 4294 saecularibus
906 4238 1233 4313 implicent,
1258 4244 1322 4295 ut
1343 4238 1447 4295 tibi
1478 4238 1798 4295 militantes
1818 4240 1945 4313 pla-

288 4330 465 4382 ceant
491 4325 587 4381 cui
612 4342 674 4383 se
704 4327 1133 4400 probaverunt.
1155 4331 1263 4385 Pro
1291 4328 1649 4400 conjugatis,
1672 4333 1735 4385 ut
1760 4330 1841 4385 sic
1872 4331 1946 4387 si-

287 4414 350 4469 bi
371 4414 631 4471 invicem
652 4415 851 4473 carnis
865 4416 1137 4474 debitum
1176 4416 1432 4488 solvant,
1471 4432 1547 4473 ne
1577 4433 1614 4473 a
1643 4416 1943 4477 desiderio

290 4501 496 4574 patriae
549 4503 801 4561 caelestis
842 4506 1195 4562 exorbitant.
1239 4504 1355 4563 Sed
1383 4505 1531 4578 quid
1569 4522 1704 4577 ago.
1748 4507 1943 4563 Domi-

290 4590 412 4646 ne?
440 4591 622 4657 Quasi
648 4591 870 4649 oblitus
921 4598 1305 4666 peccatorum
1347 4610 1621 4651 meorum
1652 4610 1764 4668 pro
1811 4594 1941 4650 aliis

288 4692 461 4733 orare
488 4679 841 4751 praesumo?
874 4681 917 4737 Ο
947 4696 1131 4753 quam
1163 4683 1224 4737 in
1250 4680 1456 4737 multis
1485 4680 1709 4738 oﬂ‘endi
1759 4686 1942 4754 atque

287 4766 531 4824 oﬂ‘endo
557 4766 570 4823 ι
601 4768 717 4825 Sed
748 4784 873 4826 non
922 4769 1194 4843 subrepit
1242 4770 1599 4845 desperatio,
1648 4786 1787 4828 cum
1826 4787 1939 4845 pu-

283 4854 595 4913 blicanum
640 4855 702 4914 in
744 4859 968 4932 templo
1019 4858 1411 4931 justiﬁcatum
1462 4860 1745 4929 attendo;
1802 4876 1941 4918 cum

2062 2018 2157 2074 nis
2195 2023 2391 2087 notas,
2418 2024 2484 2075 ut
2512 2018 2708 2075 malus
2734 2036 2962 2087 servus,
2994 2019 3297 2076 incurram
3325 2038 3338 2077 :
3369 2020 3478 2077 sed
3498 2022 3713 2092 magis,

2060 2106 2238 2179 quasi
2262 2106 2462 2163 bonus
2490 2107 2676 2172 ﬁlius,
2709 2108 3038 2178 gratiarum
3064 2109 3329 2165 actiones
3359 2110 3711 2183 rependam.

2062 2194 2215 2251 Illud
2244 2195 2424 2252 etiam
2453 2211 2820 2269 magnopere
2852 2201 2990 2271 peto
3019 2202 3084 2253 ut
3112 2197 3274 2253 diem
3301 2198 3521 2262 obitus,
3553 2199 3714 2256 diem

2062 2283 2310 2339 extremi
2326 2283 2557 2355 judicii,
2577 2284 3028 2342 damnationem
3045 2285 3250 2342 aeterni
3277 2286 3716 2359 supplicii,bea~

2062 2371 2502 2445 titudinemque
2544 2374 2712 2443 regni
2757 2374 2960 2441 futuri,
3018 2390 3256 2447 semper
3314 2375 3711 2432 meminerim.

2061 2460 2231 2525 Quod
2257 2477 2433 2517 nemo
2462 2461 2867 2519 indesinenter
2886 2469 3100 2536 potest,
3146 2463 3262 2519 nisi
3292 2464 3396 2537 qui
3423 2464 3501 2521 ad
3532 2465 3711 2521 vitam

2059 2550 2500 2623 praeordinatus
2533 2555 2623 2608 est
2647 2556 2957 2608 aeternum.
2984 2555 3050 2608 Et
3080 2557 3145 2609 ut
3180 2552 3393 2610 eﬂicax
3420 2553 3549 2609 haec
3577 2571 3715 2610 mea

2063 2638 2137 2693 sit
2154 2638 2515 2711 deprecatio,
2530 2639 2721 2696 beatae
2743 2641 2945 2696 Mariae
2974 2641 3219 2711 virginis
3242 2642 3529 2712 suﬂragia
3552 2649 3711 2715 peto.

2063 2729 2258 2793 Quam
2280 2728 2421 2783 tanti
2446 2729 2639 2785 meriti
2662 2746 2792 2785 esse
2821 2730 3030 2798 fecisti,
3044 2735 3109 2786 ut
3128 2731 3324 2803 prima
3344 2731 3495 2787 inter
3511 2731 3716 2788 mulie-

2060 2832 2155 2872 res
2185 2832 2411 2873 novum
2436 2834 2657 2873 munus
2682 2818 2940 2880 offerret,
2974 2824 3031 2875 et
3076 2818 3243 2875 nulla
3277 2812 3493 2891 praeter
3516 2821 3713 2894 ipsam

2061 2909 2183 2960 tam
2215 2920 2439 2960 novum
2482 2905 2794 2979 acciperet.
2828 2909 3062 2961 Novum
3091 2906 3314 2962 scilicet
3343 2923 3566 2963 munus
3591 2909 3713 2981 pri-

2059 3012 2162 3051 ma
2190 2995 2447 3063 oﬂ‘erret,
2471 3002 2537 3052 ut
2554 3011 2853 3069 puerpera
2878 2996 3049 3065 virgo
3078 3002 3520 3069 perseveraret;
3544 2998 3714 3057 nulla

2057 3089 2272 3155 printer
2294 3085 2492 3159 ipsam
2513 3091 2635 3143 tam
2657 3102 2883 3142 novum
2902 3085 3215 3159 acciperet,
3241 3090 3298 3142 et
3316 3091 3453 3160 post
3470 3091 3711 3160 partum

2057 3172 2228 3245 virgo
2254 3179 2542 3232 maneret.
2592 3173 3015 3248 Apostolorum
3065 3174 3555 3232 intercessionem
3604 3176 3713 3232 im-

2058 3262 2251 3334 ploro,
2322 3264 2427 3337 qui
2490 3264 2902 3321 beatissimam
2979 3263 3324 3321 Mediatoris
3392 3270 3711 3338 pauperta-

2058 3356 2176 3407 tem
2209 3353 2462 3426 ejusque
2508 3353 2823 3427 passiones
2880 3352 3132 3423 vestigia
3186 3352 3572 3426 insequentes
3630 3354 3710 3411 ad

2058 3444 2290 3497 tantum
2316 3441 2684 3498 celsitudinis
2723 3441 2963 3498 culmen
2999 3447 3415 3513 pervenerunt,
3457 3446 3519 3498 ut
3541 3458 3709 3516 quae-

2056 3545 2295 3603 cunque
2319 3531 2574 3602 ligarent
2620 3547 2800 3605 super
2847 3536 3065 3589 terram
3112 3536 3312 3587 essent
3338 3530 3522 3601 ligata
3562 3536 3620 3588 et
3646 3532 3708 3589 in

2055 3618 2241 3687 caelis,
2271 3625 2453 3694 atque
2481 3621 2781 3679 solverent
2808 3637 2988 3694 super
3020 3625 3235 3678 terram
3267 3626 3463 3678 essent
3516 3621 3711 3678 soluta

2053 3708 2183 3766 etin
2210 3710 2408 3780 costis;
2441 3717 2622 3784 atque
2654 3711 2715 3767 in
2742 3710 3021 3767 extremis
3066 3710 3339 3767 sederent
3363 3727 3546 3785 super
3564 3710 3711 3767 duo-

2053 3798 2249 3854 decim
2280 3800 2549 3866 thronos,
2576 3799 2920 3870 judicantes
2951 3799 3273 3855 duodecim
3299 3799 3489 3855 tribus
3510 3799 3705 3856 Israel.

2055 3887 2375 3959 Martyrum
2423 3902 2631 3960 preces
2674 3886 2959 3958 deposco,
3013 3885 3116 3957 qui
3147 3902 3256 3958 pro
3300 3885 3558 3942 Veritate
3584 3904 3708 3943 non

2052 3973 2403 4031 dubitarunt
2456 3974 2814 4045 sanguinem
2861 3972 3133 4036 fundere,
3195 3989 3305 4028 nec
3373 3973 3709 4031 dilexerunt

2052 4063 2289 4120 animas
2318 4080 2460 4119 suas
2487 4079 2677 4135 usque
2699 4063 2776 4119 ad
2804 4067 3082 4131 mortem,
3112 4066 3177 4118 ut
3221 4061 3428 4118 mortis
3458 4078 3706 4134 supera-

2051 4157 2184 4208 rent
2226 4156 2554 4208 auctorem.
2591 4151 3014 4209 Confessorum
3041 4150 3343 4207 orationes
3373 4150 3705 4222 expostulo,

2050 4239 2155 4313 qui
2187 4239 2345 4296 bella
2376 4239 2653 4296 tentantis
2675 4239 2918 4308 inimici,
2940 4239 3089 4294 dum
3117 4239 3212 4312 pie
3232 4239 3499 4295 viverent
3519 4238 3581 4294 in
3609 4254 3706 4295 ca-

2051 4329 2271 4388 tholica
2297 4345 2466 4403 pace.
2500 4329 2595 4385 vel
2635 4329 2815 4386 etiam
2862 4329 3278 4386 hmretieorum
3320 4327 3705 4386 conﬂictatio-

2050 4435 2191 4476 nem
2212 4419 2507 4476 diuturno
2537 4418 2861 4477 certamine
2882 4418 3274 4491 protulerunt,
3300 4422 3505 4491 atque,
3526 4422 3590 4473 ut
3608 4432 3705 4472 ve-

2050 4524 2185 4562 rum
2215 4506 2437 4579 dicam,
2470 4507 2759 4577 longioris
2788 4506 3123 4580 occultique
3168 4506 3437 4579 martyrii
3467 4505 3704 4579 palmas

2050 4600 2428 4667 acceperunt.
2474 4594 2725 4663 Talium,
2756 4594 3006 4652 Domine
3058 4597 3233 4659 Deus,
3282 4610 3490 4667 preces
3545 4609 3703 4650 nun-

2049 4700 2236 4756 quam
2267 4683 2521 4754 spernis,
2545 4683 2592 4738 si
2627 4689 2688 4740 ut
2718 4700 2827 4755 pro
2861 4700 2956 4739 me
2986 4688 3252 4751 exorent,
3275 4683 3403 4756 ipse
3452 4682 3702 4756 inspira-

2049 4771 2239 4828 veris:
2282 4771 2387 4844 qui
2435 4771 2495 4827 in
2534 4771 2857 4827 aeternitate
2905 4771 3152 4844 perenni
3197 4770 3349 4827 vivis
3398 4774 3456 4827 et
3483 4786 3701 4842 regnas

2049 4864 2267 4917 cuncta
2290 4875 2398 4933 per
2418 4859 2638 4917 saecula
2656 4864 2712 4917 et
2730 4860 2790 4916 in
2810 4859 3096 4917 omnibus
3119 4858 3350 4916 saeculis
3380 4863 3590 4917 Amen.

3324 5961 3417 6017 Μ’
